2269 3448
379 197 434 225 126

630 234 675 256 ΙΑΗ

425 275 488 297 latitat.
507 286 535 289 —
553 273 665 296 interfecit
682 272 842 295 adversarium
855 272 944 300 fugien-

378 317 423 336 tem
442 314 487 335 684
505 320 516 335 3

425 354 491 375 11151115
508 365 537 368 —
556 354 590 374 est
608 352 688 374 viridis
710 351 794 373 coloris
819 350 864 372 604
881 356 894 371 a
912 362 942 366 -

379 392 486 420 designat
503 392 628 419 Martyrum
645 390 775 412 virilitatem
793 389 847 412 ibid.

425 432 488 453 {nom
501 443 530 447 —
542 433 595 453 sunt
607 431 765 458 phantasmata
778 435 883 451 errorum
898 427 943 449 637

377 477 390 493 a
402 483 433 487 —
445 473 499 493 sunt
516 469 663 498 turpissimae
680 468 855 496 imaginationes
871 467 916 489 652
930 465 944 488 0

426 510 557 532 tnotomrm
568 521 598 525 -
608 511 642 531 est
653 508 694 537 qui
706 508 773 530 alium
787 513 857 536 quam
871 507 944 528 Deum

379 549 460 572 adorat
478 548 522 570 207
541 548 555 570 b
567 560 598 564 —-
609 550 662 570 sunt
678 552 759 569 omnes
776 546 944 574 amplexatores

379 588 532 611 mundialium
551 587 712 615 cupiditatum,
724 586 763 614 qui
781 588 813 607 tot
830 584 890 606 idola
908 585 945 606 ha-

379 627 447 655 bent,
464 630 521 656 quot.
538 626 622 649 habent
639 625 746 647 denarios
764 624 804 646 211
828 623 842 645 b

427 667 524 689 letuxttntt
542 678 573 682 --
590 665 649 693 Quid
669 664 803 691 designetur
820 663 842 684 111
860 662 944 684 ieiunio

380 706 463 734 llloysi,
481 705 541 727 Eliae
559 708 581 726 et
605 703 686 726 Christi
714 703 758 725 635
776 702 791 724 0
808 714 839 717 —-
856 701 944 723 Adven-

380 748 429 772 tus,
446 744 539 773 quando
556 746 579 766 et
595 749 636 765 cur
653 742 780 764 institutum
802 740 869 763 fuerit
886 740 915 761 32
933 745 945 761 3

428 785 532 806 1311310115
548 795 578 799 -
595 781 749 804 sanctificatus
772 782 806 802 est
831 780 854 801 in
880 782 945 801 utero

379 823 425 845 703
443 829 455 844 3

427 862 514 884 lemene
532 874 561 877 —
579 861 741 888 interpretatur
762 859 817 881 luna
839 858 889 880 sive
906 857 946 880 de-

381 902 453 924 fectus
470 901 515 922 398
534 899 548 922 1)
565 912 596 916 -
614 899 667 921 Ε105
690 898 830 920 habitatores
847 903 891 919 non
909 903 946 919 va-

380 941 472 963 luerunt
489 940 595 962 resistere
613 944 655 960 nec
668 939 748 965 fugere
761 943 815 965 prae
829 936 947 964 tepiditate

381 983 403 1002 et
420 980 503 1002 tImore
529 978 573 1001 400
599 978 614 1000 b
631 990 662 994 —
680 976 823 999 Habitatores
848 976 947 1003 lericho‚

381 1019 433 1041 licet
449 1020 553 1040 carerent
570 1023 629 1046 aqua
647 1016 709 1039 dulei
725 1018 747 1038 et
759 1018 818 1038 terra
837 1014 948 1040 11011313-

382 1064 436 1080 men
453 1063 519 1080 suam
538 1056 701 1079 habitationem
715 1055 827 1083 optimam
844 1054 948 1076 aestima-

382 1097 437 1119 bant
454 1096 508 1119 z'bz'd.
526 1109 555 1112 -—
572 1096 679 1123 designat
696 1095 787 1122 lapsum
802 1093 889 1122 peccati
902 1093 947 1115 398

382 1136 406 1159 b.
425 1137 469 1158 400
487 1142 507 1163 a,
526 1135 539 1157 b

433 1177 542 1198 lunossoattt
569 1187 599 1191 —
624 1174 698 1196 veniet
716 1173 745 1195 ad
763 1172 875 1195 iudicium
895 1177 949 1194 cum

384 1215 509 1237 idololatris
525 1214 555 1236 72
573 1220 584 1235 3

431 1255 551 1276 1030501311
568 1265 598 1269 -
615 1252 778 1280 interpretatur
802 1251 860 1273 visio
886 1250 949 1278 pacis

385 1293 414 1316 25
433 1293 454 1315 b.
473 1294 518 1315 303
542 1299 562 1315 a.
578 1292 622 1314 398
641 1291 662 1313 b.
682 1292 726 1313 399
744 1297 764 1313 3.
782 1291 827 1319 718
847 1289 861 1312 1)
878 1289 949 1311 —in

384 1333 461 1355 medio
488 1335 561 1354 terrae
583 1335 618 1354 est
641 1331 714 1359 posita
733 1331 776 1352 323
797 1329 811 1351 b
828 1342 858 1346 —
876 1329 949 1357 posita

384 1375 418 1394 est
436 1372 492 1394 inter
510 1377 573 1393 mare
590 1370 731 1393 occidentale
756 1374 777 1391 et
794 1368 949 1396 amphitritem

384 1411 414 1433 ad
431 1411 542 1433 orientem
560 1409 615 1432 ibid.
634 1422 664 1426 ·-
682 1412 727 1431 tota
750 1408 791 1430 fuit
814 1408 906 1430 incensa
929 1409 951 1429 et

384 1451 500 1473 destructa
519 1450 563 1472 386
582 1455 601 1470 a.
622 1448 665 1470 427
686 1447 709 1470 1).
731 1448 774 1470 428
795 1453 806 1469 3
827 1460 858 1463 —
881 1446 951 1468 modo

385 1492 513 1512 constructa
532 1492 566 1510 est
583 1492 643 1511 extra
662 1490 751 1515 portam
770 1487 815 1508 386
833 1492 854 1508 a.
873 1486 917 1508 427
936 1485 950 1507 0
967 1491 968 1497 ¹

386 1542 415 1544 —
434 1529 478 1551 N‘os
494 1534 576 1550 sumus
601 1528 659 1549 sicut
681 1527 803 1549 Ierusalem
830 1524 950 1548 combusta

386 1571 408 1590 et
424 1568 533 1596 dissipata
552 1567 597 1589 504
616 1566 630 1588 b

433 1620 463 1623 —-
480 1608 585 1635 designat
606 1606 730 1628 Ecclesiam
759 1605 803 1627 135
829 1604 852 1627 b.
876 1604 919 1626 248
938 1610 950 1625 3

385 1659 416 1663 -
433 1647 539 1675 gaudens
556 1646 585 1669 de
602 1645 734 1668 liberatione
753 1645 852 1667 filiorum
871 1650 898 1666 ex
915 1649 950 1665 ca-

386 1687 489 1715 ptivitate
506 1688 541 1708 est
558 1686 632 1714 ftgura
650 1685 764 1707 Ecclesiae
782 1683 905 1712 gaudentis
922 1683 952 1705 de

386 1726 520 1748 liberatione
534 1725 633 1747 filiorum
646 1730 658 1746 e
671 1723 741 1746 limbo
755 1723 782 1745 48
796 1729 808 1745 3
821 1735 850 1738 —
863 1721 952 1744 Habita-

388 1769 448 1788 tores
474 1765 595 1787 ierusalem
621 1763 743 1791 designant
767 1762 895 1790 Religiosos
920 1761 952 1783 di-

388 1804 480 1832 gniores
497 1803 614 1826 influentia
632 1802 730 1830 Spiritus
742 1803 765 1824 S.
780 1801 824 1823 334
837 1807 849 1823 a
863 1813 890 1816 —
904 1804 952 1822 erat

388 1844 452 1866 locus
479 1843 609 1871 dIgnitatis‚
633 1841 800 1867 deliciositatis,
825 1840 953 1863 securitatis

388 1883 432 1905 398
451 1882 465 1904 1)
483 1895 513 1898 —
535 1882 630 1909 Propter
656 1882 712 1903 haec
736 1880 844 1908 designat
868 1882 952 1902 statum

388 1922 531 1944 innocentiae
548 1920 603 1943 ibid.
622 1933 653 1937 —
671 1921 712 1942 lter
734 1920 756 1941 in
775 1919 896 1941 ierusalem
914 1918 953 1941 de-

388 1961 465 1989 signat
482 1966 617 1988 processum
635 1959 725 1981 animae
743 1959 765 1980 in
785 1959 857 1980 Deum
876 1958 911 1979 vel
930 1958 953 1979 in

389 2000 476 2023 bonum
496 2000 539 2022 406
557 2006 569 2021 3

437 2053 467 2055 -
484 2039 549 2061 beata
574 2039 709 2066 designatur
732 2044 773 2066 per
798 2040 913 2065 montem,
931 2036 953 2058 in

390 2086 437 2108 quo
455 2079 631 2106 transfiguratus
648 2081 682 2099 est
699 2077 802 2099 Christus
820 2077 865 2098 219
888 2082 900 2098 3
923 2089 953 2091 -

390 2118 473 2141 Montis
480 2124 517 2140 sex
527 2117 680 2145 proprietates
690 2116 833 2144 applicantur
842 2116 870 2137 ad
880 2115 954 2143 ipsam

392 2157 421 2180 it).
440 2157 454 2179 b
474 2170 501 2173 —
521 2157 578 2179 Vide
595 2157 663 2178 etiam
684 2157 710 2178 V.
728 2154 832 2178 Caelum.

438 2198 496 2219 1115115
513 2209 543 2212 -
561 2196 724 2223 interpretatur
742 2195 847 2216 Salvator
877 2194 918 2216 135
943 2200 955 2215 a

389 2236 602 2263 —interpretatur
624 2235 686 2257 salus
715 2234 756 2256 173
783 2234 805 2256 b.
833 2233 878 2255 404
895 2239 907 2255 3
927 2246 955 2249 —

390 2275 499 2298 aviditate
516 2274 661 2303 appetendus
678 2277 712 2296 est
733 2273 777 2296 405
795 2279 807 2295 3
824 2285 855 2289 -
872 2273 956 2301 (lignus

391 2318 425 2337 est
440 2314 514 2337 laudis
531 2314 655 2342 praeconio
669 2313 713 2335 404
726 2319 737 2335 a
750 2325 780 2329 —
793 2313 870 2335 Nullus
882 2315 957 2340 potest

391 2360 533 2382 cognoscere
550 2354 658 2376 virtutem
678 2354 739 2380 lesu,
757 2352 800 2374 nisi
818 2352 916 2380 Spiritus
933 2353 955 2374 S.

392 2400 445 2416 eum
463 2393 575 2415 illuminet
593 2392 637 2413 394
656 2391 670 2413 b

440 2445 469 2448 —
488 2432 575 2454 N'omen
595 2431 643 2453 lesu
661 2431 781 2453 innotescit
798 2429 864 2452 nobis
880 2433 957 2458 poten·

394 2472 422 2494 tia
441 2471 574 2493 mirabiliter
592 2471 713 2496 influente,
730 2469 849 2491 clementia
872 2469 958 2491 miseri-

392 2511 492 2534 corditer
518 2510 663 2538 indulgente,
693 2509 776 2531 iustitia
806 2508 958 2531 inflexibiliter

395 2551 510 2573 iudicante
528 2549 572 2572 140
585 2549 599 2571 b
616 2561 648 2565 -
665 2549 751 2570 Nomen
770 2549 818 2570 lesu
837 2551 871 2570 est
887 2554 958 2576 super

394 2590 469 2612 omnia
488 2589 629 2614 amandum,
647 2588 805 2610 venerandum
832 2592 853 2609 et
871 2587 959 2609 deside-

393 2629 492 2651 randum
512 2628 540 2650 49
559 2628 573 2650 b
592 2641 619 2643 ——
638 2628 725 2649 Nomen
744 2628 792 2649 lesu
810 2630 844 2648 est
861 2626 958 2648 admira-

394 2668 439 2690 bile
457 2670 551 2695 proptcr
570 2667 695 2695 potentiam
709 2667 841 2688 influentem
854 2666 882 2688 ad
896 2672 959 2687 mun-

394 2707 449 2729 dum
479 2706 650 2734 fabricandum⁷

394 2746 496 2768 nandum
513 2745 549 2767 141
566 2752 577 2767 3
591 2758 621 2762 -
638 2745 724 2767 Nomen
743 2746 791 2766 lesu
810 2748 844 2766 est
861 2743 960 2766 amabile

395 2789 489 2812 propter
516 2785 661 2807 clementiam
692 2784 853 2811 indulgentem
882 2783 960 2806 remis-

395 2825 483 2846 sionem
496 2824 608 2846 scelerum
617 2842 622 2851 ‚
635 2824 772 2846 infusionem
785 2823 959 2850 charismatum,

396 2863 583 2890 adimpletionem
607 2862 774 2885 desideriorum
801 2861 855 2885 itst'd.
873 2875 902 2878 —
920 2862 960 2884 No·

396 2908 448 2924 men
468 2903 514 2924 lesu
538 2905 572 2924 est
595 2901 695 2924 terribile
719 2904 814 2929 propter
835 2901 960 2923 sublimita-

398 2944 442 2963 tem
460 2941 570 2967 dominii,
587 2941 733 2963 severitatem
757 2940 797 2962 zeli
815 2942 838 2962 et
854 2940 960 2963 stabilita-

398 2982 443 3001 tem
462 2980 539 3002 iudicii
556 2979 584 3002 it).
603 2986 622 3008 a,
640 2979 655 3001 b

679 2705 854 2732 sustinendum,
877 2704 960 2732 guber·
975 2727 976 2731 ,

1024 284 1054 287 -
1071 271 1158 293 Nomen
1181 271 1230 292 lesu
1252 272 1287 292 est
1311 268 1420 291 omnibus
1445 274 1541 290 venera-

978 310 1033 339 bite,
1051 309 1204 333 desiderabile
1221 312 1242 331 et
1259 309 1371 335 amabile,
1383 308 1438 337 quia
1449 311 1483 330 est
1494 307 1541 335 glo·

978 350 1064 372 riosum
1073 366 1078 376 ,
1096 349 1222 377 gratiosum
1231 366 1236 376 ,
1248 348 1379 376 speciosum
1388 365 1393 375 ,
1407 353 1540 374 amoenum,

977 388 1128 415 odorificum,
1146 388 1295 414 deliciosum,
1313 387 1448 414 opulentum
1467 386 1511 407 140
1529 392 1540 407 3

979 440 1008 443 —-
1025 428 1113 450 Nomen
1137 428 1185 449 lesu
1208 430 1242 449 est
1259 426 1395 452 mirificum,
1413 425 1541 453 gloriosum

978 470 1000 489 et
1017 467 1144 494 gratiosum
1168 469 1262 494 propter
1287 465 1411 487 duodecim
1434 465 1542 491 effectus,

978 512 1037 535 quos
1055 505 1162 533 producit
1180 505 1209 527 49
1227 504 1250 526 b.
1268 505 1297 526 50
1315 510 1327 526 a

1024 557 1056 561 —-
1073 545 1161 567 Nomen
1184 545 1233 566 lesu
1260 542 1395 565 admirabile
1420 545 1454 564 est
1476 548 1543 564 vene-

978 584 1076 606 randum
1100 583 1228 610 humiliter,
1251 582 1407 604 invocandum
1434 581 1543 608 fideliter,

978 622 1163 645 benedicendum
1190 621 1290 643 hilariter
1316 621 1352 643 141
1374 627 1387 643 3
1405 633 1435 637 -
1456 621 1544 642 Nomen

979 662 1028 684 lesu
1041 661 1140 684 terribile
1153 662 1214 683 favet
1224 659 1401 683 assentientibus
1413 666 1454 687 per
1466 660 1544 686 fidem,

979 700 1176 729 interpellantibus
1189 706 1231 728 per
1243 706 1317 728 spem,
1329 698 1545 727 obtemperantibus

979 746 1021 768 per
1038 740 1155 762 caritatem
1173 739 1203 762 it).
1221 739 1236 761 b
1253 752 1283 754 —
1301 739 1388 761 Nomen
1414 739 1462 760 10511
1486 743 1546 759 ama-

979 779 1025 802 bile
1052 779 1171 807 diligimus
1195 778 1300 801 faeiendo
1317 784 1359 806 pro
1377 778 1427 805 ipso
1445 776 1547 799 laudabi-

979 819 1021 846 lia,
1038 818 1170 846 spernendo
1193 818 1331 844 mundialia,
1348 817 1481 839 sustinendo
1505 819 1545 838 ter·

980 857 1053 881 ribilia
1071 857 1100 881 ib.
1118 864 1130 880 a

1029 898 1128 920 lGNATttJS
1146 909 1174 912 —-
1192 897 1216 919 ln
1234 896 1305 919 corde
1317 896 1367 918 eius
1380 895 1499 918 inventum
1513 898 1547 917 est

981 943 1065 959 nomen
1083 937 1131 958 lesu
1149 936 1231 959 Christi
1249 935 1329 958 litteris
1346 935 1421 957 aureis
1433 935 1546 962 scriptum

981 976 1026 998 594
1045 982 1057 998 3

1030 1015 1085 1037 lutus
1108 1027 1140 1031 -
1157 1017 1232 1042 potest
1256 1013 1410 1040 considerari,
1428 1016 1496 1040 prout
1513 1015 1547 1034 est

981 1054 1065 1081 carbo,
1083 1055 1188 1081 flamma,
1206 1054 1242 1076 lux
1261 1054 1305 1075 182
1323 1060 1335 1075 a
1352 1065 1383 1069 —
1405 1052 1474 1075 habet
1492 1052 1547 1074 luci-

982 1094 1090 1121 ditatetn,
1107 1093 1259 1121 caliditatem,
1277 1092 1400 1120 agilitatem
1420 1091 1460 1114 341
1485 1091 1499 1113 b
1517 1104 1545 1107 —-

982 1136 1106 1161 generatur
1123 1133 1269 1155 materialiter
1286 1139 1312 1154 ex
1334 1132 1456 1154 reflexione
1474 1131 1547 1153 radio·

982 1179 1034 1195 rum
1052 1173 1105 1195 solis
1130 1172 1159 1194 ad
1181 1178 1266 1200 corpus
1291 1177 1391 1199 opacum
1409 1175 1431 1193 et
1447 1171 1545 1193 solidum

984 1212 1028 1234 629
1048 1211 1062 1233 1)
1078 1224 1109 1228 ·-
1127 1218 1173 1233 non
1191 1211 1264 1233 uritur
1281 1211 1323 1233 nisi
1350 1211 1370 1232 in
1389 1210 1460 1232 aliena
1478 1213 1547 1232 mate-

984 1251 1014 1273 ria
1034 1251 1078 1273 529
1098 1250 1111 1272 b
1128 1263 1159 1266 —
1176 1257 1222 1272 non
1235 1253 1308 1278 potest
1321 1250 1406 1271 durare
1418 1250 1467 1272 sine
1480 1249 1547 1276 lignis

985 1290 1029 1312 342
1056 1296 1067 1312 3
1094 1303 1124 1305 -
1141 1296 1169 1312 110
1191 1290 1293 1317 deficiat,
1312 1291 1461 1316 apponuntur
1487 1288 1547 1316 ligna

984 1330 1028 1351 288
1046 1336 1059 1351 3

1031 1382 1062 1384 -
1079 1367 1221 1391 comburens
1237 1368 1329 1390 diversa
1348 1368 1407 1395 ligna
1425 1366 1510 1394 colligit
1522 1372 1547 1388 ea

984 1408 1005 1430 in
1024 1408 1113 1430 cineres
1130 1407 1175 1429 509
1193 1414 1205 1429 3
1220 1420 1246 1422 -
1260 1407 1289 1429 ad
1307 1407 1383 1429 locum
1402 1407 1461 1434 ignis
1478 1406 1550 1428 tendit

985 1447 1030 1469 342
1048 1454 1060 1469 3
1078 1460 1107 1463 -
1125 1449 1212 1476 quanto
1229 1447 1281 1474 plus
1297 1446 1415 1474 spargitur
1431 1448 1454 1468 01
1465 1445 1550 1468 dividi-

985 1490 1034 1513 tur,
1052 1488 1114 1509 tanto
1133 1487 1184 1514 plus
1201 1486 1312 1508 minuitur
1329 1485 1374 1507 704
1394 1485 1407 1507 1)
1420 1497 1450 1501 -
1462 1487 1549 1513 quanto

985 1527 1037 1554 plus
1054 1526 1180 1553 adunatur,
1198 1526 1250 1553 plus
1267 1528 1431 1553 augmentatur
1447 1523 1502 1547 z'bz'cl.
1520 1537 1550 1540 —

985 1565 1137 1593 exstinguitur
1154 1565 1270 1592 lignorum
1288 1564 1458 1591 subtractione,
1476 1570 1550 1592 aquae

985 1605 1178 1632 superinfusione,
1196 1604 1258 1626 venti
1276 1604 1411 1632 perflatione
1428 1603 1473 1625 343
1491 1610 1503 1625 a

1032 1656 1063 1660 —
1079 1645 1170 1666 fervens
1186 1643 1286 1671 detergit
1308 1643 1337 1665 de
1355 1644 1414 1665 ferro
1433 1644 1508 1665 faeces
1529 1645 1551 1665 et

985 1683 1117 1711 rubiginem
1135 1683 1180 1705 558
1195 1682 1208 1704 1)
1225 1695 1256 1699 -
1273 1689 1328 1705 vasa
1346 1685 1419 1705 terrea
1436 1689 1481 1705 non
1499 1688 1551 1705 con-

985 1723 1067 1749 sumit,
1085 1723 1125 1745 sed
1149 1722 1275 1745 consolidat
1298 1722 1342 1744 344
1361 1722 1376 1744 b
1394 1735 1422 1738 -—
1441 1722 1505 1744 Laesi
1522 1721 1551 1743 ab

984 1762 1038 1790 igne
1055 1762 1186 1784 remedium
1208 1764 1322 1790 quaerunt
1343 1761 1372 1783 ab
1398 1761 1452 1789 igne
1474 1761 1518 1783 2⁵25
1539 1767 1551 1782 a

986 1814 1015 1817 —
1033 1804 1067 1823 est
1083 1801 1258 1823 acerbissImum
1272 1807 1345 1828 genus
1363 1800 1470 1823 tormenti
1482 1800 1526 1823 566
1540 1806 1552 1822 a

985 1853 1016 1857 —
1028 1841 1102 1868 pictus
1114 1840 1198 1863 nullius
1215 1842 1249 1862 est
1266 1840 1350 1862 valoris
1367 1843 1473 1867 respectu
1492 1839 1552 1867 ignis

986 1880 1036 1902 veri
1053 1880 1094 1902 541
1111 1887 1122 1902 a

1033 1932 1064 1936 -
1082 1920 1102 1941 ln
1121 1919 1206 1941 iudicio
1224 1919 1332 1941 ascendet
1350 1918 1409 1946 ignis
1426 1919 1553 1946 conflagra-

987 1959 1017 1981 tio
1035 1959 1064 1981 de
1081 1959 1208 1984 elemento,
1230 1958 1259 1980 de
1285 1957 1373 1980 inferno
1391 1960 1412 1979 ct
1438 1957 1467 1979 de
1493 1961 1552 1979 terra

987 1998 1015 2020 ad
1034 1998 1196 2026 purgationem
1214 1997 1338 2019 electorum
1362 2000 1384 2019 et
1401 1997 1429 2018 ad
1448 2003 1552 2018 consum-

988 2037 1073 2059 tionem
1091 2036 1246 2064 reproborum
1265 2035 1293 2057 34
1313 2042 1324 2057 a
1338 2048 1368 2052 —
1381 2038 1433 2063 post
1446 2036 1551 2058 ultimum

988 2077 1099 2099 iudicium
1126 2078 1228 2098 remanet
1253 2075 1416 2097 mundificatus
1441 2075 1492 2096 sine
1515 2081 1553 2102 po-

989 2116 1056 2138 tentia
1075 2115 1159 2143 agendi
1178 2115 1213 2136 vel
1232 2120 1256 2136 se
1274 2114 1439 2142 multiplicandi
1458 2114 1486 2136 35
1504 2120 1515 2135 a

1036 2168 1065 2171 —
1082 2154 1189 2182 designat
1205 2156 1316 2176 terrorem
1335 2153 1463 2175 severitatis
1476 2154 1520 2175 302
1539 2152 1554 2175 b

988 2207 1019 2211 -
1036 2194 1143 2222 designat
1159 2193 1276 2215 caritatem
1295 2192 1340 2215 248
1359 2192 1373 2214 b

1036 2246 1066 2249 —
1083 2233 1130 2255 Nisi
1147 2233 1199 2261 quis
1217 2233 1237 2254 in
1260 2238 1319 2261 aqua
1348 2232 1415 2254 fuerit
1432 2234 1554 2259 purgatus,

989 2273 1059 2296 debet
1076 2272 1189 2295 sustinere
1205 2274 1345 2294 tormentum
1370 2271 1392 2293 in
1410 2271 1463 2299 igne
1480 2271 1525 2293 656
1543 2277 1555 2292 a

990 2326 1019 2329 —
1029 2312 1182 2335 damnationis
1194 2314 1228 2333 est
1240 2310 1438 2338 inexstinguibilis,
1448 2310 1500 2339 quia
1512 2316 1555 2332 non

990 2352 1057 2374 ssatus
1075 2351 1185 2378 hominis,
1202 2351 1242 2373 sed
1261 2351 1300 2372 Dei
1319 2356 1371 2372 eum
1390 2350 1495 2372 accendit
1511 2349 1555 2371 344

991 2391 1005 2413 0
1023 2403 1053 2407 -
1070 2390 1225 2413 damnationis
1242 2393 1276 2412 est
1293 2389 1422 2411 horrendus
1440 2388 1485 2410 345
1502 2394 1513 2409 a
1528 2401 1556 2404 —

992 2430 1035 2459 Qui
1052 2436 1097 2452 non
1116 2430 1165 2451 vult
1182 2430 1204 2451 in
1223 2430 1283 2451 hunc
1302 2429 1379 2456 ignem
1398 2427 1555 2456 praecipitari,

992 2476 1085 2492 necesse
1104 2468 1172 2491 habet
1190 2468 1305 2491 humiliari
1323 2467 1377 2490 ibid.

1038 2521 1069 2525 —-
1086 2509 1107 2530 ln
1126 2508 1220 2530 homine
1237 2510 1271 2530 est
1288 2507 1348 2534 ignis
1365 2506 1490 2528 affectionis
1508 2512 1557 2527 cae—

991 2548 1054 2571 lestis
1071 2551 1093 2570 et
1110 2547 1235 2570 affectionis
1251 2546 1349 2569 carnalis
1367 2546 1411 2567 658
1429 2552 1441 2567 3
1458 2557 1490 2561 -
1505 2545 1556 2573 Quo

993 2587 1067 2615 magis
1084 2586 1234 2614 exstinguitur
1252 2586 1311 2613 ignis
1329 2585 1454 2611 terrestris,
1471 2590 1499 2606 eo
1512 2590 1557 2606 ma-

992 2627 1028 2654 gis
1044 2626 1177 2648 accenditur
1201 2625 1260 2653 ignis
1283 2624 1386 2647 caelestis
1411 2623 1509 2651 Spiritus
1531 2624 1554 2645 S.

993 2666 1038 2688 344
1056 2672 1068 2688 a

1040 2718 1070 2721 —-
1087 2704 1189 2727 Habetur
1207 2704 1285 2731 triplex
1303 2703 1363 2731 ignis
1381 2702 1467 2730 gratiae
1479 2705 1501 2724 et
1513 2702 1557 2724 cul-

994 2750 1036 2772 pae
1054 2744 1094 2766 341
1117 2750 1137 2765 a.
1155 2743 1200 2765 342
1218 2742 1233 2765 b
1249 2755 1280 2759 —
1297 2742 1387 2764 Primus
1399 2741 1468 2763 debet
1486 2741 1556 2768 tripli-

993 2783 1049 2805 citer
1066 2783 1159 2805 accendi
1168 2800 1174 2809 ,
1185 2782 1303 2805 secundus
1314 2781 1428 2808 exstingui
1441 2780 1485 2802 342
1498 2786 1518 2807 a,
1532 2780 1555 2802 b.

993 2822 1038 2844 343
1057 2828 1077 2849 3,
1095 2822 1110 2844 b
1122 2835 1150 2837 —
1164 2821 1265 2844 liabetur
1282 2821 1342 2848 ignis
1359 2826 1447 2848 poenae
1465 2818 1555 2841 tribula·

994 2861 1073 2888 tionis,
1098 2861 1137 2889 qui
1163 2864 1197 2883 est
1218 2860 1381 2886 sustinendus,
1407 2861 1429 2881 et
1451 2861 1556 2880 aeternae

993 2900 1161 2928 damnationis,
1178 2900 1218 2928 qui
1244 2902 1278 2922 est
1303 2898 1462 2921 formidandus
1478 2904 1504 2920 ex
1522 2897 1557 2919 tri-

994 2940 1045 2967 plici
1064 2945 1132 2961 causa
1151 2939 1195 2961 344
1213 2945 1234 2965 a,
1251 2938 1273 2960 b.
1292 2938 1337 2960 345
1349 2945 1361 2960 a
1374 2950 1405 2954 —
1418 2937 1477 2959 Vide
1488 2937 1556 2959 etiam

996 2979 1023 3001 V.
1041 2978 1152 3008 Infernas

923 193 1022 222 INDEX
1045 191 1285 221 ALPHABETlCUS
1306 191 1383 219 NONl
1407 189 1593 219 VOLUMlNlS.

1842 226 1888 249 ΙΜΡ

1621 267 1751 289 ΙοΝοηΑκτιΑ
1769 278 1800 282 -
1826 272 1867 294 per
1892 268 1982 288 noctem
2009 265 2141 293 intelligitur

1575 306 1604 327 29
1622 312 1634 328 a
1652 319 1680 321 —
1700 305 1805 333 procedit
1822 311 1834 327 a
1852 305 1932 333 triplici
1951 311 2019 327 eausa
2038 305 2066 326 69
2085 311 2096 326 3
2110 316 2141 321 -

1575 345 1640 367 Ratio
1658 345 1802 372 ignorantiae
1818 347 1852 366 est
1869 344 1980 372 gulositas
1992 345 2021 366 62
2035 343 2049 365 0
2063 356 2093 360 -
2104 350 2142 366 ex-

1575 387 1654 406 caecat
1670 384 1803 406 rationalem
1823 384 1862 406 131
1885 390 1897 405 3
1915 396 1945 400 -
1964 384 2069 406 Defectus
2086 383 2143 405 nott-

1576 423 1620 445 tiae
1647 423 1698 445 facit
1723 423 1943 451 incircumspectum
1970 424 1998 444 23
2023 422 2037 444 b
2054 435 2085 439 —
2103 423 2143 444 Sa-

1577 462 1661 490 pientia
1687 462 1766 485 divina
1792 462 1861 485 solvit
1886 463 2011 484 humanam
2036 462 2144 490 ignoran-

1577 501 1631 524 tiam
1650 502 1695 524 397
1713 501 1728 523 b

1626 542 1763 563 lttunttwarto
1781 553 1811 557 —
1828 541 1904 563 omnis
1921 541 2008 568 indiget
2033 540 2144 562 illumina-

1578 580 1638 602 tione
1655 579 1793 608 cognitionis
1809 580 1943 602 divinorum
1961 579 2006 601 555
2025 586 2037 601 a
2054 591 2085 596 --
2103 580 2144 602 Pet·

1578 620 1766 642 illuminationem
1784 619 1918 642 accedimus
1930 619 1958 641 ad
1972 622 2090 641 aeternam
2102 622 2144 641 sta-

1579 658 1689 681 bilitatem
1708 658 1752 681 504
1772 658 1786 681 0

1628 699 1754 720 1111110101τ10
1773 711 1800 714 —-
1820 698 1914 720 Difficile
1931 700 1965 720 est
1982 704 2021 720 cor
2038 701 2144 720 nostrum

1579 736 1609 759 ab
1628 737 1654 759 iis
1671 737 1787 759 custodire
1804 737 1913 760 intactum
1932 737 1977 759 652
1996 736 2010 759 b

1627 777 1694 799 timeo
1711 789 1741 792 —
1759 779 1793 799 est
1809 776 1935 799 similitudo
1948 776 1980 798 rei
1992 776 2087 798 interior
2099 775 2143 798 446

1580 821 1592 837 a
1609 828 1640 831 —
1656 816 1789 838 naturaliter
1814 817 1863 838 vult
1888 816 2011 838 assimilari
2036 815 2056 838 ei
2079 815 2145 838 cuius

1580 857 1615 877 est
1630 855 1709 882 imago
1736 855 1780 877 139
1806 861 1817 877 3
1842 867 1870 870 —
1893 861 1939 877 non
1956 855 2044 877 relucet
2060 854 2104 876 nisi
2122 855 2145 876 in

1580 900 1639 922 aqua
1657 895 1735 923 quieta
1752 893 1797 916 594
1815 893 1829 916 0

1627 946 1658 949 -
1675 933 1799 956 materialis
1815 940 1860 956 non
1878 933 1947 955 habet
1958 933 2059 956 eundem
2079 934 2146 955 facto-

1580 979 1642 1001 rem,
1661 973 1787 1001 pictorem,
1813 973 1991 995 illuminatorem
2018 972 2062 994 447
2086 979 2097 994 a
2115 984 2146 989 —

1580 1012 1658 1034 vestiri
1684 1012 1779 1040 dicitur,
1802 1017 1855 1034 cum
1882 1012 1996 1034 coloratur
2021 1011 2065 1033 448
2083 1011 2098 1033 b
2117 1024 2145 1027 —

1580 1052 1648 1073 etiam
1667 1051 1821 1079 pulcherrima
1835 1051 1935 1079 proiecta
1950 1051 1972 1073 in
1984 1051 2057 1073 lutum
2071 1051 2147 1079 perdit

1580 1091 1669 1113 colores
1686 1094 1708 1113 et
1725 1090 1902 1118 pulcritudihem
1928 1090 1973 1112 570
1991 1096 2003 1112 a
2021 1102 2052 1106 —
2073 1090 2148 1112 detur-

1581 1133 1648 1158 patur
1665 1132 1687 1152 et
1704 1130 1837 1157 vilificatur,
1854 1130 1948 1158 quando
1961 1129 1990 1151 ab
2002 1136 2028 1152 ea
2041 1130 2148 1152 auferun-

1581 1172 1617 1191 tur
1634 1169 1723 1192 colores
1740 1169 1785 1192 572
1803 1168 1818 1191 1)

1628 1221 1658 1225 -
1675 1212 1709 1231 est
1726 1209 1819 1237 triplex:
1838 1208 1974 1235 creationis,
1991 1208 2147 1234 recreationis,

1582 1248 1753 1275 glorificationis
1766 1248 1810 1270 447
1822 1254 1833 1270 a
1847 1260 1877 1264 —
1889 1250 1923 1270 est
1937 1248 2034 1275 duplex:
2052 1250 2149 1269 naturae

1582 1290 1604 1309 et
1621 1288 1709 1315 gratiae
1732 1287 1777 1309 446
1795 1293 1806 1309 3
1830 1299 1861 1303 -
1882 1288 1943 1309 Haec
1961 1287 2084 1309 attenditur
2107 1292 2148 1314 per

1583 1327 1695 1355 potentias
1712 1327 1838 1353 naturales,
1856 1327 1891 1348 illa
1909 1326 2038 1348 secundum
2057 1326 2149 1348 habitus

1582 1367 1693 1388 virtuales
1709 1365 1762 1388 ibid.
1780 1378 1811 1382 —
1833 1365 1904 1388 Cuius
1929 1366 2054 1393 imaginem
2081 1364 2149 1387 habe-

1583 1412 1648 1433 mus,
1665 1406 1715 1428 eius
1733 1406 1770 1427 filit
1789 1405 1971 1433 comprobamur
1989 1404 2033 1426 446
2051 1410 2063 1426 3

1631 1446 1698 1467 lunen
1715 1457 1746 1461 —
1763 1445 1868 1467 hiemalis
1885 1444 1992 1472 designat
2012 1444 2150 1471 persecutio-

1584 1491 1636 1506 nem
1656 1484 1793 1506 ludaeorum
1812 1484 1852 1506 281
1875 1483 1890 1506 b
1901 1496 1933 1500 —
1944 1483 2052 1511 designat
2069 1482 2149 1505 turbu-

1585 1524 1676 1546 lentiam
1694 1524 1836 1546 affectualem
1855 1523 1899 1546 570
1912 1522 1927 1544 b
1938 1535 1970 1539 —
1981 1522 2088 1550 designat
2100 1528 2150 1550 pro-

1584 1563 1679 1585 nitatem
1697 1563 1726 1586 ad
1744 1563 1838 1585 delicias
1854 1563 1957 1584 carnales
1974 1561 2019 1584 505
2037 1568 2048 1583 3

1632 1603 1729 1625 hamno
1747 1615 1777 1618 —
1796 1601 1911 1624 Debemus
1928 1601 2011 1623 imitari
2024 1600 2150 1628 Christum,

1586 1642 1678 1664 Mariam
1697 1645 1718 1664 01
1736 1642 1858 1670 Apostolos
1875 1641 1904 1663 35
1922 1640 1937 1663 b
1959 1653 1990 1657 —
2008 1640 2085 1662 Simus
2102 1640 2151 1662 imi-

1586 1684 1670 1703 tatores
1694 1687 1740 1703 non
1766 1681 1921 1707 daemonum,
1942 1680 1982 1702 sed
2008 1680 2151 1707 Angelorum

1587 1720 1631 1742 480
1650 1720 1663 1742 b
1680 1732 1711 1737 —-
1728 1720 1810 1743 Christi
1828 1720 1882 1742 vide
1899 1720 1926 1742 V.
1945 1718 2054 1742 Christus

1634 1761 1788 1782 lituacumrus
1804 1772 1834 1776 —
1853 1760 1912 1781 Deus
1924 1765 1969 1781 non
1981 1761 2050 1780 vocat
2062 1758 2151 1780 animas

1587 1800 1719 1826 maculatas,
1737 1799 1776 1821 sed
1795 1799 1954 1820 immaculatas
1971 1798 2016 1820 570
2034 1796 2048 1819 b

1634 1840 1747 1861 1111100500
1765 1850 1795 1854 -
1812 1844 1858 1860 11011
1876 1840 1951 1865 potest
1970 1843 2021 1859 esse
2038 1836 2103 1865 quod
2115 1836 2152 1858 ha-

1588 1878 1625 1900 bet
1642 1884 1693 1900 esse
1710 1881 1763 1906 post
1780 1883 1823 1900 non
1842 1883 1892 1899 esse
1910 1877 1954 1899 353
1974 1875 1988 1898 b

1635 1918 1769 1940 lttttttsstoaes
1785 1929 1815 1933 —
1833 1916 1956 1939 duodecim
1975 1915 2062 1937 animas
2080 1914 2152 1937 vivifi-

1587 1960 1664 1979 cantes
1682 1959 1775 1979 manant
1792 1962 1803 1978 a
1824 1955 1901 1978 Verbo
1918 1959 2011 1977 aeterno
2029 1954 2072 1976 468
2091 1954 2106 1976 1)

1636 1997 1765 2018 1011000110
1783 2008 1813 2012 —-
1830 1995 1916 2024 Liquor
1929 2001 2002 2022 purus
2014 1994 2102 2016 ratione
2115 1999 2152 2015 va·

1588 2035 1618 2057 sis
1636 2035 1751 2057 immundi
1767 2034 1879 2057 contrahit
1897 2034 2066 2056 immunditiam
2082 2033 2127 2054 633
2139 2038 2152 2054 3

1634 2087 1665 2090 -
1685 2077 1719 2096 est
1738 2074 1895 2102 quadruplex:
1919 2079 2037 2100 sensuum,
2058 2077 2154 2094 consen-

1588 2120 1665 2140 suum,
1679 2114 1802 2135 affectuum
1820 2116 1843 2134 et
1860 2112 2024 2140 cogitationum
2044 2112 2073 2133 95
2091 2110 2106 2133 Ι)
2124 2123 2153 2126 —-

1589 2155 1684 2181 generat
1695 2152 1882 2175 incontinentiam
1900 2154 1921 2173 et
1939 2152 2051 2173 luxuriam
2065 2153 2087 2172 et
2099 2150 2154 2172 tollit

1589 2192 1716 2214 castitatem
1733 2194 1756 2213 et
1773 2191 1907 2219 pudicitiam
1929 2190 1970 2212 184
1989 2190 2002 2212 b
2018 2202 2045 2205 —
2064 2189 2154 2217 Corpus

1590 2234 1612 2253 et
1623 2237 1662 2254 cor
1675 2230 1822 2253 immundum
1835 2228 1992 2252 habitaculum
2009 2231 2043 2251 est
2060 2228 2154 2256 spiritus

1590 2270 1703 2292 immundi
1721 2270 1766 2292 652
1785 2269 1799 2291 b
1815 2281 1846 2285 —
1863 2268 1980 2297 Quidquid
2006 2267 2153 2290 immundum

1590 2313 1631 2337 est,
1649 2308 1804 2332 abominabile
1816 2311 1850 2330 est
1862 2308 1960 2330 Domino
1977 2308 2022 2329 (333
2040 2314 2051 2329 3
2065 2319 2095 2323 -
2108 2308 2154 2329 1010

1591 2353 1671 2372 conatu
1691 2355 1703 2370 a
1729 2347 1796 2370 nobis
1820 2347 1951 2369 amovenda
1977 2349 2011 2368 est
2029 2346 2073 2368 184
2091 2345 2106 2367 b
2123 2358 2152 2361 —

1590 2391 1623 2411 est
1640 2387 1760 2416 evitanda,
1778 2387 1831 2415 quia
1850 2386 1953 2409 Christus
1974 2392 2016 2407 suo
2042 2384 2154 2412 sanguine

1591 2434 1633 2450 nos
1651 2427 1780 2455 purificavit
1797 2426 1841 2448 503
1859 2432 1871 2447 a
1895 2437 1925 2441 —
1942 2425 2015 2453 Aliqui
2039 2430 2063 2446 se
2088 2423 2154 2445 absti-

1591 2470 1645 2489 nent
1662 2466 1691 2488 ab
1708 2472 1755 2488 uno
1773 2471 1859 2493 genero
1876 2464 2043 2490 immunditiae,
2055 2463 2095 2485 sed
2108 2469 2153 2485 11011

1591 2505 1621 2528 ab
1638 2505 1681 2527 alio
1698 2504 1752 2528 ibid.

1638 2546 1806 2567 lttttttUTAtstLtTAS
1821 2555 1853 2559 —
1869 2543 1943 2565 5010111
1961 2544 1996 2563 est
2013 2542 2034 2563 111
2047 2541 2101 2563 Filio
2115 2540 2154 2562 Dei

1592 2584 1636 2606 442
1654 2590 1666 2606 3
1685 2596 1714 2599 -
1731 2589 1776 2605 11011
1793 2585 1827 2605 051
1843 2589 1869 2604 ex
1888 2584 1952 2610 parte
1970 2584 2088 2603 creaturae
2101 2578 2155 2602 ibid.

1638 2624 1806 2645 latrassmtttrtts
1821 2633 1853 2637 —
1869 2621 1953 2643 resistit
1975 2621 1995 2642 111
2018 2618 2155 2647 corporibus

1591 2662 1731 2690 glorificatis,
1748 2668 1775 2683 ne
1793 2660 1912 2689 qualitates
1924 2660 2074 2681 elementares
2086 2660 2156 2686 agant

1591 2701 1635 2723 284
1654 2707 1666 2722 3
1678 2713 1709 2717 ——
1720 2700 1823 2728 corporis
1835 2699 1954 2727 glorificati
1967 2698 2102 2725 designatur
2115 2703 2155 2725 per

1591 2741 1692 2768 palmam
1711 2740 1755 2762 283
1774 2745 1785 2761 3

1639 2780 1777 2801 11101111001111
1795 2790 1825 2794 -
1842 2778 1870 2799 ad
1889 2776 2016 2806 quamlibet
2027 2775 2154 2798 molestiam

1592 2819 1640 2840 vult
1657 2818 1800 2840 recalcitrare
1817 2821 1839 2840 et
1856 2817 1930 2839 vicem
1946 2816 2074 2844 rependere
2086 2815 2129 2837 429
2142 2820 2153 2836 3

1591 2870 1622 2874 -
1649 2857 1771 2884 impatiens
1796 2857 1818 2878 in
1845 2855 1992 2878 tribulatione
2017 2854 2156 2882 reprobatur

1592 2897 1650 2919 sicut
1667 2897 1752 2918 malum
1770 2900 1892 2923 argentum
1907 2894 1951 2916 486
1964 2894 1979 2916 0
1992 2907 2019 2910 —
2034 2894 2156 2921 lmpatiens

1592 2935 1715 2964 aliquando
1732 2935 1810 2958 sordet
1826 2935 1848 2957 in
1866 2934 1943 2961 corde,
1956 2933 1977 2955 in
1990 2939 2037 2960 ore,
2050 2933 2071 2954 in
2084 2938 2155 2960 opere

1594 2975 1637 2997 429
1650 2981 1660 2996 3
1674 2987 1704 2991 -
1717 2975 1839 3002 Impatiens
1851 2974 1980 2996 iumentum
1992 2975 2014 2995 et
2027 2978 2071 2995 11011
2085 2973 2155 2994 1101110
