2269 3448
742 219 783 247 DE
807 219 881 247 VITA
904 219 1069 247 SERAPIIICI
1092 219 1264 248 DOCTOlus.
1844 226 1878 253 tio

124 298 354 327 certitudinaliter
383 298 530 332 sciverint,
562 301 589 326 et
620 297 712 326 omnia
740 297 774 325 ibi
804 297 859 325 sint
888 297 975 333 posita

123 346 310 383 diligenter».
333 362 370 366 -
392 345 505 374 Cortum
527 348 584 379 est,
607 345 827 373 Bonaventnram
851 347 975 381 tempore

123 392 239 430 Capituli
263 400 417 421 sermonem
442 392 572 420 habuisse
594 392 620 420 in
644 391 752 420 laudem
774 392 799 419 S.
823 391 974 425 Francisci,

123 439 285 477 applicando
306 439 329 467 ei
353 439 450 467 verba:
475 438 539 467 Vidi·
560 438 686 467 atteram
710 438 853 475 Amyclam
875 447 975 467 ascen-

123 487 232 515 dentem
254 486 291 514 ab
313 490 380 514 ortu
402 486 485 520 sotis,
509 485 659 515 habentem
679 486 798 523 sz‘ynmn
817 486 868 514 Dei
882 486 943 514 vz'oi'
955 487 973 513 ¹.

123 534 177 562 Hoc
198 534 309 562 eruitur
330 542 365 562 ex
390 533 485 562 Pisano
516 536 543 562 et
576 533 715 562 Ubertino.
741 533 888 562 Ubertinus
910 533 974 562 scri-

124 580 201 609 bit2:
226 591 238 605 «
256 580 309 617 ligo
330 580 422 608 audivi
445 588 461 608 a
482 580 595 608 solemni
618 580 731 608 doctore
753 579 832 608 istius
854 579 974 614 Ordinis,

122 627 195 664 quod
218 627 313 655 Frater
329 627 530 661 Bonaventnra,
547 631 613 655 tunc
628 627 764 664 generalis
786 627 908 655 Minister
923 627 974 655 Or-

122 674 193 703 dinis
214 677 241 702 et
264 674 363 702 Doctor
385 674 526 708 solemnis,
544 677 687 710 praesente
709 674 832 711 praelato
853 674 974 708 doctore,

122 721 168 758 qui
193 721 258 749 mihi
282 721 366 755 (lixit,
389 721 462 758 quod
486 721 511 749 in
534 721 660 758 Capitulo
683 721 826 750 Parisiensi
843 721 972 750 solemni-

123 772 164 797 ter
188 769 370 805 praedicavit,
386 769 459 805 quod
483 768 540 805 ipse
562 771 622 797 erat
643 772 737 797 certus
752 772 779 797 et
794 769 973 803 certificatus,

122 816 194 853 quod
229 816 326 845 beatus
357 816 519 844 Franciscus
547 819 607 844 erat
639 816 757 853 Angelus
783 816 854 845 sexti
884 817 974 853 signa-

122 863 215 891 culi».
232 863 345 891 Pisanus
357 863 367 879 ³
384 871 450 891 vero
464 862 593 897 affirmat,
609 863 782 899 prophetiam
800 863 975 900 Apocalypsis

121 910 239 947 septimo
254 918 313 939 esse
335 910 503 939 verbotenus
524 910 710 947 accipiendam
727 911 760 939 de
776 912 801 938 S.
818 911 972 945 Fiancisco,

121 957 205 986 fnisse
227 957 436 986 Bonaventurae
458 957 620 991 revelatum,
643 960 670 986 et
693 957 817 986 meminit
836 957 974 986 concionis

120 1013 136 1033 a
158 1004 350 1033 Bonaventura
371 1005 405 1033 de
426 1005 451 1033 S.
475 1005 619 1034 Francisco
650 1005 766 1034 habitae.
799 1006 895 1034 Sermo
923 1006 974 1034 iste

120 1052 258 1088 genuinus
281 1052 427 1089 hucusque
449 1052 578 1081 inventus
601 1061 652 1080 non
676 1056 717 1081 est
729 1054 748 1080 4.

202 1099 343 1128 Praeterea
367 1100 454 1127 multa
476 1100 633 1128 introducta
647 1103 721 1134 sunt,
737 1100 840 1137 quihus
855 1100 974 1137 collapsa

120 1145 264 1182 disciplina
284 1146 395 1174 Ordinis
410 1146 443 1174 ad
461 1154 546 1183 purae
561 1146 753 1175 observantiae
769 1149 871 1175 statum
886 1147 974 1184 erige-

121 1196 208 1222 retur.
238 1193 304 1221 Hinc
326 1193 416 1222 emisit
438 1193 630 1222 Bonaventura
658 1194 801 1230 epistolam
827 1194 971 1223 officialem

120 1240 152 1268 ad
168 1248 265 1268 omnes
280 1239 392 1268 Ordinis
407 1240 545 1269 Ministros
558 1241 742 1277 provinciales
757 1241 933 1278 incipientem
946 1241 972 1269 5;

122 1286 269 1322 Quoniam
290 1288 331 1316 acl
352 1286 403 1316 1100
422 1288 611 1325 potissimum
640 1288 799 1325 invigilare
820 1288 897 1317 (lebet
918 1288 973 1317 sol-

120 1334 200 1363 licita
221 1343 297 1363 eura
320 1336 467 1363 rectoris...
485 1335 591 1364 Exinde
605 1335 696 1364 emisit
710 1336 791 1364 aliam
807 1337 973 1373 epistolamfl

121 1382 153 1410 ad
176 1383 286 1410 Fratres
304 1382 450 1411 universos
472 1383 661 1419 incipientem:
681 1383 753 1411 Cum
769 1392 819 1420 090
834 1383 973 1412 relatione

119 1430 297 1466 perceperim
317 1429 374 1466 sicle
395 1430 487 1466 (Ιί9110
509 1433 571 1464 etc.,
593 1430 727 1467 signatam
751 1430 860 1459 Parisiis
887 1431 973 1465 1266,

120 1479 200 1505 sexto
215 1477 272 1505 Kal.
286 1477 363 1505 Iunii.
378 1494 414 1497 —
427 1477 584 1514 Capitulum
600 1477 674 1506 istud
690 1477 812 1506 breviter
824 1478 973 1515 expeditur

119 1531 135 1551 a
156 1523 313 1552 chronistis.
343 1523 478 1552 Chronica
500 1524 581 1552 XXIV
602 1524 777 1553 Generalium
807 1525 971 1553 scribunt⁷:

123 1581 137 1595 «
152 1571 228 1599 Anno
251 1571 356 1599 Domini
380 1572 453 1599 1966
470 1571 522 1599 fuit
538 1571 657 1600 Parisius
672 1572 800 1608 generale
815 1572 972 1608 Capitulum

119 1617 288 1646 celebratum
305 1630 331 1646 ».
356 1618 382 1646 ln
405 1618 570 1655 assignando
591 1618 635 1648 die
656 1620 714 1648 fere
736 1627 831 1648 omnes
848 1619 971 1648 historici

118 1668 301 1699 erraverunt,
323 1669 472 1702 sequentes
489 1666 684 1703 Waddingnm,
699 1667 746 1703 qui
761 1666 831 1695 illud
846 1667 879 1695 ad
896 1674 973 1695 men-

118 1720 175 1741 sem
205 1712 324 1749 Aprilem
356 1712 507 1741 1010111118.
536 1713 711 1742 Celebratum
743 1717 836 1743 autem
866 1713 917 1742 fuit
945 1714 971 1742 in

118 1759 187 1788 sesto
209 1760 381 1789 Pentecostes
399 1761 482 1794 1266,
500 1764 529 1789 ut
552 1761 577 1789 Ρ.
595 1761 699 1790 Ehrle⁰
720 1761 821 1790 invicte
836 1761 971 1798 probavit.

201 1807 244 1835 19.
267 1807 389 1844 Tempus
410 1816 425 1836 a
446 1807 572 1844 Capitulo
587 1809 707 1845 generali
725 1808 834 1837 Parisiis
852 1808 972 1837 adunato

118 1862 208 1892 usque
229 1854 263 1883 ad
284 1855 442 1892 Capitulum
464 1855 554 1884 Assisii
581 1856 654 1884 1269
675 1856 846 1885 celebratum
868 1859 910 1885 est
931 1859 972 1885 sat

118 1901 280 1936 obscurum,
295 1910 358 1930 cum
377 1902 435 1931 fere
458 1903 525 1931 nihil
547 1903 581 1932 de
599 1903 683 1940 gestis
699 1903 908 1932 Bonaventurae
923 1912 972 1932 no-

118 1948 160 1977 bis
182 1949 375 1977 transmissum
399 1949 442 1977 sit.
464 1950 555 1978 Unum
577 1958 612 1978 ex
636 1950 687 1979 hac
711 1950 881 1979 obscuritate
910 1950 971 1979 erui

118 1999 223 2032 potest,
246 1996 361 2030 scilicet,
384 1996 604 2025 Bonaventuram
626 2005 698 2026 anno
729 1998 802 2026 1267
826 1998 868 2026 vel
897 1998 971 2026 1268

118 2043 276 2072 recitavisse
298 2046 422 2080 tempore
447 2044 680 2081 Quadragesimae
706 2045 815 2073 Parisiis
838 2045 972 2074 60110110-

118 2098 169 2118 nes
189 2090 223 2118 cle
244 2090 337 2119 decem
364 2092 529 2128 praeceptis
542 2092 564 2108 1⁰
585 2096 612 2121 et
633 2092 697 2121 item
721 2093 747 2121 in
770 2093 822 2121 alia
847 2093 971 2130 Quadra-

118 2137 223 2173 gesima
236 2137 407 2166 Collaliones
423 2138 457 2166 de
471 2143 574 2176 septem
591 2139 677 2168 (lonis
689 2140 820 2177 Spiritus
833 2140 931 2168 sancti
940 2141 970 2168 ¹¹.

182 2216 190 2229 ¹
209 2218 281 2245 Apoc.
299 2218 321 2244 7,
339 2218 361 2240 2.

181 2255 190 2269 ²
208 2256 284 2279 Arbor
301 2257 363 2279 vitae
379 2257 514 2284 crucifixae,
531 2257 559 2279 V.
578 2263 629 2285 cap.
648 2258 669 2279 l.

182 2295 190 2307 ³
208 2295 342 2318 Consormit.
360 2295 399 2318 lib.
416 2296 448 2318 lll.
467 2297 554 2318 fructus
571 2299 594 2318 et
610 2297 724 2319 conform.
737 2297 770 2319 lll.
783 2297 815 2325 (in
828 2297 909 2319 ordine
922 2297 969 2326 31.)

118 2337 176 2362 part.
195 2335 217 2357 2.
235 2335 280 2357 vol.
299 2335 321 2357 ll.
340 2336 377 2357 sol.
396 2335 439 2357 152
457 2341 476 2357 r.
494 2335 555 2363 (cod.
573 2335 627 2363 cit).
653 2336 770 2364 «insuper
787 2336 838 2364 ipse
860 2336 971 2359 dominus

117 2374 240 2396 cardinalis
256 2374 335 2396 Frater
352 2375 527 2402 Bonaxentura‚
545 2375 601 2397 dum
622 2378 682 2398 esset
703 2375 831 2402 Generalis,
856 2376 897 2398 suit
914 2376 971 2398 divi-

117 2413 178 2435 nitus
194 2413 301 2441 edoctus,
314 2414 379 2442 quod
392 2414 513 2442 prophetia
526 2414 562 2436 illa
576 2414 648 2442 Apoe.
667 2415 712 2437 Vll.
725 2415 754 2437 de
766 2415 854 2443 Angelo
872 2415 970 2437 habente

117 2453 211 2480 sign-um
229 2453 270 2475 Dei
287 2453 351 2480 vivi,
369 2453 398 2475 ad
416 2453 513 2475 litteram
530 2458 564 2475 est
580 2453 610 2476 de
634 2454 656 2476 Β.
675 2454 797 2477 Francisco
809 2463 832 2476 n.
856 2455 911 2477 110111
929 2455 969 2476 esr.

118 2492 173 2514 ibid.
193 2493 229 2521 [ol.
252 2492 288 2514 141
311 2499 334 2515 v.
351 2493 393 2515 col.
412 2493 436 2515 ll.
454 2493 515 2521 (cod.
533 2493 592 2522 cit).

179 2531 190 2544 ⁴
207 2532 302 2561 Bonav.,
315 2535 370 2554 tom.
386 2532 424 2555 lX.
442 2539 496 2561 pag.
510 2533 564 2560 597,
578 2535 623 2555 1101.
639 2534 661 2555 9.
674 2532 719 2555 Cir.
732 2533 868 2561 Wadding,
886 2533 915 2556 ad
931 2540 969 2556 an.

118 2571 178 2593 1266
196 2577 218 2593 n.
237 2571 258 2593 4.

180 2609 189 2622 ⁵
208 2611 274 2633 Tom.
294 2611 347 2633 Vlll.
366 2617 420 2639 pag.
439 2611 491 2633 470.

180 2648 189 2662 ³
207 2649 263 2672 lhid.
281 2656 335 2678 pag.
354 2650 411 2672 472:
430 2651 527 2678 Epistola
546 2651 575 2679 V,
592 2651 622 2673 ad
639 2651 730 2673 Fratres
743 2651 875 2679 universos,
888 2651 910 2674 in
922 2658 968 2681 qua

117 2688 238 2710 confirmat
254 2689 415 2712 Bonaventura
433 2690 552 2718 quandam
570 2690 743 2713 concessionem
761 2691 839 2719 quoad
858 2691 969 2713 terminos

117 2728 243 2756 quaerendi
260 2728 390 2750 necessaria
409 2728 469 2751 circa
488 2729 563 2751 lacum
582 2729 679 2752 Gardae.

180 2765 188 2778 ⁷
205 2766 312 2789 Analecta
330 2767 452 2794 Francisc.,
470 2770 525 2790 tom.
545 2768 576 2790 lll.
594 2774 647 2797 pag.
666 2769 719 2791 332.

179 2804 189 2817 Β
206 2805 241 2828 Ad
259 2812 296 2828 an.
314 2806 374 2828 '1266
392 2812 416 2828 n.
435 2806 455 2828 4.

179 2843 189 2856 ⁹
206 2845 291 2867 Archiv
309 2848 360 2872 ele,
378 2846 423 2868 vol.
442 2846 478 2868 Vl.
496 2852 552 2874 pag.
569 2846 607 2869 39.

180 2883 200 2896 ¹⁰
216 2884 323 2906 Analecta
342 2885 462 2913 Francise.‚
480 2888 536 2907 tom.
553 2885 586 2908 lll.
604 2892 658 2914 pag.
675 2886 729 2913 332,
747 2888 794 2908 not.
812 2887 833 2907 l.

179 2922 198 2935 ¹¹
218 2924 250 2945 De.
267 2924 302 2946 his
319 2927 342 2946 et
358 2930 411 2947 mox
435 2925 585 2947 memoranda
607 2924 772 2948 Collationibus
795 2926 844 2947 fuse
866 2927 920 2947 tom.
939 2925 967 2947 V.

116 2962 247 2991 Prolegom.
264 2969 316 2991 cap.
330 2963 366 2986 Vl.
384 2969 437 2992 pag.
449 2964 547 2987 XXXVl
566 2970 631 2993 seqq.
650 2967 672 2987 et
689 2964 745 2987 ibid.
763 2971 819 2993 pag.
831 2965 876 2987 505
894 2970 968 2993 seqq„

118 3001 163 3024 455
180 3008 253 3031 seqq.,
270 3003 316 3025 327
334 3009 399 3032 seqq.
417 3004 580 3030 tractavimu53
598 3005 638 3026 esr.
656 3003 778 3031 Sbaralea,
795 3004 931 3032 Scriptores,
944 3009 967 3025 v.

116 3041 290 3070 Bonaventura3
308 3042 443 3071 Wadding.,
461 3043 490 3065 ad
508 3048 544 3065 011.
563 3043 624 3066 1265
641 3049 665 3065 n.
684 3043 720 3065 Ἰ13.

1033 298 1097 326 Νο111
1121 298 1228 326 codices
1249 298 1429 327 Collationum
1450 300 1483 328 de
1498 301 1591 329 decen·
1610 302 1761 337 praereptis
1781 303 1881 331 hahent

1032 353 1075 373 an.
1104 346 1173 373 1267
1197 346 1238 373 vel
1264 347 1353 379 lec&
1376 347 1448 383 quod
1471 351 1562 375 01110111
1584 349 1632 376 1103
1654 349 1816 377 collationi-s
1832 351 1880 377 im—

1033 391 1149 419 mediate
1170 392 1310 428 excipiant
1332 393 1400 421 aliae
1431 394 1594 422 Collationes
1622 395 1655 423 de
1677 399 1781 431 septem
1803 397 1881 424 donis

1033 438 1152 474 Spiritus
1167 439 1262 472 sancti,
1279 439 1436 468 insinuatur
1452 449 1486 468 ex
1511 441 1609 469 harum
1626 442 1713 478 prima
1729 443 1762 470 de
1776 447 1879 479 septem

1032 484 1111 513 donis
1133 490 1365 515 commemorante
1386 488 1592 516 antecedentes:
1616 500 1629 513 α
1643 489 1712 517 Alias
1727 490 1783 518 dixi
1807 491 1882 518 vohis

1032 532 1065 560 de
1089 533 1146 569 lege
1167 533 1305 570 decalogi,
1327 537 1354 562 01
1385 535 1465 563 01000
1493 535 1554 563 dico
1577 536 1653 564 vobis
1674 536 1707 564 de
1728 538 1836 573 (ξι-(111111
1854 550 1880 565 ».

1031 579 1196 608 Collationes
1220 580 1327 609 tandem
1349 581 1382 609 de
1404 585 1508 618 septem
1531 582 1610 611 donis
1624 583 1800 620 excipiebant
1814 585 1882 613 aliae

1034 626 1205 655 Collationes
1227 628 1392 663 (sermones)
1407 629 1441 656 (10
1458 629 1667 663 llexcoemeron,
1683 638 1803 667 quarum
1822 640 1880 659 rur-

1032 681 1080 702 sus
1101 674 1209 703 collatio
1231 676 1256 703 ἓ.
1280 684 1306 703 0.
1329 676 1352 703 1.
1368 679 1395 704 01
1410 676 1435 704 3.
1453 685 1479 704 n.
1498 677 1508 704 1
1536 677 1701 706 mentionem
1725 678 1829 706 iaciunt
1849 680 1882 707 de

1032 720 1085 749 illis
1107 723 1138 749 111
1160 721 1320 750 iamdudum
1343 722 1443 751 habitis
1456 723 1474 750 ².
1499 724 1566 752 Istae
1587 727 1679 752 autem
1696 725 1808 753 ultimae
1823 726 1882 753 Col-

1032 768 1147 797 101100οε
1161 768 1194 797 (10
1211 769 1398 798 llexaemeron
1416 771 1545 799 recitatae
1561 771 1675 800 suerunt
1687 772 1796 800 Parisiis
1807 776 1883 801 certe

1031 823 1074 843 an.
1100 816 1173 844 1273
1197 819 1257 853 post
1290 817 1409 852 Pascha,
1430 818 1476 846 sed
1510 827 1562 847 non
1592 819 1706 847 suerunt
1737 820 1769 848 ad
1800 820 1881 848 linem

1032 864 1197 899 perductae,
1220 864 1286 900 qnia
1318 865 1511 893 Bonaventura
1542 866 1574 894 ad
1607 867 1806 895 cardinalatum
1831 868 1882 896 1100

1031 918 1103 938 anno
1124 918 1140 938 a
1161 911 1294 948 Gregorio
1315 912 1345 940 X.
1369 912 1420 940 11111
1441 913 1589 947 evectus³3
1605 921 1676 950 quae
1698 914 1779 942 unica
1800 922 1883 942 causa

1032 957 1084 985 fuit
1099 957 1323 995 interruptionis,
1346 962 1377 987 ut
1398 963 1473 996 patet
1487 968 1523 988 ex
1538 960 1723 989 additamento
1738 961 1881 989 cniusdam

1031 1005 1159 1040 anonymi
1185 1005 1210 1033 in
1233 1005 1374 1034 codicibus
1395 1009 1422 1034 et
1443 1007 1610 1035 editionibus
1625 1008 1645 1035 ⁴.

1111 1053 1211 1080 Auctor
1223 1052 1424 1081 Chronicorum
1439 1053 1517 1081 XXIV
1533 1053 1718 1088 Generalium,
1734 1055 1883 1083 amandans

1032 1099 1082 1127 has
1103 1100 1261 1128 collationes
1289 1108 1405 1129 erronee
1430 1101 1463 1129 ad
1491 1110 1534 1129 an.
1561 1103 1644 1136 10265,
1667 1102 1718 1131 hac
1739 1102 1772 1131 de
1795 1110 1824 1131 re
1847 1103 1883 1130 ita

1032 1146 1195 1183 loquitur⁵z
1222 1159 1235 1171 (τ
1252 1148 1329 1176 Tunc
1350 1148 1422 1176 enim
1446 1151 1582 1185 (tempore
1610 1149 1758 1178 evectionis
1783 1150 1817 1177 ad
1838 1158 1883 1177 ar—

1032 1193 1121 1230 chiep.
1144 1194 1355 1230 Eboracensem)
1378 1196 1481 1223 vernali
1504 1199 1629 1233 tempore
1651 1196 1721 1225 idem
1743 1197 1883 1225 Generalis

1032 1241 1153 1269 Parisius
1174 1242 1310 1276 existens,
1334 1242 1398 1279 legit
1428 1246 1455 1271 et
1477 1243 1607 1279 exposuit
1633 1244 1753 1280 [1111111110
1776 1244 1883 1281 capitu-

1033 1288 1089 1316 lum
1114 1288 1174 1317 libri
1197 1289 1319 1323 Genesis,
1343 1290 1438 1318 multis
1460 1290 1602 1319 hincinde
1623 1291 1700 1328 quasi
1724 1291 1883 1320 innumera-

1031 1336 1134 1364 bilibus
1150 1336 1183 1364 ad
1200 1336 1343 1365 lectionem
1359 1337 1572 1366 confluentibus.
1590 1338 1620 1366 Et
1642 1338 1703 1367 inde
1726 1342 1883 1375 reportatus

1031 1386 1072 1412 est
1093 1387 1120 1412 et
1142 1384 1284 1413 confectus
1306 1384 1431 1419 libellus,
1454 1386 1500 1422 qui
1523 1385 1557 1413 de
1578 1385 1686 1423 Septem
1718 1386 1882 1414 Visiom'bus

1032 1431 1074 1459 vel
1096 1431 1271 1459 Luminibus
1300 1431 1466 1460 intitulatur.
1497 1433 1547 1461 Sed
1580 1437 1728 1470 antequam
1757 1434 1882 1470 quintam

1033 1477 1164 1506 visionem
1187 1486 1235 1507 seu
1259 1479 1460 1515 expositionem
1483 1479 1571 1516 quinti
1598 1480 1650 1508 diei
1673 1481 1881 1517 complevisset,

1030 1525 1063 1553 ad
1085 1525 1185 1554 dictam
1209 1526 1406 1562 praelationem
1439 1527 1559 1560 electus,
1581 1527 1686 1556 dictum
1717 1528 1819 1556 librum
1842 1528 1882 1555 in-

1030 1573 1198 1609 completum
1221 1573 1366 1602 (1101131111.
1388 1575 1489 1602 Auctor
1511 1574 1711 1603 Chronicorum
1735 1575 1820 1612 igitur
1838 1583 1882 1604 er-

1030 1619 1110 1653 ravit,
1133 1620 1257 1649 10101003
1278 1628 1335 1649 rem
1358 1621 1390 1649 ad
1413 1630 1527 1655 annum,
1546 1622 1571 1650 in
1595 1630 1651 1659 quo
1673 1622 1881 1651 Bonaventurae

1031 1667 1171 1703 proposita
1186 1667 1237 1695 fuit
1252 1675 1267 1695 a
1282 1667 1420 1696 Clemente
1437 1668 1476 1696 IV.
1493 1668 1610 1705 dignitas
1624 1669 1880 1706 archiepiscopalis3

1031 1722 1060 1742 re
1083 1722 1149 1742 vera
1169 1718 1261 1743 autem
1284 1715 1478 1752 intelligendus
1499 1719 1541 1744 est
1561 1717 1661 1745 citatus
1683 1717 1823 1745 chronista
1847 1717 1880 1746 de

1030 1762 1183 1798 posteriore
1205 1763 1391 1799 promotione,
1406 1763 1522 1799 eiusque
1545 1763 1629 1792 verba
1651 1764 1794 1792 reserenda
1816 1768 1881 1793 sunt

1029 1809 1061 1837 acl
1084 1818 1198 1843 annum,
1214 1810 1240 1838 in
1263 1818 1319 1847 quo
1342 1810 1549 1839 Bonaventurae
1564 1812 1705 1848 proposita
1718 1812 1770 1840 fuit
1785 1820 1800 1840 a
1814 1812 1880 1841 Gre-

1029 1858 1107 1894 gorio
1130 1857 1159 1885 X.
1182 1857 1300 1894 dignitas
1322 1858 1523 1892 cardinalatus,
1549 1858 1574 1886 id
1598 1863 1639 1887 est
1666 1859 1699 1888 ad
1721 1868 1764 1888 an.
1790 1860 1880 1894 1973,

1029 1908 1061 1933 ut
1083 1904 1153 1933 infra
1168 1905 1293 1937 01001111;
1309 1913 1397 1939 secus,
1414 1909 1445 1933 ut
1460 1905 1513 1934 iam
1530 1906 1630 1939 Bonelli
1643 1906 1653 1923 ‘⁵
1670 1907 1786 1940 monuit,
1802 1907 1881 1935 intel-

1030 1952 1074 1989 ligi
1097 1960 1150 1980 non
1174 1955 1278 1989 potest,
1300 1952 1439 1989 quomodo
1462 1953 1507 1981 illa
1528 1961 1543 1981 a
1565 1953 1705 1982 Clemente
1726 1954 1880 1990 proposita,

1028 1999 1076 2028 sed
1097 2008 1112 2027 a
1144 2000 1338 2028 Bonaventura
1369 2008 1422 2028 non
1455 2003 1597 2037 acceptata
1625 2000 1743 2037 dignitas
1765 2001 1880 2038 impedi-

1029 2050 1121 2075 mento
1143 2047 1240 2081 fuerit,
1262 2056 1313 2076 cur
1336 2048 1528 2076 Bonaventura
1549 2056 1620 2085 opus
1635 2049 1669 2077 de
1691 2049 1880 2078 Hexaemeron

1028 2094 1116 2131 spatio
1137 2098 1199 2123 octo
1220 2103 1356 2123 annorum
1380 2095 1460 2123 finire
1481 2104 1535 2124 non
1558 2096 1688 2132 potuerit.

1108 2142 1154 2170 ΞΟ.
1176 2142 1213 2170 Ad
1236 2142 1288 2170 hoc
1317 2145 1427 2179 tempus
1452 2150 1580 2179 quoque,
1610 2143 1713 2172 scilicet
1738 2144 1809 2172 inter
1831 2144 1879 2172 Ca—

1028 2188 1147 2225 pitulum
1170 2189 1322 2218 Parisiense
1343 2193 1370 2218 et
1399 2190 1547 2218 Assisiense
1569 2191 1760 2228 (1966-1269)
1783 2191 1878 2219 inseri-

1029 2240 1074 2264 tur
1095 2236 1130 2264 ab
1152 2239 1266 2265 auctore
1287 2236 1488 2265 Chronicorum
1505 2237 1586 2265 XXIV
1600 2237 1775 2266 Generalium
1791 2238 1878 2275 quod-

1027 2282 1089 2311 dam
1113 2282 1278 2311 mIraculum
1305 2287 1463 2317 narratum,
1488 2287 1517 2312 ut
1543 2285 1708 2321 sequitur⁷:
1735 2296 1748 2309 «
1765 2285 1810 2313 Hic
1832 2285 1878 2313 de-

1028 2333 1109 2358 votus
1130 2329 1287 2364 Generalis,
1309 2338 1371 2359 cum
1394 2339 1443 2367 per
1465 2331 1567 2360 multos
1588 2332 1661 2366 dies,
1684 2340 1713 2361 se
1735 2332 1877 2369 indignum

1027 2377 1222 2406 communione
1243 2377 1343 2406 Christi
1367 2378 1492 2414 corporis
1514 2382 1655 2415 reputans,
1678 2379 1789 2408 minime
1811 2380 1879 2408 cele-

1027 2424 1149 2458 brasset,
1173 2424 1306 2453 Dominus
1327 2424 1387 2453 eius
1416 2425 1599 2453 humilitatem
1623 2426 1788 2462 respiciens,
1810 2434 1873 2455 cnm

1027 2479 1083 2500 una
1104 2471 1147 2500 die
1168 2471 1277 2500 Missam
1299 2472 1426 2500 devotius
1457 2472 1581 2506 audiret,
1603 2472 1636 2500 ad
1658 2473 1718 2501 eius
1740 2473 1876 2501 conforta-

1027 2518 1128 2547 tionem
1152 2527 1207 2547 una
1227 2519 1260 2547 de
1281 2519 1425 2556 particulis
1448 2519 1552 2547 hostiae
1574 2523 1749 2548 consecratae
1771 2524 1798 2548 et
1822 2520 1875 2548 iam

1028 2574 1076 2603 per
1098 2566 1267 2595 sacerdotem
1289 2566 1392 2594 divisae
1414 2566 1471 2595 solo
1493 2566 1599 2594 Domini
1616 2566 1694 2595 iussu
1716 2566 1742 2594 in
1758 2575 1788 2595 os
1804 2567 1877 2596 eius-

1025 2613 1088 2642 dem
1120 2613 1261 2642 Generalis
1289 2613 1402 2641 intravit
1430 2617 1457 2641 et
1484 2613 1575 2650 ipsum
1605 2617 1689 2650 gustu
1711 2614 1876 2642 suavissimo

1026 2661 1201 2697 saginavit».
1224 2661 1291 2689 Fere
1313 2660 1408 2689 iisdem
1432 2660 1523 2689 verbis
1551 2661 1687 2697 repetitur
1708 2661 1875 2689 miraculum

1026 2708 1053 2736 in
1075 2707 1321 2736 Consormitatibus
1336 2707 1536 2736 Bartholomaei
1553 2707 1649 2736 Pisani.
1666 2708 1719 2736 Hac
1734 2708 1875 2736 occasione

1089 2807 1096 2820 ¹
1116 2808 1173 2830 ibid.
1193 2811 1246 2830 tom.
1266 2808 1293 2830 V.
1311 2808 1439 2835 Drolegom.
1458 2813 1510 2834 pag.
1529 2807 1626 2829 xxxxi
1644 2807 1686 2829 col.
1704 2807 1726 2828 ll.

1088 2846 1097 2859 ²
1115 2847 1172 2869 11110.
1190 2850 1244 2869 tom.
1263 2847 1290 2869 V.
1309 2853 1363 2875 pag.
1382 2846 1487 2868 XXXVl.

1088 2886 1096 2898 ³
1115 2886 1171 2909 lbid.
1189 2893 1244 2914 pag.
1260 2887 1358 2909 XXXVI
1376 2892 1424 2914 seq.

1087 2925 1097 2937 ⁴
1115 2925 1170 2948 lhid.
1190 2928 1211 2947 et
1228 2931 1282 2953 pag.
1302 2924 1346 2947 449
1364 2931 1414 2953 seq.

1087 2963 1096 2976 ⁵
1114 2964 1221 2986 Analecta
1239 2963 1361 2990 francisc„
1379 2966 1435 2985 tom.
1453 2963 1486 2985 lll.
1504 2969 1557 2991 pag.
1576 2963 1629 2985 332.

1088 3002 1097 3015 ‘³
1113 3003 1242 3031 1310010111.Υ
1259 3003 1302 3025 eol.
1321 3002 1357 3024 53.

1087 3041 1095 3054 ⁷
1114 3043 1220 3065 Analecta
1238 3041 1359 3070 Frzmcisc„
1376 3044 1431 3064 torn.
1450 3042 1481 3064 lll.
1499 3048 1552 3069 pag.
1572 3040 1624 3064 334.
