2269 3448
416 198 453 227 80

668 237 713 260 ΑΝι

416 278 486 301 rebus
503 284 574 307 quam
591 278 621 299 de
637 276 761 299 animabus
778 276 823 298 629
848 282 860 298 a
881 288 911 292 —
929 275 981 297 Plus

415 317 534 345 diligimus
551 323 644 339 saccum
663 316 717 338 timo
735 316 836 344 plenum,
848 320 917 343 quam
933 314 981 336 ani-

416 363 478 380 mam
496 356 542 379 644
560 356 574 378 b
592 368 622 372 —-
641 355 692 377 Eius
704 355 765 377 salus
782 353 892 376 omnibus
911 352 981 375 rebus

416 396 512 418 terrenis
529 395 692 424 praeponenda
710 397 744 416 est
760 394 805 416 312
825 393 839 415 b
851 405 881 409 --
894 393 981 415 lucran-

416 436 460 458 dae
476 439 530 458 sunt
547 435 632 461 verbo,
657 434 776 461 exemplo,
799 432 921 460 suffragio,
944 431 982 453 be-

416 475 498 497 neficio
515 473 697 502 supportationis
714 472 759 495 375
777 472 792 494 1)

463 526 493 530 —-
510 513 603 542 quando
630 513 706 535 unitur
728 518 768 539 per
793 515 895 533 amorem
919 515 982 531 crea-

416 556 492 580 turae,
510 553 535 575 fit
551 553 571 574 ei
589 552 668 574 similis
686 551 726 572 581
749 550 763 572 b
786 562 812 565 -
831 555 884 571 cum
908 548 982 570 inniti-

416 595 452 615 tur
470 592 532 614 bono
544 594 633 619 creato,
650 590 779 612 infirmatur
796 588 840 610 340
859 587 874 609 1)
891 600 921 603 -
936 592 982 609 ma-

416 634 483 654 nente
500 632 587 659 integra
599 633 688 656 natura,
700 630 781 651 affectu
799 627 923 650 voluntatis
934 632 982 648 cor-

416 671 533 699 rumpitur
550 670 586 692 vel
604 670 625 691 in
644 669 725 691 melius
743 670 844 690 mutatur
862 667 902 688 381
924 665 939 687 b
951 677 981 681 —

417 711 446 733 ad
463 710 526 739 quod
544 716 569 731 se
586 708 710 735 convertit,
732 707 756 729 in
777 707 854 734 ipsum
877 705 982 727 transfor-

416 752 492 772 matur
510 749 554 771 559
567 755 578 770 a
591 760 622 763 —
634 747 712 769 verius
724 749 764 774 est,
778 745 817 767 ubi
829 747 899 772 amat,
910 749 980 772 quam

416 789 456 811 ubi
475 788 562 810 animat
578 788 604 809 71
626 793 646 808 a.
665 786 709 808 616
728 792 738 807 a

464 840 493 843 —
510 827 559 849 sine
581 827 667 854 Spiritu
693 827 714 847 S.
736 827 825 847 mortua
848 826 881 846 est
899 823 943 845 309
966 822 981 844 b

417 880 445 883 —
464 867 488 889 fit
506 873 546 894 per
564 866 661 894 gratiam
680 865 737 887 civis
750 863 865 891 caelestis3
878 868 919 890 per
931 867 982 890 pec-

416 909 500 932 catum,
518 905 634 928 infernalis
652 904 697 926 324
714 903 729 925 1)
749 915 779 919 —-
802 909 843 930 per
860 904 981 930 peccatum

417 947 474 968 facta
491 948 526 968 est
542 945 645 972 infirma,
658 949 739 971 caeca,
757 942 853 964 carnalis
865 941 909 963 448
927 946 939 962 a
951 952 982 956 —

416 990 476 1013 quae
494 990 505 1006 a
525 983 580 1005 facie
598 983 636 1004 Dei
654 982 743 1004 eiicitur
755 980 850 1003 incurrit
862 979 981 1005 vilitatem,

416 1023 602 1050 imbecillitatem,
620 1023 753 1049 egestatem,
766 1020 898 1042 caecitatem
912 1018 956 1040 236
969 1023 981 1039 a

415 1075 446 1079 —
458 1069 471 1085 a
488 1062 536 1084 Deo
553 1062 673 1089 elongatur
690 1066 731 1088 per
749 1059 903 1081 inordinatum
920 1063 982 1079 amo-

416 1107 464 1124 rem
479 1104 600 1129 parentum
613 1100 738 1122 carnalium
748 1102 770 1121 et
781 1104 858 1120 rerum
870 1100 982 1124 tempora-

416 1141 471 1163 lium
485 1141 529 1163 450
542 1139 556 1162 b
568 1152 599 1155 —
611 1145 624 1161 a
637 1140 683 1161 Deo
696 1138 806 1160 avertitur
816 1143 857 1165 per
869 1136 947 1164 gulam
960 1138 982 1157 et

417 1180 529 1203 luxuriam
548 1179 592 1201 306
611 1178 626 1200 1)
644 1191 673 1193 -
690 1177 847 1204 corrumpitur
860 1181 901 1203 per
918 1178 981 1203 petu-

417 1219 510 1242 lantiam
526 1218 600 1240 carnis
612 1217 657 1239 509
671 1217 685 1239 1)
699 1229 726 1232 —-
740 1222 781 1244 per
794 1219 872 1243 turpes
885 1214 982 1237 att'ectio·

417 1265 457 1281 nes
469 1258 605 1285 deturpatur
618 1257 663 1279 570
675 1263 686 1278 a
700 1268 730 1272 —
743 1255 879 1283 Exspoliatio
891 1254 982 1276 animae

416 1301 451 1321 est
465 1297 580 1323 cavenda,
597 1296 651 1324 quia
665 1302 705 1323 per
723 1295 795 1323 ipsam
814 1293 981 1320 damnificatur,

416 1337 538 1359 vilificatur
555 1338 577 1358 et
588 1335 719 1358 debilitatur
732 1334 777 1356 572
789 1340 810 1361 a,
825 1333 839 1355 b
853 1345 881 1348 —
895 1336 981 1360 pertur-

417 1375 484 1398 batur
497 1382 538 1403 per
550 1380 660 1402 errorem,
675 1374 782 1401 livorem,
796 1374 896 1394 furorem
910 1371 956 1393 376
969 1377 981 1393 a

465 1427 493 1430 —
512 1414 646 1442 purificatur
663 1419 704 1441 per
722 1411 885 1440 poenitentiam
904 1413 925 1433 et
945 1416 983 1438 pa-

417 1454 519 1476 tientiam
537 1452 581 1475 534
595 1452 609 1474 b
623 1465 651 1468 —
665 1455 773 1480 tanquam
786 1450 878 1478 sapiens
890 1449 982 1472 domina

417 1492 485 1516 debet
503 1493 602 1514 clamare
619 1491 800 1514 misericordiam
827 1489 856 1512 de
874 1490 983 1511 forefacto

416 1532 520 1560 corporis
537 1531 577 1553 521
599 1537 611 1552 a
635 1543 664 1546 —
687 1530 791 1557 dispersa
813 1534 854 1556 per
872 1528 981 1555 imagina-

417 1572 497 1598 tiones,
507 1570 664 1598 cogitationes,
673 1569 805 1591 affectiones
817 1571 839 1590 et
850 1567 982 1594 locutiones,

416 1610 486 1633 debet
503 1609 603 1638 recolligi
622 1610 666 1631 162
684 1608 699 1630 1)
716 1621 746 1625 -
763 1607 876 1630 Custodes
893 1607 983 1629 animae

417 1652 470 1672 sunt
487 1650 562 1677 timor,
580 1648 663 1677 pudor,
681 1648 754 1674 dolor,
771 1652 837 1669 amor
862 1647 905 1668 153
929 1652 950 1674 a,
968 1645 982 1667 1)

415 1701 446 1705 -
464 1694 505 1717 per
527 1691 629 1711 sanctam
654 1687 799 1715 disciplinam
823 1690 845 1708 et
867 1686 982 1708 virtuosas

416 1728 561 1756 operationes
578 1732 611 1750 est
628 1726 763 1754 excolenda,
777 1731 805 1748 ne
817 1725 939 1753 impleatur
951 1725 982 1746 vi-

416 1767 452 1790 tiis
469 1769 490 1789 et
516 1765 675 1795 prurientibus
700 1765 821 1788 desideriis
849 1765 890 1786 194
916 1770 928 1786 a
951 1776 981 1779 —

416 1806 500 1829 Contra
518 1805 629 1834 triplicem
646 1810 740 1827 causam
759 1803 900 1832 inquietandi
913 1802 982 1825 debet

417 1845 523 1868 collocari
543 1845 565 1867 in
589 1844 721 1866 fortitudine
743 1843 853 1869 caritatis,
878 1843 902 1864 in
925 1842 981 1864 valle

417 1884 551 1907 humilitatis
567 1886 589 1906 et
605 1884 629 1905 in
643 1883 764 1905 solitudine
777 1882 918 1910 paupertatis
936 1881 981 1903 675

418 1923 432 1945 b
449 1936 480 1940 —-
498 1929 543 1945 non
556 1926 630 1950 potest
642 1922 763 1945 sustentari
781 1922 830 1943 sine
843 1921 888 1943 fide
903 1920 980 1949 quoad

417 1968 467 1984 esse
485 1962 570 1990 gratiae
589 1962 632 1984 452
651 1968 663 1983 a
681 1974 711 1977 —
728 1961 835 1988 dirigitur
854 1967 893 1988 pcr
911 1960 980 1982 [idem

418 2000 446 2024 ib.
465 2001 479 2023 b
496 2014 526 2017 —
543 2004 620 2023 sancta
638 2000 707 2023 debet
724 2006 774 2022 esse
787 2000 853 2027 plena
866 1999 932 2027 aquis
944 1999 981 2020 ‹le-

416 2041 516 2063 votionis
533 2041 573 2063 571
595 2046 606 2062 a

464 2092 494 2095 —
512 2080 612 2107 perfecta
634 2079 772 2101 assimilatur
794 2078 905 2106 equitatui
928 2077 981 2098 Pha-

418 2119 495 2141 raonis
513 2119 552 2141 501
575 2118 590 2140 1)
607 2130 637 2134 ——
654 2118 738 2140 dicitur
760 2118 881 2145 paradisus
904 2117 982 2143 irriga-

417 2161 463 2185 tus,
482 2158 535 2186 quia
554 2161 587 2180 est
612 2158 675 2179 locus
699 2157 871 2179 scaturitionum
894 2161 982 2183 perma-

417 2197 527 2225 nentium,
545 2197 654 2219 arborum
668 2196 846 2224 pomiferarum,
865 2195 982 2217 habitatio·

418 2237 453 2258 nis
471 2236 574 2258 virorum
593 2236 739 2258 deiformium
759 2236 804 2258 335
822 2241 841 2263 a,
860 2235 874 2257 1)
902 2247 929 2250 --
950 2234 981 2256 di-

417 2276 475 2298 citur
493 2279 565 2298 mater
583 2276 621 2297 Dei
640 2275 683 2297 448
697 2281 708 2297 a
726 2287 756 2291 —
774 2275 874 2302 concipit
892 2274 913 2296 in
927 2274 980 2296 boni

417 2315 528 2343 propositi
541 2315 702 2342 inspiratione,
721 2314 780 2342 parit
797 2314 819 2336 in
837 2314 981 2336 exsecutione

417 2354 471 2377 ibid.
483 2366 514 2370 -
526 2354 609 2376 (licitur
626 2354 720 2381 clypeus
737 2360 821 2376 aureus
839 2356 933 2381 propter
944 2359 981 2374 au-

417 2400 482 2416 reum
501 2394 638 2421 sanguinem
656 2393 737 2415 Christi
757 2392 800 2414 449
818 2398 829 2414 a
851 2404 881 2408 —
898 2392 981 2414 dicitur

417 2433 486 2455 arbor
504 2433 627 2460 spiritualis
648 2432 690 2454 237
718 2439 729 2454 a
755 2445 786 2447 —
812 2432 887 2460 Quare
910 2431 982 2458 possit

418 2472 526 2500 appellari
545 2478 611 2494 mons
629 2472 653 2494 31
676 2478 687 2493 a
705 2484 735 2487 —
748 2474 912 2499 comparantur
929 2476 982 2491 ven-

418 2511 446 2533 tis
463 2511 506 2533 477
525 2511 539 2533 1)
558 2524 586 2527 —
598 2517 658 2540 quae
674 2514 708 2533 est
725 2511 850 2532 illuminata
871 2509 980 2537 sapientia

418 2554 451 2572 est
468 2550 549 2572 similis
565 2551 605 2572 soli
625 2553 718 2578 propter
736 2550 776 2571 tria
794 2550 838 2571 523
858 2550 879 2571 1).
898 2548 943 2570 :1524
960 2554 972 2570 a

465 2602 494 2605 —
513 2590 547 2611 illa
564 2592 598 2611 est
614 2589 680 2618 quasi
697 2589 759 2616 oris,
776 2595 837 2617 quae
849 2595 894 2611 uon
912 2588 981 2610 habet

417 2635 480 2650 arma
496 2629 524 2651 ad
538 2629 731 2656 impugnandum,
746 2634 791 2650 non
804 2634 890 2650 cornua
903 2634 981 2655 super·

419 2667 480 2695 biae,
504 2674 548 2689 non
574 2668 646 2689 calces
672 2667 803 2693 violentiae,
829 2673 875 2689 non
901 2667 981 2689 dentes

418 2707 569 2734 crudelitatis,
592 2712 637 2728 non
662 2712 751 2733 ungues
776 2706 917 2734 rapacitatis,
937 2712 980 2728 non

418 2752 533 2767 vencnum
553 2745 698 2773 malignitatis
721 2745 764 2766 -296
788 2752 798 2766 a
819 2757 847 2760 —
869 2745 886 2766 si
910 2745 980 2767 consi-

418 2784 482 2806 derat
493 2785 531 2806 Dei
544 2784 678 2812 sapientiam
692 2785 714 2806 in
727 2783 797 2805 rebus
815 2784 980 2812 corporalibus,

418 2828 451 2845 est
468 2824 526 2845 sicut
537 2829 633 2851 aurora;
650 2823 667 2845 si
681 2823 703 2845 in
717 2822 913 2850 intellectualibus,
923 2823 981 2845 sicut

419 2862 483 2889 lnna;
501 2862 518 2883 si
537 2863 557 2884 in
581 2862 744 2890 aeternalibus,
768 2862 826 2884 sicut
846 2863 879 2884 sol
905 2863 949 2884 326
968 2869 979 2884 a

417 2912 448 2917 ·-
465 2904 499 2923 est
516 2902 574 2923 sicut
600 2907 681 2923 aurora
709 2908 749 2929 per
774 2902 897 2929 rationem,
922 2901 980 2923 sicut

418 2940 469 2961 luna
494 2946 535 2967 per
553 2941 635 2967 tidem,
653 2941 711 2962 sicut
728 2941 760 2962 sol
779 2946 819 2968 per
841 2941 928 2962 donum
947 2941 980 2962 in-

419 2979 519 3000 tellectus
537 2978 589 3001 ibid.
608 2991 637 2995 —
657 2980 680 3001 tit
697 2986 738 3007 per
755 2980 901 3001 devotionem
922 2980 980 3002 sicut

1015 275 1106 303 virgula
1124 275 1191 302 t'umi;
1210 281 1250 302 per
1267 274 1450 301 admirationem,
1467 274 1525 295 sicut
1542 278 1580 294 au-

1014 320 1052 336 rea
1069 314 1123 336 luna
1140 317 1161 336 et
1178 314 1223 342 sol;
1240 320 1282 341 per
1298 313 1480 339 exsultationem,
1493 311 1579 334 deliciis

1014 354 1110 375 affluens
1135 353 1163 375 93
1190 359 1202 375 a
1225 365 1256 369 —
1278 353 1342 380 Quae
1362 352 1406 374 sint
1423 352 1472 374 eius
1495 350 1579 378 pedes,

1014 398 1109 420 gressus
1125 395 1147 414 et
1171 392 1324 414 calceamenta
1344 391 1383 413 45!
1413 397 1425 412 a
1443 403 1473 406 —
1496 390 1579 412 dicitur

1015 430 1100 453 habere
1117 433 1217 460 quatuor
1238 430 1321 458 pedes,
1346 429 1432 458 quibus
1457 429 1528 451 currit
1550 428 1578 450 ad

1016 473 1113 492 mortem
1131 473 1230 498 quatuor
1247 469 1354 497 passibus
1371 469 1416 491 225
1435 468 1449 490 b

1061 521 1092 525 —
1109 509 1151 530 Per
1168 509 1269 531 animam
1287 508 1399 535 accipitur
1413 507 1517 529 voluntas
1536 506 1575 528 421

1015 554 1027 570 a
1044 561 1075 563 —
1092 548 1198 570 Animam
1216 547 1358 570 sanctificare
1383 550 1418 568 est
1439 545 1581 568 sanctificare

1015 588 1109 609 affectus
1127 588 1213 609 amoris
1230 590 1251 609 et
1268 586 1444 609 benevolentiae
1464 585 1494 607 75
1518 584 1533 607 b
1551 597 1580 601 -

1015 627 1121 654 designat
1138 626 1208 648 vitam
1227 626 1340 648 carnalem
1359 626 1399 647 501
1422 624 1436 646 b

1062 666 1169 688 Anniam
1187 678 1217 681 —
1234 664 1339 687 lambunt
1355 670 1449 686 caucem
1468 663 1513 685 532
1531 669 1543 685 a

1062 717 1093 721 —
1110 707 1209 733 quatuor
1226 704 1356 732 significant
1370 705 1468 732 quatuor
1479 703 1581 729 Evange-

1015 744 1076 766 listas
1095 743 1139 765 454
1156 750 1177 766 a.
1195 744 1240 766 598
1260 743 1273 765 b
1290 756 1320 760 -
1338 746 1437 772 quatuor
1451 742 1581 770 significant

1015 786 1114 812 quatuor
1132 783 1254 811 Evangelia
1282 782 1325 805 Ἰ154
1343 789 1355 804 a
1377 794 1409 798 —
1434 782 1510 810 Quare
1534 787 1580 803 non

1016 825 1106 845 cessent
1123 823 1234 844 clamare:
1252 823 1355 849 Sanctus,
1368 823 1471 848 Sanctus,
1484 822 1581 843 Sanctus

1016 861 1060 884 598
1074 861 1089 884 1)
1101 874 1131 878 -
1146 862 1233 884 oculata
1252 861 1374 889 designant
1390 860 1581 888 contemplativos

1016 901 1061 923 472
1073 907 1085 923 a
1098 914 1128 917 —-
1140 901 1203 929 Quae
1216 901 1367 928 designentur
1380 906 1421 928 per
1433 905 1513 922 eorum
1526 905 1580 928 qua-

1016 943 1067 962 tuor
1081 940 1156 967 facies‚
1168 946 1262 968 pennas,
1276 946 1369 966 manus,
1388 939 1460 967 pedes
1477 942 1499 961 et
1516 939 1580 960 innu-

1016 979 1138 1002 merabiles
1156 980 1235 1002 oculos
1254 979 1297 1001 528
1317 978 1340 1001 b.
1360 978 1404 1001 520
1422 985 1434 1000 a
1449 991 1475 993 —
1490 979 1522 1000 De
1539 984 1580 1000 nu-

1017 1024 1080 1041 mero
1103 1019 1190 1047 pedum
1209 1019 1320 1046 Propheta
1345 1018 1381 1040 hic
1404 1024 1449 1040 non
1472 1017 1580 1046 loquitur,

1015 1058 1069 1087 quia
1088 1064 1132 1080 non
1150 1061 1184 1080 est
1202 1058 1328 1083 insolitum,
1346 1057 1408 1086 quod
1426 1057 1509 1079 animal
1526 1062 1580 1085 qua·

1016 1100 1067 1120 tuor
1084 1098 1156 1125 pedes
1179 1097 1261 1119 habeat
1284 1097 1328 1119 529
1352 1103 1364 1118 a
1389 1109 1416 1112 —
1439 1102 1499 1125 quae
1523 1095 1579 1118 vidit

1016 1137 1121 1164 loannes,
1140 1136 1262 1164 designaut
1279 1136 1341 1158 viros
1358 1136 1488 1163 spirituales
1509 1135 1549 1156 163
1568 1141 1579 1156 a

1063 1177 1123 1198 Anat
1141 1189 1171 1192 —
1189 1182 1246 1198 uxor
1264 1176 1367 1204 Elcanae,
1384 1181 1425 1202 per
1440 1174 1580 1196 benedictio-

1015 1222 1066 1238 nem
1086 1216 1187 1238 clix-inam
1207 1216 1289 1238 meruit
1307 1215 1423 1237 fecundari
1442 1214 1486 1236 (384
1505 1220 1516 1236 a

1062 1255 1213 1277 Annun'rtario
1223 1255 1247 1276 13.
1258 1255 1285 1276 ttt.
1296 1255 1323 1276 V.
1333 1267 1362 1269 —
1373 1254 1464 1276 Materia
1475 1254 1543 1275 huius
1554 1254 1581 1275 se-

1016 1295 1043 1316 sti
1053 1297 1086 1316 est
1096 1294 1230 1322 mysterium
1241 1294 1384 1321 altissimum,
1391 1293 1578 1315 decentissimum

1016 1337 1038 1355 et
1050 1334 1258 1356 fructuosissimum
1268 1334 1311 1355 659
1322 1333 1337 1355 1)
1346 1345 1377 1349 -
1387 1333 1445 1355 Vide
1457 1333 1483 1354 V.
1494 1331 1580 1355 Mai-ist.

1063 1373 1137 1395 Annus
1154 1385 1184 1389 —
1201 1373 1224 1394 in
1236 1378 1301 1395 sacra
1314 1372 1431 1400 Scriptura
1444 1374 1579 1393 numeratur

1016 1418 1086 1440 saepe
1104 1418 1145 1440 pro
1162 1412 1199 1434 die
1217 1412 1262 1434 200
1280 1418 1292 1434 a
1318 1424 1347 1428 —
1371 1412 1450 1433 tertius
1475 1410 1580 1438 designat

1017 1454 1108 1479 tempus
1125 1451 1225 1479 gratiae,
1243 1457 1312 1480 quem
1330 1451 1377 1473 duo
1398 1450 1436 1472 alii
1454 1455 1581 1478 praecesse-

1017 1494 1068 1513 runt
1085 1491 1130 1513 250
1148 1497 1159 1513 a
1178 1503 1208 1506 —
1225 1493 1302 1513 sextus
1314 1491 1427 1518 significat
1444 1492 1529 1512 sextam
1547 1494 1581 1511 ae-

1017 1533 1085 1552 tatem
1105 1531 1149 1552 070
1167 1536 1178 1552 a
1197 1542 1227 1546 —
1244 1532 1333 1558 septem
1351 1530 1473 1557 designant
1492 1532 1581 1557 septem

1016 1570 1104 1597 gradus
1121 1569 1320 1597 contemplationis
1337 1569 1382 1591 269
1401 1574 1413 1590 a
1431 1581 1459 1584 -
1478 1568 1582 1596 benigni-

1017 1609 1067 1631 tatis
1084 1612 1117 1631 est
1134 1615 1208 1631 annus
1225 1609 1312 1636 gratiae
1329 1609 1374 1630 682
1393 1607 1407 1630 b

1063 1649 1221 1670 ANTicnntsTus
1237 1660 1267 1664 —
1286 1648 1307 1670 ln
1320 1648 1369 1670 elus
1381 1647 1464 1670 diebus
1477 1647 1519 1669 erit
1532 1652 1581 1675 per-

1015 1687 1102 1709 secutio
1120 1689 1142 1709 et
1159 1686 1274 1709 tribulatio
1292 1686 1337 1709 454
1354 1693 1366 1708 a
1386 1699 1413 1702 —
1432 1687 1508 1715 Quare
1530 1686 1580 1708 eius

1014 1726 1080 1754 signa
1098 1729 1209 1748 vocentur
1222 1726 1341 1748 mendacia
1360 1726 1388 1748 24
1407 1725 1421 1748 b
1435 1738 1463 1741 —-
1475 1726 1529 1748 Eius
1541 1726 1581 1747 mi-

1015 1765 1078 1787 nistri
1096 1765 1207 1787 inducunt
1224 1765 1279 1787 alios
1296 1765 1325 1787 ati
1340 1765 1458 1787 falsitatem
1476 1765 1505 1787 25
1519 1764 1533 1787 b
1551 1777 1581 1780 —

1014 1805 1068 1826 Eius
1085 1811 1141 1827 oves
1157 1807 1210 1827 sunt
1227 1804 1300 1832 impii,
1312 1804 1366 1833 quia
1378 1804 1463 1826 similes
1475 1807 1528 1826 sunt
1542 1804 1580 1826 ovi

1015 1843 1143 1871 aberranti,
1160 1844 1287 1871 aegrotanti
1305 1847 1325 1866 et
1344 1843 1479 1871 periclitanti
1497 1844 1542 1865 302
1568 1849 1580 1865 a

1014 1895 1045 1899 —
1062 1883 1115 1905 Eius
1131 1886 1153 1905 et
1169 1889 1264 1905 suorum
1283 1883 1402 1910 percussio
1419 1885 1441 1904 et
1464 1882 1580 1904 damnatio

1015 1922 1043 1944 34
1063 1921 1077 1944 b
1094 1934 1124 1938 —
1142 1922 1219 1944 veniet
1236 1922 1264 1944 ad
1283 1922 1394 1944 iudicium
1412 1928 1464 1943 cum
1483 1922 1580 1949 pseudo-

1015 1962 1124 1988 apostolis
1142 1966 1163 1983 et
1180 1961 1390 1989 pseudoprophetis
1407 1961 1436 1982 72
1455 1967 1467 1982 a

1063 2001 1172 2022 :mosius
1187 2013 1216 2016 —
1228 2000 1301 2022 abbas
1313 2000 1396 2022 dicitur
1411 2000 1504 2026 vidisse,
1516 2000 1578 2028 quod

1016 2043 1076 2062 tutus
1095 2039 1196 2062 mundus
1214 2043 1262 2061 crat
1279 2040 1361 2067 plenus
1378 2040 1465 2067 laqueis
1477 2039 1517 2061 541
1540 2045 1552 2061 a

1062 2092 1092 2095 —
1111 2079 1233 2101 Paduanus
1250 2079 1427 2100 commendatur
1449 2084 1461 2100 a
1487 2079 1579 2100 divinae

1015 2119 1072 2146 tegis
1084 2118 1224 2146 impletione,
1236 2118 1307 2140 divini
1321 2118 1421 2140 nominis
1434 2118 1578 2140 invocatione

1016 2161 1038 2180 et
1056 2157 1158 2179 muneris
1175 2157 1334 2184 impetratione
1352 2157 1396 2179 535
1406 2163 1418 2178 a
1432 2169 1461 2173 -—
1473 2157 1578 2179 divinum

1015 2203 1101 2219 nomen
1125 2196 1242 2218 invocavit
1267 2196 1367 2218 clamore
1391 2191 1578 2224 praedicationis,

1015 2236 1176 2262 consessionis,
1194 2236 1303 2257 orationis
1319 2239 1341 2257 ct
1362 2236 1516 2258 exsultationis
1534 2236 1578 2258 537

1016 2275 1030 2297 1)
1048 2287 1078 2291 -
1095 2275 1117 2296 in
1135 2275 1215 2296 semita
1234 2274 1376 2302 paupertatis
1388 2281 1432 2296 nou
1445 2277 1493 2296 erat
1505 2275 1578 2296 solum

1016 2314 1142 2341 Francisri,
1161 2313 1202 2336 sed
1219 2314 1287 2335 etiam
1305 2313 1387 2336 Christi
1400 2314 1500 2335 imitator
1517 2319 1579 2341 egre-

1015 2353 1067 2381 gius
1085 2353 1128 2375 535
1147 2359 1158 2375 a
1177 2365 1207 2369 —
1218 2353 1248 2375 ad
1262 2353 1425 2381 perfectionem
1438 2353 1579 2380 paupertatis

1016 2395 1091 2414 motus
1116 2395 1149 2414 est
1174 2395 1268 2420 propter
1294 2392 1437 2420 quadruplex
1464 2392 1577 2414 motivum

1015 2431 1060 2454 5:35
1077 2438 1098 2458 a,
1117 2431 1130 2453 1)
1156 2443 1186 2447 -—
1209 2430 1288 2453 habuit
1311 2434 1470 2458 paupertatem
1496 2431 1578 2458 altam,

1016 2470 1169 2498 profundam,
1186 2471 1254 2492 latam
1280 2473 1302 2492 et
1328 2471 1418 2497 longam
1446 2470 1489 2491 536
1509 2469 1523 2491 1)
1547 2482 1578 2486 -

1016 2510 1068 2531 Eius
1085 2513 1210 2537 paupertas
1228 2510 1269 2531 tuit
1286 2515 1333 2531 non
1352 2512 1437 2531 tantum
1456 2509 1578 2535 sufficiens,

1014 2549 1055 2571 sed
1073 2549 1141 2571 etiam
1159 2548 1280 2570 abundans
1297 2551 1319 2570 et
1337 2549 1436 2575 perfecta
1454 2549 1498 2570 3535
1516 2554 1527 2569 a
1548 2560 1578 2564 —

1015 2594 1069 2616 prae
1087 2588 1135 2610 aliis
1154 2587 1295 2616 pauperibus
1317 2588 1447 2615 specialiter
1472 2590 1505 2609 est
1528 2587 1578 2609 imi-

1015 2627 1097 2649 tandus
1114 2633 1139 2649 ac
1157 2627 1285 2655 specialiter
1303 2626 1449 2648 venerandus
1466 2626 1518 2649 ibid.

1061 2679 1089 2682 —-
1109 2667 1193 2688 litteras
1210 2672 1254 2688 non
1277 2666 1355 2692 scivit,
1375 2669 1395 2687 et
1418 2668 1492 2687 tamen
1519 2666 1577 2687 bene

1014 2705 1156 2733 praedicavit
1174 2705 1214 2727 581
1229 2705 1243 2727 1)
1255 2717 1285 2721 -
1298 2705 1404 2732 flagravit
1416 2704 1576 2726 ardentissittio

1015 2745 1129 2767 desiderio
1147 2745 1248 2772 martyrii
1267 2744 1311 2766 538
1330 2744 1344 2766 b
1362 2756 1391 2760 —
1408 2744 1496 2771 accepit
1514 2750 1576 2765 coro-

1014 2790 1066 2806 nam
1084 2790 1178 2806 auream
1196 2787 1217 2806 et
1234 2784 1332 2811 duplicis
1349 2784 1455 2805 aureolae
1472 2782 1526 2805 ibid.

1061 2824 1146 2845 Anates
1166 2835 1196 2839 —
1222 2823 1327 2850 designat
1351 2822 1575 2844 confoederationem

1015 2862 1185 2884 benevolentiae
1203 2861 1295 2884 divinae
1312 2861 1355 2883 347
1376 2861 1389 2883 1)

1061 2901 1111 2923 Aris
1129 2913 1156 2916 —-
1174 2907 1255 2923 succos
1273 2902 1355 2922 florum
1373 2900 1466 2928 colligit,
1483 2906 1542 2928 quos
1553 2900 1576 2921 in

1014 2942 1078 2962 favos
1092 2940 1182 2967 dividit,
1195 2943 1216 2962 et
1228 2940 1349 2962 commixta
1362 2939 1463 2967 quadam
1481 2939 1516 2961 sni
1533 2940 1576 2966 spi-

1013 2979 1070 3001 ritus
1087 2979 1240 3006 proprietate,
1259 2979 1302 3000 mel
1320 2978 1373 3000 inde
1390 2978 1481 3000 coniicit
1499 2978 1543 3000 281-
1562 2977 1576 2999 1)

960 197 1061 225 INDEX
1083 196 1323 225 ALPHABETICUS
1343 196 1422 224 NONI
1444 193 1632 224 VOLUMINIS.

1870 234 1924 257 APO

1660 274 1745 295 Aponio
1754 286 1785 290 -—
1796 274 1958 302 interpretatur
1970 274 2121 296 admirandus
2133 275 2177 296 218

1614 311 1628 333 b
1645 324 1676 328 —
1693 315 1768 340 potest
1785 313 1886 341 figurare
1903 313 2018 336 Christum
2038 312 2091 336 ibid.

1660 352 1764 374 Arosrott
1780 364 1811 368 —
1833 352 1941 374 dicuntur
1962 352 2079 380 principes
2100 353 2178 380 populi

1614 390 1658 411 257
1677 396 1689 412 a
1707 402 1736 407 —
1754 391 1863 414 viderunt
1879 391 1982 413 (livmam
2000 391 2138 413 Maiestatem
2156 391 2178 413 in

1614 429 1731 452 mundana
1749 434 1865 457 creatura,
1887 434 1988 452 assumta
2010 433 2102 458 natura,
2127 436 2178 457 pro-

1614 468 1664 496 pria
1682 469 1821 491 conscientia
1841 470 1886 491 290
1898 475 1910 491 a
1924 482 1953 485 —-
1966 470 2008 491 l‘er
2025 470 2066 491 has
2077 469 2179 491 visiones

1615 510 1668 530 sunt
1686 508 1804 536 tripliciter
1829 508 1948 530 illuminati
1974 508 2028 531 ibid.
2050 520 2081 524 ——
2103 508 2180 530 audie-

1614 550 1667 569 runt
1686 547 1788 569 Verbum
1806 551 1905 576 quatuor
1918 547 1993 570 modis
2012 547 2055 569 402
2069 554 2081 569 a
2100 560 2130 563 -
2142 548 2180 569 ha-

1615 585 1716 608 buerunt
1733 587 1923 614 complacentiam
1936 586 2063 609 dilectionis
2075 586 2179 609 ridentes

1615 626 1711 653 gloriam
1730 625 1812 648 Christi
1831 626 1987 654 transfigurati
2004 626 2049 647 218
2067 625 2082 647 b
2099 638 2130 642 —-
2142 632 2179 653 pe-

1615 664 1737 687 riclitantes
1755 665 1860 687 divinum
1873 665 1981 687 auxilium
1994 667 2127 687 reverenter
2139 671 2180 692 po-

1614 703 1758 726 stulaverunt
1774 707 1796 726 et
1819 704 1940 727 efficaciter
1962 704 2112 726 obtinuerunt
2135 704 2178 725 '¹88

1615 749 1627 764 a
1643 755 1675 759 —
1692 743 1721 765 de
1739 746 1813 766 morte
1829 743 1911 766 Christi
1928 744 2078 766 vehementer
2094 743 2181 765 desola-

1615 781 1699 804 bantur
1717 782 1761 804 307
1787 782 1802 804 b
1819 795 1850 798 —
1873 782 1982 805 dolebant
2006 782 2035 804 de
2056 782 2180 804 amissione

1615 822 1741 849 corporalis
1760 822 1902 849 praesentiae
1919 821 2001 844 Christi
2020 821 2064 844 289
2082 827 2094 843 a
2106 833 2137 837 —
2149 821 2180 843 vi-

1615 860 1702 887 dentes,
1715 860 1830 883 Christum
1845 861 2004 888 resurrexisse,
2016 860 2084 882 valde
2095 860 2181 887 gaude-

1616 899 1669 921 bant
1688 899 1740 922 ibid.
1762 911 1793 916 —
1809 899 1920 928 quamdiu
1945 899 2076 921 habuerunt
2101 905 2180 921 conso-

1614 939 1722 961 lationem
1739 938 1821 962 Christi
1838 939 1860 961 in
1879 945 1961 965 carne,
1979 945 2023 961 non
2043 941 2180 966 receperunt

1615 978 1725 1006 Spiritum
1744 978 1830 1000 amoris
1848 978 1891 1001 317
1912 978 1925 1000 b

1661 1030 1692 1034 —
1710 1018 1731 1039 in
1749 1017 1788 1040 die
1806 1018 1950 1040 Pentecostes
1967 1017 2047 1045 repleti
2064 1019 2117 1039 sunt
2136 1017 2180 1039 cla-

1615 1057 1692 1085 ritate,
1711 1057 1803 1084 pietate,
1820 1057 1940 1083 suavitate,
1957 1057 2062 1085 caritate,
2088 1062 2180 1084 magna-

1615 1096 1717 1118 nimitate
1735 1096 1779 1118 336
1797 1102 1809 1118 a
1829 1109 1856 1111 —
1874 1096 1896 1118 in
1914 1096 1951 1118 die
1969 1096 2125 1118 Pentescostes
2142 1096 2179 1117 ha-

1614 1134 1701 1157 bebant
1717 1135 1895 1157 redundantiam
1913 1135 1935 1157 in
1953 1135 2136 1163 praedicatione,
2148 1140 2180 1156 re·

1614 1174 1748 1201 fulgentiam
1772 1174 1793 1196 in
1816 1174 2006 1201 conversatione,
2023 1174 2179 1196 resonantiam

1615 1213 1635 1235 in
1653 1213 1787 1241 operatione
1804 1214 1849 1235 332
1866 1219 1878 1235 a
1897 1226 1925 1229 —
1943 1213 1964 1235 in
1982 1213 2019 1235 die
2037 1213 2181 1235 Pentecostes

1614 1253 1693 1280 repleti
1710 1256 1764 1275 sunt
1787 1252 1913 1275 abundanti
1939 1253 2055 1275 influentia
2082 1252 2180 1280 Spiritus

1615 1293 1637 1314 S.
1658 1292 1701 1314 337
1720 1298 1732 1313 a
1750 1304 1780 1308 —
1797 1298 1809 1314 a
1828 1292 1913 1319 Spiritu
1931 1292 1954 1314 S.
1976 1292 2049 1314 ornati
2074 1294 2128 1314 sunt
2144 1298 2180 1314 co-

1615 1331 1720 1358 piositate
1738 1331 1836 1358 gratiae,
1849 1331 1960 1359 dignitate
1972 1331 2122 1359 praelaturae,
2134 1330 2180 1353 dei-

1615 1370 1729 1392 formitate
1746 1369 1833 1397 gloriae
1851 1370 1896 1392 332
1914 1369 1929 1392 b
1946 1382 1976 1386 —
1993 1370 2139 1398 singulariter
2158 1372 2180 1392 et

1614 1409 1748 1431 excellenter
1765 1408 1888 1431 virtutibus
1911 1412 1932 1431 et
1955 1409 2022 1431 donis
2044 1408 2180 1431 caelestibus

1614 1454 1626 1470 a
1645 1448 1731 1476 Spiritu
1750 1448 1773 1470 S.
1789 1452 1842 1471 sunt
1858 1448 1961 1470 adornati
1980 1449 2020 1471 331
2042 1454 2055 1470 a
2078 1461 2107 1464 ——
2124 1449 2179 1477 quia

1615 1488 1767 1510 ascenderant
1783 1488 1812 1510 ad
1833 1488 2050 1516 contemptationem
2072 1490 2094 1510 et
2115 1487 2180 1510 obse-

1615 1527 1754 1555 crationem,
1772 1527 1892 1555 adimpleti
1913 1530 1965 1549 sunt
1988 1527 2072 1555 Spiritu
2094 1527 2116 1549 S.
2134 1528 2178 1549 319

1616 1566 1630 1588 b
1647 1579 1677 1582 —
1697 1566 1762 1594 prius
1786 1566 1870 1588 virtute
1896 1566 1994 1594 Spiritus
2011 1567 2034 1588 S.
2052 1566 2136 1588 muniti
2157 1569 2179 1589 et

1614 1608 1669 1628 tunc
1694 1609 1803 1635 tanquam
1830 1608 2016 1634 propugnatores
2041 1606 2105 1628 missi
2127 1608 2181 1628 sunt

1614 1646 1655 1668 331
1677 1645 1692 1667 1)

1659 1697 1690 1701 -
1708 1686 1730 1707 ln
1748 1685 1803 1713 ipsis
1816 1684 1927 1707 Dominus
1940 1684 2045 1707 fundavit
2057 1684 2179 1706 Ecclesiam

1614 1725 1659 1747 372
1678 1724 1692 1747 1)
1710 1737 1740 1740 -
1757 1727 1811 1747 sunt
1828 1724 1961 1747 fundatores
1978 1727 2000 1746 et
2021 1723 2125 1751 magistri
2141 1724 2180 1746 Ec-

1613 1764 1695 1786 clesiae
1712 1763 1753 1785 34!
1783 1770 1796 1785 a
1819 1776 1849 1779 —
1875 1763 2030 1786 fundaverunt
2055 1763 2178 1785 Ecclesiam

1615 1803 1790 1826 ministerialiter
1808 1803 1852 1825 603
1870 1809 1883 1825 a
1908 1815 1938 1819 —
1960 1804 2013 1825 sunt
2030 1802 2094 1825 missi
2111 1802 2140 1824 ad
2157 1802 2180 1824 11-

1614 1842 1756 1865 berationem
1775 1842 1887 1865 Ecclesiae
1908 1841 1952 1863 604
1979 1841 1994 1864 b
2018 1853 2049 1857 -
2074 1842 2179 1869 ipsorum

1614 1881 1658 1904 tide
1677 1882 1775 1904 Ecclesia
1793 1881 1928 1903 inconcusse
1945 1881 2052 1903 fundatur
2064 1881 2108 1902 602
2121 1879 2136 1902 b
2148 1892 2178 1897 —

1615 1921 1769 1943 fundaverunt
1786 1920 1907 1943 Ecclesiam
1935 1926 1975 1948 per
1993 1920 2098 1948 spiritum
2122 1926 2179 1947 pau-

1614 1960 1707 1988 pertatis
1725 1960 1769 1982 374
1787 1966 1800 1981 a
1816 1971 1847 1976 —
1865 1960 1915 1982 licet
1932 1962 2008 1982 essent
2024 1959 2092 1987 positi
2108 1962 2179 1981 recto-

1613 2006 1650 2021 res
1667 1999 1730 2022 orbis
1747 2003 1828 2026 terrae,
1846 2005 1892 2021 non
1908 2002 1973 2021 erant
1989 1998 2083 2026 superbi
2101 1999 2146 2020 332
2163 1997 2178 2020 b

1660 2051 1690 2054 —
1709 2038 1742 2061 Ab
1759 2038 1792 2061 eis
1809 2038 1946 2060 charismata
1964 2038 1985 2060 in
2005 2038 2126 2060 Ecclesiam
2139 2038 2179 2060 de-

1614 2079 1718 2100 rivantur
1736 2078 1779 2099 689
1798 2084 1810 2099 a
1829 2090 1857 2093 --
1884 2081 1957 2099 tantas
1980 2077 2064 2105 gratias
2085 2083 2178 2105 accepe-

1613 2122 1672 2144 runt,
1690 2120 1715 2139 ut
1732 2117 1800 2139 ctiam
1819 2118 1839 2139 in
1858 2117 1913 2139 alios
1930 2117 2088 2139 redundarent
2105 2117 2150 2139 332
2163 2116 2177 2138 1)

1612 2169 1643 2173 -
1661 2157 1744 2179 Eorum
1762 2157 1870 2184 suffragia
1889 2159 1994 2178 exercent
2015 2162 2123 2184 magnam
2146 2156 2177 2178 in·

1613 2196 1731 2218 fluentiam
1748 2196 1770 2217 in
1790 2196 1886 2218 Ecclesia
1904 2194 1956 2217 ibid.

1659 2248 1689 2251 -
1708 2236 1806 2257 fructum
1824 2235 1948 2257 attulerunt
1964 2234 2067 2256 iniidehs
2084 2240 2178 2256 conver-

1613 2274 1681 2296 tendo
1701 2274 1744 2296 457
1758 2280 1769 2296 a
1787 2286 1818 2290 —-
1831 2274 1944 2296 mundum
1957 2280 2001 2296 non
2014 2276 2178 2296 converterunt

1612 2314 1712 2336 exercitu
1729 2319 1842 2342 equorum
1861 2317 1882 2335 et
1900 2313 1986 2335 divitiis
2004 2313 2048 2335 374
2066 2319 2079 2334 a
2093 2325 2120 2328 ——
2138 2313 2177 2335 de—

1614 2352 1713 2375 buerunt
1731 2353 1863 2380 ignorantes
1885 2356 1907 2374 et
1932 2352 2057 2374 esurientes
2082 2351 2176 2374 reficere

1612 2392 1664 2413 cibo
1681 2392 1771 2414 caelesti
1789 2392 1834 2413 379
1852 2398 1863 2413 a
1884 2391 2002 2413 -iaculis
2016 2391 2175 2413 νει-1101151311)

1612 2437 1710 2458 magnos
1727 2437 1796 2459 quam
1816 2437 1900 2458 pueros
1917 2436 1991 2459 aeque
2008 2429 2119 2452 feriebant
2131 2430 2175 2452 373

1612 2469 1626 2491 b
1644 2482 1673 2486 -—-
1691 2473 1803 2492 vocantur
1825 2471 1966 2497 professores
1992 2469 2107 2496 Evangelii
2131 2469 2175 2491 372

1612 2509 1626 2531 1)
1644 2521 1673 2525 ——
1691 2509 1781 2531 ammas
1797 2515 1851 2531 suas
1867 2509 1963 2531 libenter
1981 2511 2108 2536 posuerunt
2132 2514 2174 2535 pro

1610 2548 1682 2570 salute
1699 2549 1824 2571 electorum
1843 2548 1887 2570 374
1906 2547 1920 2569 1)

1659 2600 1687 2602 -
1704 2587 1819 2609 Christum
1837 2587 1909 2609 secuti
1920 2590 1973 2609 sunt
1985 2587 2108 2613 humiliter,
2124 2592 2175 2608 con-

1610 2626 1716 2654 corditer,
1735 2629 1909 2654 perseveranter
1926 2625 1954 2649 ιἸ).
1972 2632 1983 2648 a
2003 2639 2031 2641 —
2058 2626 2099 2648 l'er
2120 2627 2175 2647 haec

1611 2667 1710 2693 perfecte
1727 2665 1897 2688 reducebantur
1922 2666 1952 2687 ad
1970 2665 2102 2688 Trinitatem
2122 2664 2174 2687 ibid.

1609 2717 1640 2721 —-
1658 2707 1762 2732 potentes
1780 2706 1870 2727 fuerunt
1887 2705 1908 2726 in
1927 2704 2042 2726 miraculis
2060 2705 2104 2725 682
2119 2703 2132 2725 b
2145 2715 2174 2719 -

1611 2744 1673 2766 missi
1691 2746 1744 2766 sunt
1761 2747 1870 2772 tanquam
1888 2744 1936 2765 veri
1955 2746 2022 2766 testes
2040 2743 2063 2765 in
2084 2743 2174 2765 univer-

1610 2789 1661 2805 sum
1680 2783 1794 2805 mundum
1813 2784 1857 2806 308
1875 2789 1887 2805 a
1905 2795 1934 2799 ——
1954 2787 1977 2805 ut
2001 2782 2075 2805 nubes
2097 2783 2174 2804 volant

1610 2823 1717 2851 pluendo,
1734 2823 1879 2845 coruscando
1897 2826 1919 2845 et
1936 2822 2036 2845 tonando
2055 2822 2098 2843 530
2118 2821 2132 2843 1)
2143 2834 2174 2838 -

1610 2862 1695 2884 litteras
1712 2868 1755 2884 non
1778 2862 1935 2889 addiscerant,
1959 2861 2018 2889 pleni
2041 2864 2118 2883 tamen
2141 2866 2174 2882 sa-

1611 2900 1693 2928 pientia
1713 2902 1804 2923 suerunt
1821 2904 1843 2923 et
1867 2901 1923 2923 alios
1948 2901 2103 2922 instruxerunt
2128 2899 2168 2921 58l

1611 2939 1632 2961 b.
1650 2940 1695 2961 582
1713 2945 1725 2961 a
1743 2952 1773 2956 —
1785 2940 1886 2962 efficacia
1898 2939 2007 2962 orationis
2019 2939 2100 2960 Christi
2114 2938 2172 2960 tirmi

1610 2979 1701 3000 fuerunt
1719 2978 1739 3000 iu
1758 2978 1854 3000 veritate
1871 2978 1915 3000 523
1933 2985 1945 3000 a
