2269 3448
703 219 744 247 DE
767 219 910 247 sstttltt'rls
932 218 1096 246 sERAPtltCt
1120 218 1292 246 DOC't'Oltts.
1840 220 1868 248 11

121 300 303 336 compositum
325 307 384 328 esse
400 299 481 327 debet
497 298 548 326 iam
564 301 626 326 ante
641 305 744 325 annum
765 298 847 330 1257,
863 304 926 325 rum
943 296 969 324 in

121 347 239 384 quodam
267 346 343 375 valde
367 345 481 382 antiquo
507 344 599 373 codice
620 344 747 372 Trecensi
770 352 786 371 a
808 343 921 371 librario
943 343 968 371 16

121 395 174 422 line
196 393 296 422 codicis
317 393 484 421 exhibeatur
504 392 547 420 hic
561 399 660 424 annus,
682 399 738 428 quo
753 390 896 427 exemplar
919 390 969 418 lioc

121 440 254 477 scriptum
278 440 320 468 sit.
344 440 453 467 l'raeter
476 439 550 467 hunc
572 438 702 471 codicem,
724 437 771 474 qui
801 437 826 465 in
853 444 970 464 numero

120 487 282 515 collatorum
305 482 429 515 codicum
453 486 542 514 locum
566 485 727 521 vigesimum
753 484 850 516 habet.
872 484 915 511 alii
932 485 969 512 12⁹2

120 534 208 562 collati
232 536 297 561 sunt
326 533 476 569 pluresque
501 533 631 568 antiquae
660 531 801 560 editiones.
832 531 969 559 Numerus

120 581 324 616 601111·11111,(’[61
347 580 438 608 adhuc
459 579 593 613 existunt,
615 583 655 607 est
678 578 755 607 valde
777 586 902 615 magnus,
918 578 969 606 sci-

121 628 182 655 licet
204 629 270 661 227,
286 631 312 655 61
328 627 504 663 comprobat,
526 626 620 663 ([161611
645 628 750 653 veteres
765 624 970 653 aestimaverint

122 675 195 703 11666
218 675 319 703 librum
342 674 386 710 (de
409 673 452 702 his
467 673 528 701 vide
545 672 608 701 ibid.
624 680 683 709 pag.
701 672 873 705 XVll-XXVl,
896 671 969 699 etde

109 722 214 750 multis
235 721 401 750 editionibus
422 729 482 757 pag.
505 720 582 754 XVl).

161 774 162 777 ’
200 770 226 796 ⁹2.
250 768 287 796 De
308 767 488 796 celeberrimo
507 767 641 803 opusculo
657 766 851 794 latuerat-[unz
868 765 970 794 16661113

121 815 151 843 in
175 816 264 843 Dema
287 819 358 851 (pag.
381 814 522 849 aee-313)
546 817 666 848 notatur,
690 813 756 842 illud
779 813 970 841 1616061661-

121 870 221 891 vernae
243 862 377 898 scriptum
399 869 458 890 csse
473 869 544 889 anno
562 862 635 889 1259
658 860 731 889 circa
752 868 872 889 inensem
889 860 969 888 Octo-

120 909 187 943 bris,
204 912 233 937 ut
248 912 345 937 auctor
368 912 485 937 testatur
507 909 533 936 in
558 908 678 945 Prologo.
695 907 772 944 Opus
793 910 834 935 est
856 907 969 944 prosun-

119 956 262 984 dissimuin
285 959 328 989 et,
352 959 382 984 ut
404 956 472 984 bene
502 955 679 992 intelligatur,
709 954 838 991 supponit
869 954 968 991 passim

121 1003 204 1031 totius
226 1002 405 1031 scholasticae
426 1002 567 1030 doctrinae
582 1001 733 1030 scientiam.
752 1001 968 1038 Explicationem

120 1050 242 1079 eiusdem
267 1050 318 1077 iam
341 1050 451 1078 saeculo
466 1049 519 1077 XV.
540 1049 655 1077 tentavit
669 1048 780 1085 quidam
805 1049 889 1076 lector
905 1048 968 1076 l'ro-

120 1097 224 1125 vinciae
246 1097 390 1130 Saxoniae,
412 1097 572 1125 Bertramus
593 1096 626 1124 de
648 1096 727 1129 Alen,
750 1096 783 1124 de
805 1104 860 1132 quo
889 1096 970 1132 plura

120 1143 181 1172 vide
198 1143 300 1180 l'roleg.
317 1152 376 1180 pag.
393 1144 481 1172 XXVl.
500 1143 538 1171 Ex
556 1143 621 1171 locis
642 1143 722 1171 libelli
741 1143 809 1171 male
826 1142 970 1171 intellectis

119 1190 305 1227 Ontologistae
328 1194 469 1219 tentarunt
490 1190 589 1218 salsum
612 1198 694 1218 suum
717 1194 837 1226 systema.
856 1189 968 1223 fulcire3

119 1238 163 1266 alii
187 1242 365 1275 putaverunt,
381 1246 444 1266 eum
460 1237 629 1266 confundere
644 1246 702 1265 esso
720 1237 818 1274 primo
834 1245 849 1265 a
866 1237 970 1265 rationo

119 1285 292 1314 intellectum
307 1293 369 1314 cuni
386 1285 450 1314 Deo.
464 1285 514 1313 Sed
531 1285 557 1313 in
573 1285 678 1313 adiecto
695 1285 799 1313 scholio
815 1286 886 1321 (pag.
900 1284 970 1313 313-

121 1333 188 1367 5111)
204 1332 376 1361 defendimus
397 1335 538 1360 auctorem
561 1332 595 1360 ab
612 1332 656 1360 his
675 1331 749 1360 falsis
765 1332 969 1368 interpretatio-

120 1379 210 1413 nibus,
227 1379 252 1407 in
275 1379 365 1416 specie
387 1379 531 1416 probatur,
553 1379 579 1407 in
603 1379 654 1407 isto
670 1387 692 1407 c.
708 1379 738 1406 V.
756 1379 888 1407 Itinerarii
912 1386 971 1407 esse

120 1434 275 1455 sermonem
297 1426 330 1454 de
352 1426 589 1463 contemplatione,
605 1434 687 1463 quam
711 1426 793 1454 habet
815 1425 916 1454 oculus
938 1425 971 1453 11-

120 1473 283 1502 lumiuatus
297 1473 330 1502 de
350 1484 363 1498 «
376 1482 435 1501 esse
449 1473 527 1510 quod
541 1477 581 1501 est
595 1481 690 1510 supra
705 1481 757 1501 603
773 1484 798 1500 ».
816 1473 911 1509 Agitur
934 1472 969 1500 ibi

119 1529 172 1549 non
195 1521 228 1549 de
246 1521 346 1557 primo
368 1520 481 1557 60911110
504 1520 632 1554 rationis,
655 1520 700 1548 sed
724 1520 757 1548 de
778 1519 918 1553 essentia,
942 1522 972 1547 ut

118 1568 230 1601 dicunt,
251 1566 469 1604 metaphysica,
492 1575 541 1596 seu
562 1567 595 1596 de
611 1567 700 1603 primo
720 1567 898 1595 constitutivo
914 1567 971 1600 Dei,

120 1622 155 1643 ex
177 1623 232 1651 quo
254 1615 307 1642 alia
328 1614 420 1642 omnia
435 1614 481 1644 Dei
504 1614 638 1642 attributa
660 1614 747 1651 logico
762 1613 858 1642 ordine
873 1613 970 1642 deduci

119 1665 243 1698 possunt.
267 1662 305 1690 De
327 1661 448 1698 antiquis
470 1661 636 1689 editionibus
665 1660 750 1689 huius
780 1660 862 1689 libelli
885 1664 911 1689 et
939 1660 972 1688 de

121 1708 175 1737 138
198 1708 350 1741 codicibus,
374 1716 493 1745 quorum
519 1709 552 1736 15
575 1711 640 1737 sunt
662 1708 761 1742 collati,
784 1707 844 1736 vide
867 1707 971 1744 Proleg.

118 1763 178 1792 pag.
201 1755 418 1784 XXVll-XXXlll.

198 1802 223 1831 3.
249 1802 429 1839 Opuseubam
445 1802 478 1830 de
499 1802 666 1830 reductione
687 1801 797 1830 mairam
815 1800 971 1829 (1111116010-

117 1850 199 1887 92·ch
222 1850 294 1887 (pag.
318 1850 468 1885 319-325).

199 1897 277 1925 Circa
299 1897 411 1925 titulum
436 1896 518 1925 libelli
541 1888 706 1930 notandum,
728 1896 820 1933 ipsum
836 1904 889 1924 non
912 1903 971 1924 esse

118 1951 168 1972 nec
183 1944 329 1980 antiquum
351 1952 400 1972 nec
422 1944 639 1972 convenientem.
658 1943 752 1971 Plures
767 1943 873 1972 codices
896 1943 971 1971 libel-

119 1990 176 2019 lum
192 1991 348 2019 inscribunt
374 2002 386 2015 «
403 1991 498 2019 Sermo
512 1990 607 2019 fratris
629 1990 819 2019 Beneventure
833 2001 859 2023 »,
880 1989 972 2018 verbis

119 2038 203 2066 variis
224 2038 331 2066 additis.
355 2038 495 2066 luvenitur
517 2038 598 2066 etiam
622 2037 735 2066 titulus:
753 2037 792 2065 De
810 2037 884 2065 Orm
902 2037 971 2073 (sive

119 2084 278 2119 Diuisione)
294 2085 502 2117 scientiarum,
525 2084 570 2113 sed
594 2085 646 2113 hoc
668 2084 778 2113 nomine
799 2084 971 2121 significatur

118 2140 188 2169 opus
209 2132 324 2161 alterins
345 2132 483 2166 auctoris,
505 2132 562 2160 scil.
585 2132 694 2160 Roberti
717 2131 866 2159 Kilwardbi
889 2131 920 2159 O.
944 2131 969 2158 l’.

118 2179 195 2216 Opus
218 2183 308 2208 tamen
331 2180 540 2209 Bonaventurae
561 2185 602 2209 est
623 2183 699 2208 certo
720 2180 872 2216 genuinum
888 2182 915 2207 et
930 2179 971 2206 in-

119 2227 230 2255 venitur
253 2227 278 2255 in
302 2227 430 2263 pluribus
452 2227 619 2255 editionibus
640 2226 762 2263 antiquis
777 2230 803 2254 et
819 2226 857 2254 34
872 2225 970 2254 codici-

119 2275 187 2308 bus,
210 2282 331 2311 quorum
358 2275 388 2302 ll
414 2277 516 2302 sunta
537 2274 616 2302 nobis
644 2274 732 2302 collati
764 2273 837 2309 (vide
866 2273 969 2309 Proleg.

120 2329 180 2358 pag.
204 2321 435 2349 XXle-XXXVl.

120 2422 133 2451 {j
150 2422 190 2445 111.
210 2422 347 2446 Collationes
365 2422 389 2445 in
406 2422 570 2451 Hexaemerom
595 2421 733 2445 Gollatioues
756 2421 781 2444 de
803 2421 886 2452 septem
907 2421 971 2444 donis

233 2461 336 2492 Spiritus
354 2461 376 2485 S.
394 2461 418 2484 et
435 2460 572 2484 Collationes
589 2461 615 2484 de
633 2461 706 2484 decem
722 2460 858 2491 praeceptis.

200 2557 269 2585 llaec
290 2556 343 2584 tria
364 2557 498 2593 opuscula
520 2565 573 2585 non
603 2559 668 2584 sunt
689 2556 792 2592 scripto
819 2558 935 2584 exarata
955 2564 971 2583 a

120 2605 145 2632 S.
162 2606 288 2637 Auctore,
311 2603 356 2632 sed
379 2611 393 2632 e
415 2607 546 2640 suggestu
564 2603 672 2632 Parisiis
694 2603 807 2632 recitata
822 2606 848 2631 61
862 2603 897 2631 ab
911 2603 972 2631 aliis

120 2659 155 2679 ex
178 2659 225 2679 ore
247 2650 362 2679 dicentis
384 2654 532 2687 reportata.
555 2651 667 2679 Ratione
695 2650 826 2687 temporis
849 2650 970 2686 primum

120 2698 286 2734 opusculum
309 2701 351 2726 est
375 2697 442 2725 illud
464 2697 496 2726 de
518 2697 611 2726 decem
641 2698 794 2734 praeceptis
815 2697 888 2732 (vide
910 2705 970 2734 pag.

120 2745 176 2773 457
199 2745 249 2773 col.
273 2745 300 2772 ll.
328 2745 354 2773 111
377 2744 430 2773 fine
452 2745 585 2782 prologi),
607 2745 679 2782 quod
702 2745 847 2773 recitatum
869 2748 910 2773 est
930 2745 971 2773 vel

120 2801 163 2821 an.
192 2793 272 2825 1267,
295 2792 350 2826 vel,
373 2795 405 2820 ut
425 2792 495 2820 alius
517 2792 603 2820 codex
626 2792 718 2826 habet,
733 2800 776 2820 an.
796 2792 884 2823 1268;
904 2791 971 2819 illud

120 2840 153 2868 de
173 2842 278 2876 septem
300 2839 378 2867 donis
400 2839 519 2875 Spiritus
540 2839 565 2867 S.
588 2842 628 2868 est
652 2842 745 2876 postea
766 2839 971 2875 praedicatum;

121 2887 166 2915 sed
183 2886 256 2923 quod
280 2887 305 2914 in
328 2886 380 2914 1106
396 2889 470 2914 101110
485 2886 575 2923 primo
590 2887 649 2915 loco
664 2886 831 2923 impressum
848 2890 897 2919 631,
914 2885 971 2914 3611.

120 2934 146 2962 in
170 2934 379 2967 chae'uzeron,
403 2937 526 2970 tempore
547 2934 664 2962 hiberno
686 2933 748 2962 anni
767 2933 841 2961 1273
865 2932 973 2961 Parisiis

121 2989 213 3009 coram
243 2981 381 3017 magistris
408 2981 598 3009 Universitatis
621 2980 809 3017 praedicatum
832 2983 880 3008 est.
903 2980 971 3007 Cum

121 3028 173 3056 hae
194 3028 352 3056 collationes
380 3028 434 3056 sint
459 3030 630 3064 reportatae,
652 3036 705 3056 non
732 3030 774 3056 est
800 3026 972 3060 mirandum,

1027 296 1099 332 quod
1123 296 1157 324 ibi
1180 296 1270 332 quoad
1300 296 1415 324 10116661
1443 297 1575 325 orationis
1598 297 1663 325 varii
1686 298 1808 325 delectus
1830 298 1875 325 (16-

1028 343 1246 379 prelieiulantur,
1268 343 1314 379 qui
1337 347 1485 371 creverunt
1502 344 1618 379 pessima
1641 344 1727 380 prima
1749 345 1875 379 editione,

1027 398 1108 426 quain
1142 390 1271 418 Vaticana
1299 398 1361 417 cum
1394 398 1452 418 eain
1485 391 1664 427 sequentibus
1697 391 1874 427 reimpressit.

1028 437 1108 465 l‘lura
1129 437 1162 464 (16
1185 437 1227 464 liis
1249 436 1274 464 in
1298 437 1400 473 Proleg.
1425 446 1483 473 pag.
1507 438 1618 465 XXXVl.

1109 484 1132 511 l.
1156 483 1327 511 Collationes
1350 484 1378 511 iiz
1403 484 1600 512 [lenaeum-on
1630 489 1701 521 (pag.
1725 486 1874 520 3211-[111111.

1107 530 1152 558 1116
1174 530 1271 558 titulus
1294 530 1346 558 iam
1369 539 1420 559 usu
1444 535 1572 567 receptus
1587 535 1637 565 est,
1653 535 1678 560 61
1695 532 1753 560 ideo
1769 541 1784 560 a
1800 533 1877 560 nobis

1027 579 1160 610 1616111113,
1177 577 1222 605 sed
1246 585 1298 605 non
1321 577 1355 605 ab
1379 577 1436 614 ipso
1457 582 1571 606 anctore
1592 578 1725 615 originem
1750 579 1831 607 babet
1850 583 1873 607 ot

1027 624 1118 660 potius
1134 623 1224 660 inepte
1241 624 1393 661 1616031163,
1409 626 1596 653 confusionem
1614 625 1752 662 importat.
1769 627 1876 654 Minime

1026 671 1098 699 enim
1121 673 1219 699 auctor
1240 671 1356 708 exponit
1379 672 1498 708 primum
1520 672 1632 700 (lenosis
1657 673 1818 709 capitulum,
1840 681 1874 701 ex

1026 726 1082 755 quo
1106 721 1210 746 tantuin
1236 720 1342 747 textum
1374 718 1398 747 in
1422 719 1557 756 principio
1578 719 1692 753 sumsit,
1715 728 1877 756 comparans

1027 765 1076 793 lias
1088 764 1263 793 collationum
1280 766 1494 795 illuminationes
1509 770 1612 803 septem
1627 767 1717 795 verbis
1732 767 1878 795 creationis

1027 812 1178 840 secundum
1195 812 1332 848 [plaudam
1351 813 1531 849 116111091616.
1549 813 1586 841 Αἰ)
1601 816 1714 841 auctore
1729 813 1877 841 Chronico-

1028 866 1089 886 rum
1103 858 1182 887 XXlV
1194 859 1368 887 Generalium
1386 859 1452 887 illud
1465 860 1556 896 aptius
1570 863 1703 888 vocantur
1718 861 1756 888 De
1768 860 1877 896 Septem

1034 904 1197 933 szslout'bus
1208 906 1251 934 vel
1266 906 1426 934 luminibus
1439 906 1485 943 (ab
1500 907 1575 935 aliis:
1591 907 1876 941 tantmlocationibus).

1026 952 1079 980 Nec
1095 952 1156 980 illae
1167 956 1229 989 apte
1242 953 1331 981 vocari
1347 958 1461 990 possunt
1475 962 1631 988 sermones,
1644 962 1706 982 cuin
1721 954 1810 990 potius
1825 954 1879 982 sint

1026 999 1160 1036 quaedam
1184 999 1379 1036 eonsereult'cte
1399 1000 1724 1038 sciei'ttisico—relt'gyz'osue
1747 1000 1879 1037 (collatio-

1027 1047 1094 1083 nes),
1107 1054 1199 1074 coram
1213 1047 1279 1075 viris
1290 1047 1377 1076 doctis
1390 1048 1508 1081 habitae,
1521 1051 1551 1076 ut
1563 1056 1609 1076 eos
1618 1048 1807 1084 praemuniret
1819 1056 1879 1076 con-

1028 1097 1070 1121 tra
1084 1101 1195 1122 errores
1216 1098 1283 1122 tunc
1299 1094 1370 1123 inter
1392 1095 1537 1131 magistros
1552 1095 1654 1123 artium
1677 1095 1784 1123 Parisiis
1803 1103 1879 1132 gras-

1027 1144 1127 1169 santes.
1140 1141 1227 1177 Quam
1243 1145 1380 1177 oportuna
1394 1142 1460 1170 haec
1477 1142 1590 1169 monitio
1603 1142 1685 1170 l'uerit
1697 1145 1793 1170 contra
1809 1143 1879 1178 inge-

1027 1188 1071 1216 nia
1093 1188 1290 1216 incredibiliter
1314 1188 1494 1219 luxuriantia,
1510 1192 1615 1217 constat
1631 1197 1665 1217 ex
1684 1189 1777 1217 inultis
1798 1189 1880 1217 thesi-

1028 1235 1079 1263 bus
1094 1235 1128 1263 ab
1143 1235 1270 1271 episcopo
1289 1238 1316 1264 et
1337 1236 1519 1264 Universitate
1536 1236 1677 1264 Parisiensi
1696 1240 1761 1264 tunc
1777 1236 1880 1272 pluries

1028 1282 1225 1315 condemnatis,
1241 1282 1274 1311 de
1289 1282 1392 1319 quibus
1409 1283 1492 1311 videri
1511 1286 1599 1319 potest
1614 1283 1657 1311 cit.
1671 1283 1879 1311 Cliartularium

1030 1330 1178 1358 Parisiense
1199 1333 1262 1357 tom.
1281 1330 1296 1357 l.
1314 1338 1373 1367 pag.
1393 1331 1447 1358 170
1463 1338 1529 1367 seq,
1547 1330 1614 1363 486,
1631 1330 1696 1364 δίε-3,
1717 1331 1781 1358 556.
1805 1330 1881 1366 Opus

1029 1377 1053 1404 S.
1078 1377 1176 1405 Bonav.
1199 1380 1240 1405 est
1262 1377 1453 1413 imperfectum
1477 1380 1504 1405 et
1525 1377 1691 1406 terminatur
1712 1385 1775 1406 61161
1799 1378 1880 1406 colla-

1028 1424 1101 1452 tione
1125 1424 1254 1461 vigesima
1272 1424 1350 1453 tertia
1366 1427 1426 1461 post
1443 1425 1559 1459 Pascha,
1582 1425 1692 1462 quando
1708 1425 1880 1461 praedicator

1028 1478 1044 1498 a
1060 1470 1130 1507 Papa.
1145 1470 1277 1507 Gregorio
1293 1471 1322 1498 X.
1340 1474 1453 1499 vocatus
1468 1471 1519 1499 fuit
1535 1471 1560 1499 in
1579 1471 1695 1505 ltaliam,
1708 1475 1753 1505 ut,
1771 1474 1880 1500 creatus

1028 1518 1189 1551 cardinalis,
1214 1518 1382 1554 praesideret
1407 1518 1522 1546 60661110
1550 1518 1725 1555 Lugdunensi
1749 1519 1777 1546 ll.
1807 1519 1882 1547 Unde

1029 1565 1080 1593 hae
1097 1564 1267 1593 Collatz'ones
1289 1565 1417 1593 ultimum
1434 1568 1499 1593 sunt
1517 1566 1683 1602 opusculum
1700 1567 1724 1593 S.
1742 1566 1881 1600 Doctoris,

1028 1615 1055 1640 et
1077 1619 1141 1640 vere
1163 1612 1296 1640 refertum
1318 1615 1359 1640 est
1381 1612 1530 1641 multifaria
1545 1616 1571 1641 61
1591 1612 1727 1649 profunda
1746 1613 1878 1641 doctrina.

1029 1659 1054 1687 Si
1077 1659 1295 1696 praescindimus
1310 1667 1325 1687 a
1346 1659 1434 1687 forma
1449 1659 1581 1688 orationis
1603 1660 1762 1696 imperfecte
1784 1668 1879 1696 repor-

1029 1710 1109 1741 tatae,
1125 1714 1191 1743 prae
1212 1707 1272 1735 aliis
1293 1707 1428 1735 sinceram
1446 1707 1653 1735 Bonaventurae
1668 1707 1820 1735 doctrinam
1840 1715 1880 1735 re-

1028 1756 1193 1790 praesentat.
1210 1753 1310 1781 Multae
1323 1753 1421 1781 harum
1438 1753 1614 1781 collationum
1627 1753 1707 1782 etiam
1721 1762 1771 1790 pro
1786 1757 1880 1782 nostra

1028 1803 1116 1829 aetate
1138 1803 1203 1828 sunt
1224 1800 1314 1837 magni
1345 1800 1491 1835 momenti,
1514 1801 1677 1837 praesertim
1705 1801 1780 1834 illae,
1809 1809 1880 1837 quae

1027 1850 1113 1884 agunt
1134 1847 1167 1876 de
1188 1847 1378 1884 philosophia,
1400 1847 1433 1875 de
1450 1847 1627 1884 intelligentia
1648 1856 1696 1884 per
1712 1848 1792 1876 lidem
1815 1848 1880 1876 sub—

1029 1894 1126 1928 levata,
1141 1894 1174 1923 de
1190 1894 1245 1923 Deo
1264 1897 1295 1923 ut
1316 1894 1468 1931 exemplari
1491 1895 1615 1923 omnium
1631 1895 1731 1930 (collat.
1748 1895 1813 1931 Xll.)
1829 1899 1879 1924 etc.

1030 1942 1080 1970 Pro
1101 1942 1277 1970 studentibus
1299 1942 1345 1970 illa
1365 1942 1399 1971 de
1421 1945 1495 1970 recta
1518 1942 1560 1970 via
1581 1946 1608 1971 61
1630 1943 1735 1970 ratione
1754 1942 1879 1971 studendi

1029 1989 1136 2017 collatio
1161 1989 1315 2025 specialiter
1344 1989 1475 2018 notabilia
1496 1989 1660 2018 documenta
1682 1989 1735 2017 dat.
1765 1990 1880 2018 Ultimae

1029 2037 1063 2065 de
1085 2036 1315 2073 contemplatione
1337 2040 1364 2065 et
1379 2036 1544 2065 hierarchiis
1562 2037 1726 2065 caelestibus
1747 2040 1774 2065 et
1795 2036 1881 2065 eccle-

1029 2084 1145 2112 siasticis
1167 2087 1232 2111 sunt
1254 2083 1407 2120 profundae
1426 2087 1452 2112 et
1474 2083 1508 2111 ab
1529 2083 1668 2111 ordinaria
1690 2087 1717 2111 et
1739 2083 1878 2111 communi

1029 2131 1208 2167 intelligentia
1236 2130 1301 2159 satis
1324 2133 1453 2158 remotae.
1478 2131 1510 2159 Ut
1531 2131 1652 2167 gravitas
1678 2130 1762 2158 liuius
1790 2130 1881 2166 operis

1028 2178 1144 2214 eiusque
1160 2178 1220 2206 finis
1236 2177 1394 2214 principalis
1409 2177 1516 2205 facilius
1532 2177 1709 2214 percipiatur.
1732 2177 1881 2205 adiecimus

1030 2233 1160 2262 magnum
1176 2225 1310 2254 scholium
1327 2226 1398 2261 (pag.
1415 2225 1565 2255 heo-454).
1582 2224 1635 2252 Cl'r.
1652 2225 1732 2253 etiam
1748 2224 1780 2252 de
1795 2232 1881 2260 prae-

1028 2272 1139 2300 81661111
1154 2272 1280 2308 opusculi
1297 2272 1401 2308 Proleg.
1418 2279 1478 2308 pag.
1495 2271 1626 2304 XXXVll;
1649 2271 1682 2299 (16
1702 2271 1881 2308 gyeuuz'm'lacc

1029 2323 1125 2348 contra
1146 2319 1286 2347 Oudinum
1315 2319 1439 2355 aliosque
1460 2318 1524 2347 ibid.
1547 2319 1564 2353 ἓ
1586 2320 1612 2346 ΞΣ.
1636 2318 1720 2346 Multa
1751 2318 1776 2345 in
1800 2320 1880 2346 textu

1029 2366 1214 2400 correximus,
1231 2374 1344 2402 magnas
1359 2365 1522 2394 insertiones
1538 2373 1573 2393 ex
1590 2365 1714 2402 sequenti
1727 2364 1760 2393 de
1776 2368 1879 2401 septem

1028 2413 1106 2441 donis
1121 2413 1240 2449 Spiritus
1255 2412 1390 2449 opusculo
1405 2412 1523 2449 irreptas
1543 2412 1698 2445 reiecimus‚
1713 2412 1765 2439 alia
1781 2412 1881 2439 omissa

1028 2461 1195 2495 addidimus,
1217 2460 1347 2489 subsidiis
1368 2463 1471 2496 septem
1488 2460 1612 2488 codicum
1629 2459 1790 2488 collatorum
1808 2458 1881 2492 (ride

1030 2508 1132 2544 Proleg.
1148 2507 1272 2543 XXXIX).
1295 2507 1411 2543 Insuper
1433 2506 1548 2543 singulis
1569 2505 1760 2534 collationibus
1782 2504 1881 2541 praeti-

1029 2555 1123 2583 ximus
1137 2554 1317 2587 summaria,
1329 2554 1400 2582 sicut
1412 2553 1521 2582 duobus
1536 2552 1716 2590 sequentibus
1731 2551 1879 2588 opusculis.

1109 2604 1134 2630 2.
1159 2601 1331 2630 Collatioues
1345 2601 1379 2629 (le
1400 2604 1501 2637 septem
1519 2600 1603 2628 donis
1620 2599 1748 2636 Spe-uus
1764 2599 1791 2627 S.
1808 2606 1879 2635 (pag.

1029 2649 1179 2684 457-503).

1110 2697 1162 2724 lloc
1183 2696 1348 2732 opusculum
1371 2695 1511 2723 diversum
1535 2697 1575 2723 est
1599 2694 1633 2722 ab
1655 2694 1722 2727 alio,
1745 2692 1818 2729 quod
1840 2692 1880 2720 in-

1030 2744 1161 2772 scribitur
1183 2743 1217 2771 cle
1239 2743 1348 2779 Septem
1367 2742 1455 2770 Douz's
1471 2741 1601 2778 Spiritus
1617 2741 1656 2773 S„
1673 2740 1806 2776 impresso
1826 2739 1881 2775 pri-

1031 2799 1106 2819 mum
1129 2791 1155 2818 in
1177 2790 1337 2819 collectione
1352 2789 1551 2826 opusculorum
1567 2787 1714 2824 Argentina
1735 2795 1778 2814 an.
1798 2786 1880 2820 1494,

1031 2841 1088 2865 tun]
1119 2837 1144 2865 in
1174 2836 1215 2865 ed.
1242 2836 1372 2865 Vaticana
1399 2840 1426 2864 et
1454 2834 1697 2871 subsequentilms.
1728 2833 1779 2861 llor
1809 2833 1880 2861 enim

1030 2885 1164 2921 scriptum
1187 2887 1229 2912 est
1242 2883 1380 2920 spartum
1402 2886 1429 2911 et
1447 2886 1588 2910 auctorem
1611 2881 1694 2909 habet
1715 2881 1757 2908 Fr.
1781 2879 1881 2908 [1011111-

1031 2932 1117 2968 phum
1139 2931 1172 2960 de
1202 2931 1314 2959 Bibraco
1337 2929 1508 2966 (Biberacli),
1529 2928 1663 2961 eundem,
1693 2927 1739 2964 qui
1772 2927 1881 2963 scripsit

1031 2979 1153 3007 libellum
1170 2978 1203 3005 (Ie
1219 2977 1326 3014 Septem
1343 2976 1497 3005 mineribus
1512 2975 1693 3003 (aeternitatis
1708 2977 1734 3003 et
1753 2974 1881 3002 floruisse

1031 3026 1132 3054 dicitur
1155 3025 1227 3053 circa
1255 3032 1358 3052 annum
1390 3023 1472 3052 1360.
1497 3023 1523 3051 ln
1555 3023 1605 3050 hoc
1637 3021 1757 3050 secundo
1779 3021 1881 3057 scripto
