2269 3448
413 197 451 225 64
1159 195 1374 224 DISSERTATIO
1396 196 1424 224 ll.

412 276 497 305 verba
512 276 607 305 brevia
622 276 704 305 habet
717 277 742 304 ¹:
763 287 776 300 «
789 276 864 304 Anno
880 283 945 304 vero
957 275 1065 304 Domini
1084 275 1159 304 1274
1171 275 1182 291 2
1197 277 1263 303 tem-

413 331 479 360 pore
502 323 605 352 vernali
627 323 696 351 idem
713 323 853 351 Generalis
868 322 989 351 parisius
1003 322 1127 351 existens
1148 324 1262 350 vocatus

412 370 465 398 fuit
479 378 494 398 a
509 370 619 398 domino
632 370 702 406 Papa
714 369 846 406 Gregorio
862 369 1010 406 praedicto,
1023 369 1069 406 qui
1087 369 1177 406 ipsum
1193 368 1264 397 acci-

413 425 478 454 pere
490 417 689 445 cardinalatum
703 420 729 445 et
740 417 927 453 episcopatum
941 416 1119 445 :libanensem
1134 416 1223 452 coepit
1235 427 1261 443 n.

492 464 610 493 Nuntius
631 464 705 492 venit
728 464 859 497 Parisios,
883 467 913 491 ut
938 463 1059 491 traderet
1091 463 1263 491 Bonaventu-

413 520 460 540 rae
481 511 601 548 diploma
624 511 811 547 pontificium,
834 510 907 547 quod
929 510 1021 538 adhuc
1035 510 1160 539 strictius
1179 517 1262 546 quam

414 566 500 595 supra
521 558 692 586 nominatum
724 558 846 594 diploma
877 557 1024 586 Clementis
1047 557 1087 585 lV.
1116 557 1262 593 praecepit

413 605 454 639 ei,
478 609 508 633 ut
529 604 597 633 littic
616 605 782 641 provisioni
802 604 863 632 sinc
884 604 1061 642 cuiusquam
1080 602 1263 640 difficultatis

413 652 490 680 obice
521 652 715 689 acquiesceret
745 655 769 679 et
801 651 841 679 ad
871 651 1073 688 praesentiam
1109 649 1262 686 Pontt'fieis

414 699 521 736 absque
543 699 681 727 tarditate
703 698 805 736 aliqua
826 706 960 726 morosae
974 697 1169 725 cunctatiom‘s
1184 705 1263 725 acce-
1291 685 1293 722 ¹.

413 746 499 774 deret.
515 746 641 782 Diploma
664 745 714 773 boc
729 745 739 761 ³
762 745 894 773 emissum
916 744 1068 772 Florentiae
1082 743 1126 772 die
1142 743 1178 772 23
1196 743 1262 772 lunii

416 793 489 821 1273
512 793 564 828 th.
585 792 640 820 Kal.
664 792 725 827 lul.)
747 796 788 820 est
804 792 876 829 tanti
901 792 1041 825 momenti,
1064 795 1095 819 ut
1116 791 1182 819 illud
1206 799 1263 818 ma-

413 840 463 868 iori
486 847 521 868 ex
545 842 622 875 parte
645 839 688 867 liic
711 842 900 875 reportemus:

496 897 509 910 «
526 885 629 913 Dilecto
651 885 707 913 filio
734 885 820 913 Fratri
851 885 1059 913 Bonaventurae
1084 884 1195 913 Ordinis
1216 884 1263 912 Mi-

413 941 513 961 norum
535 932 655 969 generali
679 932 812 965 Ministr0‚
828 932 914 960 electo
935 931 1089 966 albanensi,
1105 932 1220 960 salutem
1237 934 1264 960 et

412 983 500 1017 apost.
523 979 748 1008 benedictionem.
778 979 893 1007 Nostrae
924 979 1105 1015 promotionis
1133 978 1263 1015 auspiciis

414 1028 468 1063 (an.
494 1028 563 1055 1271
591 1026 716 1054 Kalendis
738 1026 907 1062 Septembris
928 1026 1025 1060 sactae)
1042 1026 1067 1054 id
1083 1026 1155 1054 inter
1170 1029 1262 1054 cetera

412 1074 604 1102 desiderabilia
625 1073 716 1101 cordis
731 1073 816 1101 nostri
835 1073 1006 1109 propensiori
1023 1073 1183 1109 putavimus
1199 1080 1262 1108 pro-

413 1120 568 1149 curandum
599 1128 658 1148 esse
686 1121 815 1153 consili0,
837 1120 863 1148 id
896 1120 1008 1148 maioris
1037 1119 1195 1148 attentionis
1224 1119 1262 1146 in-

414 1168 514 1197 stantia
537 1167 765 1204 promovendum,
782 1171 812 1195 ut
835 1167 978 1199 Ecclesiae,
994 1175 1065 1203 quae
1087 1167 1174 1194 multa
1196 1169 1263 1194 tem-

415 1218 519 1252 pestate
541 1214 719 1247 convellitur,
736 1214 838 1250 lapides
854 1222 903 1250 per
918 1213 1042 1242 ordinem
1059 1216 1261 1246 sternerentur,

413 1265 441 1291 et
461 1262 519 1298 ipsa
541 1262 654 1290 fundata
675 1261 788 1289 solidius
810 1261 836 1289 in
852 1261 991 1297 sapphiris
1006 1260 1120 1288 haberet
1135 1268 1185 1288 sua
1202 1268 1264 1296 pro-

415 1309 586 1346 pugnacula,
610 1307 739 1344 iaspidem
762 1310 789 1335 et
810 1307 1005 1336 desiderabiles
1027 1307 1145 1343 lapides,
1169 1308 1263 1335 termi-

413 1363 463 1384 nos
484 1363 549 1384 suos
570 1359 597 1383 et
618 1355 712 1383 doctos
733 1363 748 1382 a
771 1355 885 1382 Domino
908 1354 978 1382 filios
994 1354 1153 1387 universos;
1169 1354 1263 1391 sicque

413 1402 440 1430 in
463 1402 566 1431 iustitia
587 1401 753 1430 fundaretur
775 1405 801 1429 et
817 1401 1021 1429 multitudinem
1038 1401 1113 1437 pacis
1128 1401 1191 1429 filiis
1206 1401 1264 1430 suis

414 1449 568 1481 effundens,
589 1457 604 1476 a
626 1448 764 1476 calumnia
786 1448 927 1476 recederet
948 1455 999 1476 nec
1015 1447 1125 1476 timeret
1147 1447 1261 1476 eandem

414 1499 441 1524 et
462 1504 477 1523 a
500 1503 601 1531 pavore
624 1503 673 1523 nec
695 1495 932 1531 appropinquaret
954 1494 1050 1522 eidem.
1067 1494 1121 1522 Hoc
1136 1495 1263 1523 attentio-

415 1543 493 1571 ribus
524 1550 606 1578 agere
635 1542 872 1570 consideravimus
899 1541 1014 1574 animis,
1036 1541 1069 1569 ad
1103 1542 1154 1570 boc
1177 1542 1264 1570 multa

413 1589 596 1618 sollicitudine
618 1592 645 1617 et
666 1589 806 1625 diligentia
826 1588 1017 1617 insistendum.
1034 1588 1109 1622 Hinc,
1132 1589 1261 1625 quoniam

414 1636 542 1673 pluribus
563 1636 661 1664 (liebus
689 1639 716 1664 et
748 1635 876 1664 noctibus
908 1635 933 1663 in
959 1635 1046 1663 multa
1068 1635 1263 1664 lucubratione

412 1683 552 1717 deductis,
574 1683 607 1711 ad
630 1683 707 1711 illum
731 1683 879 1719 praecipue
895 1683 1048 1711 levavimus
1063 1683 1166 1715 oculos,
1182 1682 1263 1711 cuius

412 1729 552 1766 negotium
574 1729 721 1766 agebatur,
749 1729 936 1765 supplicant-es
969 1729 1111 1758 humiliter
1139 1733 1166 1757 et
1197 1737 1262 1765 sup-

412 1777 557 1813 plicatione
580 1776 676 1804 lininili
701 1776 885 1812 postulantes,
909 1780 939 1804 ut
969 1777 1041 1813 ipse,
1064 1784 1130 1804 suae
1159 1776 1262 1805 lumine

412 1824 544 1852 claritatis
569 1824 711 1852 illustrans
739 1824 838 1851 mentis
870 1827 980 1852 nostrae
1013 1822 1145 1851 iudicium
1176 1827 1203 1851 et
1235 1823 1261 1851 in

413 1879 463 1900 suo
490 1871 661 1907 beneplacito
682 1871 803 1907 dirigens
825 1874 903 1899 actus
925 1874 1047 1904 nostros,
1062 1878 1113 1899 sua
1128 1871 1262 1899 immensa

412 1918 512 1954 pietate
534 1918 711 1951 concederet,
730 1918 795 1946 tales
820 1921 915 1946 nostro
938 1918 1090 1946 ministerio
1111 1917 1144 1946 ad
1167 1925 1261 1954 praee-

414 1965 572 1993 minentiam
602 1965 804 1998 cardinalatus,
826 1973 947 2001 quorum
981 1965 1035 1992 vita
1067 1965 1190 1993 viventes
1222 1965 1262 1992 in-

414 2015 551 2045 strueret,
574 2020 695 2049 quornm
715 2012 801 2045 fama,
830 2012 895 2040 dum
926 2012 952 2040 in
982 2012 1054 2040 omni
1080 2012 1137 2040 loco
1159 2012 1260 2040 Christi

411 2059 501 2088 bonus
532 2059 599 2088 odor
620 2059 768 2093 existeret,
793 2059 920 2087 reficeret
951 2059 1109 2092 audientes,
1139 2067 1260 2096 quorum

412 2106 525 2135 consilio
546 2106 715 2134 confidenter
732 2106 839 2139 muniti,
856 2114 999 2142 possemus
1022 2106 1047 2134 in
1066 2106 1158 2135 dubiis
1179 2110 1206 2135 et
1228 2106 1261 2135 de

412 2153 535 2189 ipsorum
558 2153 697 2189 suffragiis
719 2153 842 2181 divinum
866 2160 978 2189 sperare
1006 2153 1143 2181 auxilium
1166 2153 1191 2181 in
1214 2153 1261 2181 ad-

412 2200 516 2233 versis,
537 2203 564 2228 et
585 2200 709 2233 demum,
724 2207 787 2227 cum
807 2199 950 2228 Fratribus
968 2200 1070 2228 nostris
1091 2200 1261 2236 cogitationi-

412 2247 464 2275 bus
487 2247 630 2284 profundis
652 2247 785 2275 instantes
805 2250 831 2274 et
853 2246 1046 2283 frequentibus
1067 2246 1260 2275 collationibus

413 2294 528 2327 habitis,
551 2301 614 2322 cum
637 2293 737 2322 eisdem
760 2293 792 2321 ad
816 2301 960 2329 personam
985 2297 1076 2327 tuam,
1099 2302 1181 2330 quam
1205 2295 1260 2322 vir-

413 2343 504 2368 tutum
528 2340 661 2368 Dominus
684 2340 778 2368 multis
800 2340 957 2376 patentibus
978 2344 1005 2368 et
1034 2340 1197 2374 latentibus,
1230 2344 1261 2368 ut

412 2387 574 2415 credulitate
597 2387 677 2415 firma
697 2389 834 2420 tenemus,
858 2387 1009 2415 virtutibus
1031 2386 1183 2423 insignivit,
1206 2395 1260 2415 una

412 2442 474 2463 cum
508 2434 673 2471 quibusdam
703 2434 762 2462 aliis
783 2442 799 2462 a
833 2434 946 2462 Domino
977 2434 1085 2467 electis,
1113 2438 1144 2462 ut
1176 2434 1260 2462 credi-

413 2490 489 2515 mus,
511 2481 544 2509 1111
567 2482 699 2509 bonorem
716 2481 800 2509 liuius
816 2481 959 2509 ministerii
975 2480 1126 2517 eligendam
1151 2485 1261 2510 nostrae

412 2529 599 2557 convertimus
630 2528 856 2556 considerationis
883 2528 1012 2556 intuitum
1034 2531 1061 2556 et
1081 2527 1114 2556 de
1136 2528 1259 2564 ipsorum

412 2575 538 2603 Fratrum
565 2575 677 2603 consilio
709 2575 851 2603 Albanensi
886 2575 1020 2603 Ecclesiae
1056 2579 1121 2603 tunc
1154 2575 1258 2603 vacanti

412 2622 444 2650 de
468 2626 492 2650 te
514 2622 647 2649 duximus
670 2622 881 2658 providendam,
905 2625 929 2650 te
951 2622 976 2649 111
1000 2622 1158 2658 episcopum
1181 2630 1260 2659 prae-

413 2668 534 2696 ficientes
564 2668 669 2701 eidem;
703 2668 818 2705 ideoque
850 2669 1007 2697 discretioni
1037 2672 1100 2697 tuae
1132 2676 1259 2705 praesen—

476 2769 483 2781 ¹
502 2770 607 2791 Analecta
625 2770 746 2797 Francisc„
765 2772 819 2792 [om.
837 2771 870 2791 lll.
888 2776 940 2797 pag.
960 2771 1004 2792 352
1022 2776 1070 2798 seq.

457 2807 484 2821 ‘²
501 2808 620 2831 Clironista
640 2809 737 2837 erravit,
755 2815 801 2831 non
820 2809 862 2831 isto
879 2809 953 2835 enim,
972 2809 1013 2831 sed
1031 2810 1179 2837 praecedenti
1199 2816 1260 2832 anno

413 2849 456 2869 boc
474 2849 557 2870 sactum
576 2851 622 2875 est,
641 2852 664 2870 ut
682 2849 781 2870 diximus
799 2854 880 2876 supra,
898 2851 920 2870 et
939 2851 963 2870 ut
980 2849 1068 2876 patebit
1085 2849 1140 2870 infra
1159 2849 1243 2871 adhuc.

475 2886 484 2898 ⁹
503 2887 615 2909 Marianus
632 2888 661 2909 de
679 2887 765 2914 Ebulo,
784 2888 952 2909 Formularium
979 2888 1104 2910 litterarum
1123 2888 1259 2915 apostolica-

413 2931 477 2952 rum,
494 2925 531 2947 lib.
551 2927 565 2947 l.
584 2927 621 2948 sol.
639 2927 680 2954 61;
705 2930 724 2948 et
750 2927 884 2954 Wa‹lding.,
902 2927 1011 2953 Annales,
1030 2930 1084 2949 tom.
1104 2927 1139 2954 lV,
1161 2927 1258 2949 additio-

413 2970 452 2985 nes
469 2964 498 2986 ad
517 2968 570 2986 10111.
588 2965 610 2986 ll.
630 2971 683 2992 pag.
701 2967 742 2993 2⁵23
761 2969 782 2987 et
800 2965 916 2992 Sbaralea,
929 2966 1055 2988 Baliarium
1068 2966 1190 2993 Franz-isc„
1203 2970 1258 2988 tom.

414 3002 445 3024 111.
464 3009 517 3030 pag.
536 3004 587 3025 205.

1320 274 1389 302 tium
1425 277 1520 303 tenore
1552 272 1760 310 praecipiendo
1795 274 1994 308 mandamus,
2031 277 2170 310 quatenus

1320 321 1385 350 huic
1407 321 1556 358 provisioni
1589 324 1699 349 nostrae
1731 320 1757 349 in
1790 321 1946 349 humilitate
1973 321 2088 358 spiritus
2108 322 2171 350 sine

1319 368 1475 396 cuiusdam
1498 367 1680 405 difficultatis
1696 367 1773 395 obice
1787 367 1966 405 acquiescas.
1984 368 2171 405 Praecipimus

1319 423 1444 452 quoque,
1467 419 1497 443 ut
1519 414 1559 443 ad
1578 414 1775 451 praesentiam
1799 418 1932 442 nostram
1954 414 2062 452 absque
2077 415 2171 443 tardi-

1320 466 1376 489 tate
1397 461 1500 499 aliqua
1521 470 1655 489 morosae
1676 461 1873 489 cunctationis
1894 461 2034 495 accedas,
2052 470 2106 490 una
2122 470 2170 490 no-

1320 508 1425 536 biscnm
1448 508 1548 536 divinis
1568 508 1709 545 obsequiis
1730 512 1757 536 et
1778 508 1944 537 universalis
1960 508 2095 537 Ecclesiae
2113 516 2171 537 ser-

1320 555 1392 583 vitiis
1415 559 1563 584 vacaturus
1577 567 1603 582 ».

1398 603 1458 638 Quo
1479 603 1597 639 celerius
1620 603 1812 631 Bonaventura
1844 602 1911 630 illud
1944 603 2096 631 Pontificis:
2125 603 2172 631 Ad

1317 649 1518 685 praesentiam
1541 654 1671 678 nostram
1695 649 1803 687 absque
1825 650 1966 678 tarditate
1987 650 2089 688 aliqua
2111 658 2170 678 nio-

1321 704 1406 724 rosae
1426 697 1623 724 cunctationis
1643 696 1783 730 accedas,
1806 697 1922 733 exsequi
1948 700 2047 733 posset,
2063 697 2171 725 curavit

1321 751 1371 771 rex
1394 743 1510 771 Carolus
1533 743 1548 770 l.
1572 743 1605 772 de
1628 743 1781 780 Andegavia
1803 744 1923 780 (Anjou).
1947 744 1970 772 Is
1992 744 2082 777 enim,
2106 747 2171 772 tunc

1321 790 1479 818 Urbcveteri
1503 790 1576 826 apud
1600 790 1697 827 Papam
1722 794 1861 821 moratus.
1884 791 1957 819 dedit
1974 791 2078 819 litteras
2095 791 2171 819 binas

1320 837 1353 865 ad
1376 837 1507 865 ballivum
1531 837 1558 865 in
1580 837 1734 874 Andegavia
1756 841 1782 866 et
1803 838 1936 866 decanum
1954 839 1978 865 S.
1995 838 2171 866 1113111111Αο-

1320 884 1481 920 degavensis
1498 884 1625 917 directas,
1642 884 1667 912 in
1684 884 1787 921 quibus
1808 884 1917 913 ordinat
1939 885 2075 921 parandas
2094 886 2172 922 equi-

1321 934 1427 959 taturas
1449 935 1610 967 ceterasque
1632 938 1778 967 expensaS,
1796 935 1825 959 ut
1840 931 2033 960 Bonaventura
2054 932 2172 960 celerius

1321 978 1372 1006 iter
1386 985 1516 1014 peragere
1533 981 1631 1013 posset.
1645 978 1754 1005 l'rima¹
1772 978 1886 1014 epistola
1903 980 1956 1007 liuc
1970 979 2053 1007 redit:
2075 991 2088 1003 «
2100 979 2171 1007 Scri-

1322 1027 1398 1061 ptum
1420 1028 1461 1052 est
1483 1024 1583 1052 ballivo
1606 1024 1631 1052 in
1655 1024 1808 1061 Andegavia
1836 1028 1862 1053 et
1890 1025 1993 1053 decano
2015 1026 2039 1053 S.
2063 1026 2170 1054 Martini

1321 1071 1529 1107 itndegavensis.
1552 1071 1620 1099 Gum
1650 1079 1699 1099 nos
1730 1071 1763 1100 de
1790 1072 1961 1108 promotione
1984 1080 2044 1101 ven.
2067 1073 2170 1101 Fratris

1322 1118 1562 1153 Rtonaventnrae)‚
1585 1119 1724 1155 quondam
1754 1119 1890 1156 generalis
1923 1119 2036 1148 Ministri
2059 1119 2171 1148 Ordinis

1321 1165 1473 1199 1111110111111,
1497 1165 1523 1193 111
1553 1166 1712 1203 episcopum
1741 1166 1921 1195 Albanensem
1951 1167 2045 1201 electi,
2068 1167 2169 1203 ingenti

1322 1212 1417 1248 repleti
1441 1213 1541 1249 gaudio
1571 1217 1678 1242 nostras
1710 1221 1795 1250 super
1817 1214 1868 1242 hoc
1897 1214 1919 1242 ei
1945 1214 2049 1243 litteras
2070 1214 2170 1251 diriga-

1322 1266 1399 1292 mus,
1421 1260 1481 1287 eius
1502 1259 1534 1287 ad
1557 1260 1734 1296 apostolicam
1757 1260 1853 1289 sedem
1886 1261 2002 1289 celerem
2026 1265 2171 1298 exspecta-

1322 1313 1384 1334 mus
1405 1306 1570 1340 adventum;
1595 1307 1723 1335 volumus
1745 1311 1771 1335 et
1793 1307 1916 1336 districte
1938 1308 2015 1337 vobis
2037 1308 2171 1345 praecipi-

1322 1361 1399 1386 mus,
1422 1358 1568 1390 quatenus,
1590 1354 1666 1382 sicut
1687 1358 1821 1383 nostram
1843 1363 1947 1383 caram
1970 1354 2079 1383 lictbetis
2099 1364 2171 1392 qra-

1322 1399 1411 1433 tiam,
1434 1400 1542 1433 statim,
1566 1401 1683 1437 receptis
1706 1401 1915 1437 praesentibus,
1931 1409 1966 1430 ex
1983 1405 2061 1438 parte
2076 1405 2171 1430 nostra

1321 1447 1495 1483 equitaturas
1516 1455 1546 1475 ac
1569 1455 1706 1484 expensas
1737 1456 1832 1477 ornnes
1861 1449 2029 1477 necessarias
2056 1449 2088 1477 ad
2118 1449 2170 1478 iter

1322 1493 1408 1530 ipsius
1430 1494 1479 1522 sibi
1502 1494 1603 1523 offerre
1624 1498 1766 1531 gratanter
1788 1499 1814 1524 et
1837 1496 2000 1530 honorifice,
2023 1497 2043 1524 si
2067 1505 2113 1525 eas
2128 1505 2171 1525 re-

1321 1541 1439 1576 ceperit,
1462 1541 1619 1569 ministrare
1642 1542 1760 1576 curetis,
1784 1543 1887 1571 nullam
1905 1543 1931 1571 in
1948 1543 1980 1572 iis
1995 1544 2168 1572 commissuri

1320 1588 1514 1624 negligentiam
1539 1588 1580 1617 vel
1602 1588 1757 1623 defectum,
1773 1590 1845 1618 sicut
1866 1590 2096 1625 indiqnationem
2120 1600 2170 1619 110-

1319 1637 1413 1662 stram
1436 1635 1543 1672 cupitis
1564 1635 1681 1663 enitare.
1706 1636 1804 1664 Datum
1826 1636 1898 1673 apud
1916 1637 2169 1666 Urbemveterem...

1319 1681 1407 1709 XVlll.
1430 1682 1489 1709 Maii
1512 1682 1617 1718 primae
1641 1683 1837 1711 indictionis».
1860 1684 1929 1712 Haec
1944 1684 2002 1712 dies
2017 1687 2044 1712 et
2058 1684 2170 1713 indictio

1320 1732 1361 1756 est
1383 1736 1412 1757 re
1428 1736 1493 1757 vera
1511 1730 1544 1757 18
1560 1729 1619 1757 Maii
1646 1729 1728 1758 1273.
1746 1730 1835 1759 Altera
1848 1731 1858 1747 2
1873 1731 1987 1767 epistola
2004 1731 2086 1760 babet
2100 1739 2169 1760 eun-

1319 1775 1380 1803 dem
1411 1779 1550 1809 tenorem,
1582 1776 1687 1805 directa
1714 1777 1748 1805 ad
1781 1777 1900 1806 eosdem.
1933 1778 1977 1806 His
2008 1778 2169 1815 adiungitur

1319 1822 1419 1851 ibidem
1452 1824 1554 1851 mentio
1584 1824 1679 1852 tertiae
1710 1824 1841 1860 epistolae
1864 1825 1906 1853 liis
1938 1825 2047 1853 verbis:
2073 1825 2167 1854 eodem

1319 1869 1362 1898 die
1384 1870 1482 1898 ibidem
1505 1870 1607 1898 similes
1628 1870 1757 1907 (litterae)
1779 1871 1866 1899 factae
1891 1874 1957 1900 sunt
1985 1872 2086 1900 eisdem
2120 1880 2169 1909 pro

1319 1917 1413 1946 eodem
1436 1917 1530 1946 Fratre
1553 1917 1777 1953 B(onaventura).
1801 1918 1963 1955 Discrepant
1984 1922 2077 1947 autem
2098 1919 2169 1948 duae

1319 1964 1449 2001 epistolae
1471 1973 1557 2001 supra
1578 1965 1666 1993 dictae
1688 1965 1714 1993 in
1741 1965 1904 2002 assignando
1926 1966 1985 1999 die;
2006 1966 2072 1994 dum
2095 1966 2167 1995 enim

1319 2011 1408 2047 prima
1430 2011 1512 2044 babet
1534 2011 1620 2039 XVlll.
1637 2012 1710 2040 diem
1731 2012 1791 2040 Maii
1815 2012 1919 2049 primae
1942 2012 2106 2047 indictionis,
2126 2021 2167 2042 se—

1319 2058 1409 2086 cunda
1430 2058 1483 2087 sert
1505 2059 1615 2087 xxviii.
1637 2059 1708 2088 diem
1732 2060 1791 2087 lllaii
1816 2060 1919 2096 primae
1942 2060 2103 2088 indictionis.
2128 2060 2167 2088 Ex

1319 2113 1374 2141 qna
1395 2105 1554 2133 diversitate
1578 2114 1695 2141 pronum
1718 2110 1759 2134 est
1779 2106 1925 2140 deducere,
1942 2106 1983 2134 vel
1999 2106 2167 2135 evectionem

1320 2151 1528 2180 Bonaventurae
1550 2152 1583 2180 ad
1605 2152 1805 2181 cardinalatum
1837 2153 1925 2181 locum
1956 2154 2086 2182 babuisse
2112 2154 2165 2182 iam

1318 2201 1381 2226 ante
1402 2198 1472 2227 diem
1498 2200 1533 2227 18
1554 2199 1624 2233 Maii,
1640 2199 1682 2228 vel
1706 2199 1876 2236 probabilius
1896 2208 2092 2229 amanuensem
2115 2200 2168 2236 pri-

1319 2253 1379 2273 mae
1406 2245 1536 2282 epistolae
1564 2246 1687 2274 omisisse
1720 2254 1768 2282 per
1800 2247 1935 2275 incuriam
1967 2254 2116 2275 numerum
2146 2247 2167 2275 X

1318 2295 1380 2320 ante
1403 2293 1489 2320 XVlll.
1512 2293 1570 2321 Maii
1595 2293 1700 2330 primae
1723 2293 1886 2322 indictionis.

1397 2340 1518 2368 Traditio
1539 2340 1720 2375 universale,
1743 2341 1823 2369 cuins
1845 2341 1896 2369 hac
1929 2341 1954 2369 in
1989 2349 2019 2369 re
2046 2341 2167 2369 disertus

1319 2386 1456 2423 interpres
1484 2391 1524 2415 est
1553 2387 1755 2424 Waddingus3,
1787 2391 1896 2421 narrat,
1929 2388 2165 2422 Bonaventuram,

1318 2433 1471 2469 profectum
1496 2434 1619 2467 Parisiis,
1643 2434 1800 2470 pervenisse
1822 2434 1848 2462 in
1865 2435 2026 2463 coenobium
2043 2435 2166 2463 Nemoris

1317 2479 1351 2508 de
1372 2480 1501 2516 Mugello,
1524 2481 1695 2509 Conventum
1717 2481 1844 2509 Fratrum
1877 2489 1963 2518 prope
1984 2482 2165 2516 Florentiam,

1318 2530 1344 2555 ct
1366 2527 1417 2561 ibi,
1440 2527 1505 2555 dum
1529 2528 1585 2564 ipse
1608 2531 1727 2564 tergeret
1749 2528 1876 2557 utensilia
1891 2528 2007 2562 culinae,
2023 2529 2165 2557 advenisse

1319 2573 1420 2610 legatos
1442 2574 1605 2608 Pontificios,
1620 2575 1740 2604 ferentes
1760 2575 1783 2603 ei
1806 2575 1929 2612 galerum
1947 2576 2164 2610 cardinalitium;

1318 2620 1364 2648 sed
1393 2628 1456 2648 eum
1486 2621 1563 2656 prius
1592 2621 1695 2657 legatos
1726 2621 1823 2650 audire
1852 2622 1987 2655 noluisse,
2016 2625 2163 2659 autequam

1317 2667 1394 2695 illum
1418 2667 1537 2695 laborem
1562 2676 1613 2695 non
1636 2668 1819 2704 explevisset,
1843 2668 1926 2697 immo
1947 2669 2070 2697 oblatum
2091 2670 2163 2705 gale-

1318 2722 1380 2742 rum
1403 2714 1428 2741 in
1452 2722 1559 2742 ramum
1581 2714 1703 2748 arboris,
1726 2715 1814 2744 dictae
1829 2715 1921 2749 corni,
1937 2716 2093 2752 appendere
2108 2717 2164 2744 ius-

1317 2761 1399 2794 sisse;
1428 2761 1555 2795 demum,
1577 2761 1689 2797 expleto
1719 2770 1849 2796 munere,
1874 2763 1979 2792 verbis:
2004 2764 2162 2801 Postquam

1379 2886 1387 2899 ¹
1406 2887 1531 2909 Areliivum
1551 2887 1627 2908 Status
1645 2887 1799 2915 Neapolitani,
1817 2888 1877 2915 sign.
1894 2889 1986 2916 Regest.
2004 2890 2028 2910 A.
2046 2895 2067 2910 11.
2086 2889 2107 2910 3.
2126 2895 2162 2911 an.

1322 2927 1377 2948 1269
1396 2926 1433 2948 fol.
1450 2925 1487 2948 64.

1380 2964 1388 2977 ²
1407 2964 1461 2987 lbid.
1479 2964 1538 2992 sign.
1556 2965 1647 2992 Regest.
1666 2965 1691 2986 A.
1709 2971 1730 2986 11.
1749 2964 1786 2987 34.
1803 2971 1839 2987 an.
1858 2966 1926 2988 11279.
1945 2966 1980 2988 sol.
2003 2967 2036 2988 19.

1380 3003 1388 3016 ³
1407 3004 1440 3027 Ad
1459 3010 1494 3026 an.
1516 3004 1573 3026 ¹273
1591 3010 1613 3026 n.
1638 3004 1671 3026 12.
