2269 3448
646 214 743 242 INDEX
766 214 1005 242 Ahl’lltlili'rlcns
1027 214 1103 243 NON!
1128 215 1314 243 votuitnNts.

352 488 403 509 §.tn

145 528 201 550 Sina
220 539 250 543 —-
268 527 354 554 Regina
374 526 433 548 Saba
451 527 548 548 audiens
561 526 663 548 Salomo-

98 573 149 589 ncm
173 567 299 594 sapientior
324 566 392 588 rediit
417 566 461 588 455ss
489 565 503 588 b
520 578 550 582 —
577 565 661 593 liegina

98 605 156 627 Saba
175 606 290 633 signiflcat
306 605 407 627 animam
425 608 528 627 sanctam
546 605 591 626 623
609 610 621 626 a

144 646 226 667 SABAlllt
244 657 274 661 —-
294 645 339 667 Viri
357 644 468 667 sublimes
485 643 577 666 Sabain·
596 643 663 671 signi-

98 684 165 707 ficant
182 683 316 712 superbiam
338 684 380 706 104
398 690 409 705 a

137 725 254 746 5111011011
267 735 297 739 -
309 722 426 751 Quidquid
437 729 448 744 a
459 722 572 750 principio
582 722 662 744 mundi

97 762 183 785 dictum
201 766 235 784 est
246 763 276 785 (le
288 762 441 785 celebratione
457 761 560 788 sabbati,
574 761 660 784 dictum

97 806 131 824 cst
149 804 242 830 propter
259 802 363 831 requiem
382 801 428 823 267
440 808 450 823 a
465 814 495 817 —
507 804 555 823 erat.
567 801 595 823 ad
609 803 662 823 tem-

98 847 142 869 pus
164 841 304 863 servandum
332 841 360 862 63
383 847 394 862 a
418 853 447 856 —-
466 847 510 862 non
528 839 662 862 solvebatur

98 887 138 909 per
156 887 216 908 opus
233 880 405 902 misericordiae
422 883 444 901 et
461 879 608 906 liberalitatis,
621 879 661 901 sed

97 926 138 948 per
163 926 222 947 opus
239 919 348 941 avaritiae
365 922 387 941 ct
404 919 521 941 servitutis
539 918 584 941 415
602 925 614 940 a
634 931 661 934 —

100 959 176 981 Nullus
194 961 226 981 est
249 958 346 981 idoneus
368 958 397 980 ad
415 958 517 980 divinam
536 958 610 985 legem
628 964 663 980 ex·

97 998 227 1026 plicandam
246 998 287 1019 nisi
307 1003 347 1025 per
370 997 464 1019 sabbati
489 997 661 1020 observantiam

97 1037 142 1060 6ὅο
161 1037 175 1059 b

143 1089 174 1093 —
191 1079 295 1099 sanctum
314 1079 348 1098 cst
370 1075 493 1098 sabbatum
511 1075 662 1098 sabbatorum

97 1116 142 1138 267
166 1122 177 1137 a
205 1128 233 1132 —
260 1116 333 1137 Hodie
358 1116 484 1137 invitamur
509 1115 536 1138 ad
556 1115 660 1144 requiem

97 1156 141 1177 262
165 1155 187 1177 b.
211 1155 256 1177 ‘2157
279 1161 290 1177 a
317 1167 347 1170 —
371 1155 444 1177 Hodie
468 1154 572 1177 Christus
598 1155 662 1181 fecit,

96 1194 160 1223 quod
177 1200 259 1216 omnes
276 1194 367 1216 animae
384 1197 476 1216 sanctae
493 1200 572 1216 secum
585 1194 661 1216 sintin

96 1236 187 1256 aeterna
205 1234 285 1262 requie
303 1233 398 1256 visionis
416 1233 459 1255 267
477 1240 488 1255 a

143 1274 286 1300 3100000105
303 1285 333 1289 -
352 1273 488 1295 ludaeorum
507 1272 621 1295 vacabant
633 1274 663 1294 01·-

97 1312 148 1335 ficio
165 1313 242 1335 altaris
260 1313 289 1334 62
306 1318 317 1334 a
336 1325 366 1329 —
384 1315 448 1334 erant
465 1312 620 1334 sollicitissimi
632 1312 661 1334 ad

97 1352 286 1380 cognoscendum
312 1351 428 1374 Christum
452 1351 505 1374 ibid.
531 1364 562 1368 —
579 1351 663 1374 nescie-

97 1395 149 1413 runt
167 1391 282 1413 Christum
309 1394 403 1419 propter
421 1391 541 1413 avaritiam
560 1390 613 1413 ibid.
631 1404 661 1406 —

97 1430 229 1452 vendebant
254 1436 299 1452 non
325 1430 463 1452 habentibus
486 1430 619 1457 columbas,
639 1434 663 1452 ut

96 1472 175 1497 postea
193 1470 323 1497 reciperent
334 1469 423 1491 oblatas
440 1469 485 1491 390
497 1475 509 1491 a
522 1482 552 1486 —
565 1469 599 1492 Ad
618 1470 661 1491 hoc

96 1508 213 1536 ponebant
230 1509 405 1535 nummtllariOS‚
418 1511 442 1531 ut
459 1511 592 1531 mutuarent
609 1509 663 1531 nihil

97 1547 236 1570 habentibus
253 1547 306 1571 ibid.

146 1600 172 1603 -—
192 1587 295 1609 Christus
310 1587 334 1609 in
354 1587 431 1609 ultima
454 1593 525 1610 coena
548 1587 664 1610 ordinavit

97 1626 246 1655 presbyteros
263 1627 308 1649 <257
326 1633 338 1648 a
358 1639 386 1642 ——
404 1627 480 1649 oleum
503 1627 590 1654 gratiae
615 1633 663 1649 san-

96 1666 216 1688 ctificantis
232 1666 370 1688 sacerdotali
387 1666 522 1688 auctoritate
540 1667 616 1688 fusum
629 1669 663 1688 est

97 1706 119 1727 in
138 1706 229 1728 Petrum
247 1708 269 1727 et
292 1705 313 1727 in
340 1706 461 1733 Apostolos
486 1707 508 1727 et
525 1711 566 1733 per
582 1711 622 1727 eos
640 1705 663 1727 111

96 1745 198 1774 reliquos
215 1744 347 1767 sacerdotes
364 1744 409 1766 548
427 1750 453 1771 a,
472 1744 486 1766 b
504 1757 533 1760 —
552 1744 663 1767 Sanctitas

97 1785 164 1807 datur
181 1783 341 1806 sacerdotibus
359 1790 399 1811 per
417 1784 594 1812 impressionem
612 1785 663 1806 cha-

97 1823 190 1846 racteris
207 1822 336 1846 indelebilis
353 1824 398 1846 599
416 1830 427 1845 a
446 1836 476 1839 —
490 1824 552 1845 Hanc
570 1824 599 1846 de
611 1830 663 1846 con-

97 1869 157 1891 gruo
174 1863 240 1892 sequi
258 1862 328 1885 debet
344 1863 452 1885 sanctitas
470 1862 491 1885 10
510 1862 596 1885 meritis
608 1862 662 1885 ibid.

96 1914 127 1918 —
144 1902 256 1924 Sanctitas
273 1902 341 1924 officii
360 1902 387 1924 iis
399 1901 465 1924 obest
477 1902 526 1924 sine
543 1902 663 1924 sanctitate

97 1941 172 1963 meriti
190 1940 244 1964 ibid.

144 1993 174 1996 ——
191 1981 245 2002 01101
264 1979 368 2002 solebant
382 1981 463 2002 offerre
475 1981 565 2007 arietes,
578 1981 663 2003 vituios

97 2023 119 2042 et
135 2020 253 2047 volucres,
272 2020 342 2042 modo
362 2019 490 2042 sacrificant
510 2020 608 2042 hostiam
626 2026 663 2042 ve-

97 2065 155 2085 ram,
164 2058 279 2081 Christum
294 2059 338 2080 612
350 2058 364 2081 b
377 2071 407 2075 -
419 2059 484 2081 offert
496 2059 578 2081 Filium
589 2059 627 2081 Dei
641 2059 662 2081 in

98 2097 206 2120 manibus
230 2098 343 2120 Ecclesiae
366 2098 410 2120 610
428 2104 440 2120 a
463 2110 494 2114 —
512 2098 663 2120 sacerdotum

98 2140 132 2159 est
148 2137 170 2159 in
188 2138 274 2165 templo
297 2138 379 2160 offerre
401 2137 516 2160 Christum
537 2138 583 2160 656
601 2137 616 2160 b
633 2150 664 2154 —

98 2177 128 2198 Ex
145 2183 186 2199 ore
202 2177 252 2199 eius
277 2177 378 2204 populus
402 2176 472 2199 debet
489 2177 570 2199 audire
587 2178 663 2205 legem

98 2216 143 2238 622
160 2222 172 2237 a
190 2228 220 2231 —-
238 2215 324 2238 debent
346 2216 452 2238 homines
475 2222 569 2244 pascere
594 2222 664 2238 carne

97 2254 180 2278 Christi
198 2261 265 2277 mane
282 2258 304 2277 et
321 2261 419 2283 vespere
436 2255 481 2277 294
499 2254 514 2277 b
531 2267 561 2271 —-
578 2256 663 2278 Eorum

97 2295 198 2316 officium
224 2296 259 2316 est
282 2294 338 2316 alios
363 2300 463 2322 purgare
486 2294 532 2316 674
554 2300 566 2316 a
589 2307 620 2311 —
642 2294 663 2316 in

98 2333 241 2356 confessione
258 2336 319 2355 tenet
335 2334 411 2356 locum
430 2334 470 2356 Dei
488 2334 532 2355 393
550 2339 563 2355 a
581 2345 611 2350 --
625 2334 664 2356 Sa-

97 2372 213 2395 cerdotale
224 2373 326 2394 officium
339 2372 447 2395 omnihus
459 2375 494 2395 est
507 2373 663 2395 necessarium

99 2411 144 2434 425
162 2418 174 2434 a

145 2463 174 2467 —
192 2451 296 2479 Oportet,
311 2451 387 2479 ipsum
406 2457 457 2474 esse
474 2458 559 2479 purum
577 2452 663 2480 duplici

98 2490 197 2518 puritate
213 2493 235 2512 et
253 2491 317 2518 pium
335 2491 421 2518 duplici
440 2491 524 2518 pietate
544 2491 588 2513 640
605 2498 631 2518 a,
648 2491 663 2514 h

97 2542 127 2546 —
140 2530 247 2558 Exempla
260 2529 314 2552 ibid.
326 2542 357 2546 —
369 2530 455 2552 debent
466 2537 517 2553 esse
535 2531 622 2559 mundi,
636 2532 664 2553 fe-

97 2569 167 2591 cundi
179 2572 201 2591 et
214 2569 326 2591 mansueti
344 2569 389 2591 656
402 2569 417 2591 b
433 2582 463 2585 —
476 2569 560 2592 debent
572 2570 601 2592 ad
615 2576 663 2593 mo-

97 2608 153 2631 dum
165 2615 288 2631 corvorum
299 2609 430 2636 nigrescere
441 2615 482 2637 per
491 2609 664 2637 poenitentiam,

98 2654 207 2676 spernere
232 2648 405 2671 delectationem
432 2652 616 2671 momentaneam
642 2652 664 2672 et

99 2687 233 2709 annuntiare
250 2689 350 2710 futuram
369 2688 466 2716 gloriam
485 2688 528 2710 294
548 2688 562 2710 b
579 2701 610 2705 —-
626 2689 663 2711 de-

98 2727 153 2749 bent
171 2727 332 2754 purgationem
348 2727 451 2755 incipere
463 2734 474 2749 a
488 2733 512 2750 se
524 2728 581 2756 ipsis
593 2727 638 2749 674
651 2734 662 2750 a

98 2778 129 2782 —
147 2766 274 2788 Dolendum
293 2769 334 2793 est,
346 2767 410 2795 quod
427 2767 497 2795 aliqui
515 2768 557 2789 hoe
569 2773 616 2789 non
635 2768 664 2789 fa—

99 2805 159 2827 ciant
171 2804 225 2828 ibid.
238 2818 265 2821 -
280 2810 409 2833 purgantur
419 2812 461 2834 per
470 2806 581 2829 sacrificia
593 2806 639 2829 654
649 2806 664 2829 b

146 2857 176 2861 —
192 2845 287 2873 quidam
305 2851 351 2867 non
368 2848 449 2867 curant
466 2845 496 2868 de
513 2845 608 2868 ecclesia
627 2847 664 2868 ha-

99 2883 182 2911 benda,
194 2884 237 2906 nisi
255 2887 350 2912 propter
367 2885 488 2912 pecuniam
501 2886 531 2907 62
545 2885 559 2907 b
571 2897 602 2902 —
619 2892 663 2908 non

98 2923 183 2945 debent
205 2923 348 2945 abscondere
365 2923 452 2946 reditus
470 2924 595 2951 Ecclesiae,
610 2925 663 2953 quia

100 2964 143 2985 hoc
160 2965 194 2984 est
210 2962 334 2989 iudaizare,
347 2963 419 2985 immo
435 2963 502 2991 sequi
518 2963 597 2985 ludam
609 2963 663 2986 ibid.

98 3014 129 3018 —
141 3001 236 3030 qnidam
254 3002 364 3024 avaritiae
376 3002 469 3024 student
481 3001 534 3025 ibid.
546 3015 576 3018 —
587 3002 664 3031 Aliqui

965 364 997 412 S

697 530 812 555 quaerunt
824 527 884 548 laute
897 527 983 555 vivere,
991 533 1136 554 congregare
1148 530 1170 549 et
1182 533 1262 554 rapere

698 565 726 588 ib.
744 565 759 587 b
770 577 801 582 —
814 566 866 587 ldeo
883 565 913 587 ab
930 566 963 588 eis
976 566 1075 588 nescitur
1092 566 1196 588 Christus
1209 565 1262 588 ibid.

697 617 727 621 —
740 605 818 632 Turpe
836 608 877 632 est,
891 608 943 627 autc
962 606 1021 627 forcs
1033 605 1159 627 sacerdotis
1173 605 1263 627 lictores

697 644 818 666 consulum
837 647 859 666 ct
877 644 959 666 milites
976 644 1090 666 excubare
1108 644 1153 666 574
1171 651 1183 666 a

744 695 774 699 -
800 683 869 711 aliqui
892 682 936 705 sub
961 683 1038 711 specie
1062 684 1166 711 placandi
1189 684 1262 705 Deum

697 722 788 749 culpam
807 722 926 744 incurrunt
947 723 988 744 164
1007 722 1021 744 b
1039 735 1069 739 —
1086 723 1114 745 ad
1141 726 1262 751 peccatum

697 761 819 783 redeuntes
837 768 944 789 magnam
962 762 1055 790 culpam
1073 765 1095 784 et
1108 768 1206 790 poenam
1219 762 1262 784 sibi

696 801 842 823 accumulant
861 801 904 823 270
923 807 934 823 a
953 813 983 817 —
1001 802 1048 823 Non
1067 804 1101 824 est
1118 802 1213 828 malum,
1230 808 1263 824 sa-

696 840 813 862 cerdotem
832 846 893 867 esse,
917 841 967 863 licet
993 841 1014 862 in
1041 841 1126 863 malum
1152 847 1263 869 aggrava-

697 882 759 901 retur
776 878 828 902 ibid.
846 891 877 895 —-
896 880 975 907 Magna
999 880 1098 908 proditio
1121 883 1167 907 est,
1190 880 1208 902 si
1230 887 1264 902 sa-

697 918 779 940 cerdos
796 918 884 941 eisdem
903 918 969 941 labiis
986 920 1103 941 osculatur
1120 919 1201 941 Filium
1216 920 1263 941 Vir-

698 957 769 985 ginis,
787 957 873 986 quibus
898 958 1014 980 osculatus
1039 961 1073 980 est
1090 964 1171 980 carnes
1193 964 1264 981 mere-

699 997 775 1019 tricias
791 996 847 1020 ibid.
864 1010 893 1012 —
912 997 981 1025 aliqui
999 1000 1082 1020 vacant
1099 997 1213 1025 gulositati
1233 998 1261 1019 62

698 1036 712 1058 b
729 1049 760 1053 -—
779 1037 836 1059 Vide
853 1037 921 1058 etiam
942 1037 968 1058 V.
987 1036 1100 1059 Clericus.

745 1076 900 1098 Sieennoriuu
918 1088 948 1092 -
965 1076 1049 1098 111011111-
1067 1075 1140 1098 nubes
1152 1076 1263 1098 etlumen

699 1116 739 1138 531
762 1122 773 1137 a

745 1156 910 1177 51011111101111111
929 1167 957 1169 -
975 1157 1020 1182 est,
1040 1155 1061 1176 in
1078 1160 1125 1183 quo
1143 1154 1187 1176 sub
1201 1158 1263 1183 tegu-

697 1198 774 1216 mento
791 1200 869 1216 rerum
893 1193 1019 1216 visibilium
1043 1194 1121 1216 divina
1140 1194 1213 1216 virtus
1229 1201 1262 1217 sa-

696 1234 766 1256 lutem
784 1233 894 1256 secretius
911 1235 1020 1261 operatur
1038 1233 1082 1255 355
1101 1233 1115 1254 h
1128 1245 1157 1249 --
1173 1236 1262 1261 septem

696 1273 854 1301 significantur
872 1279 913 1301 per
938 1275 1027 1300 septem
1045 1272 1165 1294 columnas
1183 1272 1227 1295 154
1250 1279 1262 1295 a

697 1325 725 1328 —
743 1315 820 1334 vetera
840 1312 996 1340 promittendo
1012 1315 1034 1334 et
1053 1312 1175 1340 figurando
1193 1318 1263 1335 novo-

695 1358 747 1374 rum
773 1352 980 1378 introductionem,
1006 1358 1072 1374 suam
1099 1351 1264 1380 praedicebant

696 1391 847 1414 cessationem
869 1391 910 1413 134
929 1390 944 1413 b

743 1443 773 1446 —
791 1430 917 1453 efficaciam
936 1429 1021 1452 habent
1037 1436 1049 1452 a
1076 1431 1182 1458 passione
1200 1430 1263 1453 Chri-

697 1470 724 1492 sti
742 1470 770 1491 58
796 1476 816 1491 a.
843 1470 882 1491 401
905 1476 925 1491 a.
951 1470 997 1491 630
1016 1469 1030 1491 1)
1048 1482 1079 1486 -
1102 1470 1217 1492 fluxerunt
1234 1470 1264 1492 (le

697 1510 766 1531 latere
783 1509 865 1532 Christi
888 1509 1024 1531 dormientis
1047 1509 1075 1530 58
1098 1515 1119 1531 a.
1137 1509 1182 1531 355
1201 1508 1215 1531 b
1232 1521 1263 1525 —

696 1551 791 1570 sumunt
808 1549 917 1570 virtutem
936 1549 965 1571 de
982 1548 1095 1575 sangnine
1112 1548 1207 1576 Chr1sti⁷
1223 1548 1263 1576 qui

697 1588 726 1610 dc
744 1588 793 1610 eius
810 1588 880 1610 latere
902 1588 972 1610 exivit
994 1587 1039 1609 340
1063 1587 1077 1609 b
1095 1600 1126 1604 —
1144 1588 1165 1609 ln
1183 1588 1264 1610 Sacra-

698 1627 780 1649 mentis
798 1630 906 1654 operatur
924 1627 1019 1654 sanguis
1036 1626 1119 1649 Christi
1137 1626 1182 1649 355
1201 1626 1215 1648 b

745 1679 774 1682 —
791 1666 866 1689 Gratia
885 1666 1057 1688 sacramentalis
1070 1666 1217 1694 multiplicata
1230 1669 1264 1688 est

697 1711 738 1733 per
764 1708 853 1734 septem
880 1705 1020 1728 differentias
1048 1705 1089 1727 154
1108 1712 1119 1727 a
1137 1718 1167 1722 —
1185 1706 1261 1728 Gratia

697 1745 869 1767 sacramentalis
886 1744 992 1772 procedit
1009 1751 1020 1766 a
1039 1745 1086 1766 Deo
1104 1747 1213 1773 tanquam
1234 1744 1263 1766 ab

697 1787 790 1806 auctore
808 1787 830 1806 et
852 1784 979 1810 efficiente,
1001 1790 1012 1805 a
1040 1783 1130 1806 Christo
1153 1786 1263 1812 tanquam

696 1830 709 1846 a
727 1824 854 1846 mediatore
871 1826 893 1845 et
910 1826 1058 1851 promerente
1076 1823 1104 1845 58
1118 1829 1129 1845 a
1142 1835 1173 1839 —
1186 1824 1263 1845 Sacra-

696 1865 826 1885 mentorum
845 1862 986 1890 dispensatio
999 1862 1082 1885 dicitur
1094 1862 1180 1885 fluvius
1190 1863 1264 1890 splen-

696 1902 765 1925 didus
788 1905 882 1930 propter
904 1902 1030 1924 claritatem
1054 1902 1141 1929 gratiae
1158 1901 1213 1925 ibid.
1234 1915 1262 1917 —

696 1942 898 1964 Sacramentorum
922 1941 1062 1969 dispensatio
1079 1941 1163 1964 dicitur
1179 1941 1264 1964 fluvius

696 1987 770 2010 aquae
782 1981 842 2003 vitae
855 1983 950 2009 propter
961 1981 1087 2003 efficaciam
1105 1981 1193 2009 gratiae
1210 1980 1264 2003 ibid.

696 2034 726 2036 —
737 2021 849 2043 Dominus
861 2021 929 2042 efficit
939 2020 1058 2042 veritatem
1072 2020 1214 2042 Sacramenti
1223 2026 1265 2048 per

697 2060 841 2087 ministrnm,
862 2060 925 2087 licet,
943 2065 989 2081 non
1013 2059 1097 2081 habeat
1120 2059 1262 2081 sanctitatem

698 2100 773 2122 meriti
791 2099 835 2121 599
854 2106 866 2121 a

743 2150 775 2155 —
800 2137 952 2160 lllediantibus
980 2138 1135 2160 Sani-amentis
1161 2137 1264 2160 Christus

697 2178 771 2200 influit
788 2178 885 2206 gratiam
904 2178 933 2200 58
951 2184 962 2199 a
981 2190 1010 2194 -
1028 2177 1130 2200 instituta
1148 2180 1264 2199 51101000-

698 2220 730 2239 tra
753 2217 872 2245 originalis
897 2220 919 2239 et
944 2216 1039 2239 actualis
1064 2217 1151 2244 peccati
1168 2217 1263 2238 vulnera

699 2255 738 2279 401
767 2262 779 2278 a
808 2269 834 2272 -—
861 2259 914 2278 sunt
938 2256 1041 2278 remedia
1066 2259 1145 2278 eontra
1170 2262 1263 2278 carnem

699 2296 742 2317 ’108
762 2294 776 2317 b
793 2308 823 2311 —
842 2295 883 2317 Per
908 2295 957 2322 ipsa
982 2295 1107 2317 mundatur
1124 2298 1146 2316 et
1167 2295 1264 2317 sanctifi-

697 2338 762 2357 catur
780 2335 878 2357 Ecclesia
896 2334 941 2356 340
964 2334 978 2356 b
1001 2346 1031 2350 —-
1054 2334 1096 2356 Per
1116 2334 1263 2356 Sacramenta

698 2373 871 2396 administratur
888 2373 987 2401 Spiritus
1010 2374 1032 2395 S.
1056 2373 1143 2395 donum
1167 2373 1202 2395 his
1224 2373 1263 2402 qui

698 2413 814 2435 humiliter
831 2413 944 2435 accedunt
962 2413 1006 2435 339
1024 2418 1036 2434 a

745 2453 867 2474 SAcmrieui
880 2464 911 2468 -—-
922 2454 1000 2474 vetera
1020 2451 1151 2479 figurabant
1163 2452 1263 2479 pretium

697 2491 864 2519 redemptionis
880 2494 972 2513 nostrae
987 2491 1032 2513 260
1044 2497 1056 2512 a
1070 2503 1099 2507 —-
1111 2494 1189 2513 vetera
1201 2494 1265 2513 erant

697 2534 785 2554 tantum
803 2531 869 2559 signa
886 2531 936 2553 veri
954 2530 1059 2553 sacrificii
1076 2530 1170 2558 Christi,
1187 2536 1199 2552 a
1217 2536 1264 2559 quo

697 2570 834 2593 differebant
850 2571 909 2593 sicut
926 2570 1009 2592 umbra
1026 2573 1048 2592 et
1065 2570 1151 2592 veritas
1168 2569 1222 2592 ibid.
1234 2582 1264 2586 --

697 2614 774 2632 vetera
801 2610 887 2638 aliquid
913 2610 1028 2632 efficaciae
1055 2609 1182 2636 habebant,
1210 2609 1262 2637 quia

697 2650 761 2677 signa
785 2652 850 2672 erant
872 2649 976 2671 sacrificii
999 2649 1047 2671 veri
1068 2648 1122 2671 ibid.
1140 2661 1168 2664 -
1187 2648 1264 2670 omnia

697 2689 782 2711 veteris
808 2688 947 2710 Testamenti
971 2687 1103 2715 figurabant
1125 2688 1263 2710 sacrificium

697 2728 778 2750 Christi
797 2727 842 2750 204
860 2734 872 2749 a
896 2740 925 2743 --
948 2728 970 2749 Si
988 2728 1087 2749 stetisset
1109 2728 1179 2749 homo
1198 2727 1218 2749 in
1237 2733 1264 2748 eo

697 2767 761 2796 quod
774 2767 870 2795 accepit,
883 2767 970 2789 nullum
983 2767 1067 2788 animal
1080 2766 1208 2788 immolaret
1219 2766 1263 2788 647

697 2813 709 2829 a
727 2820 758 2822 —
775 2806 860 2828 veteris
880 2806 1021 2828 Testamenti
1044 2812 1091 2827 non
1114 2807 1205 2828 fuerunt
1222 2805 1263 2828 nisi

698 2846 728 2868 de
744 2852 782 2868 sex
800 2844 925 2873 generibus
942 2844 1076 2866 animalium
1089 2843 1142 2867 ibid.
1155 2857 1186 2860 —
1198 2845 1264 2866 Ratio

698 2885 767 2908 huius
787 2884 937 2907 ordinationis
956 2882 985 2905 ib.
1007 2889 1027 2911 a,
1046 2883 1060 2905 b
1079 2895 1110 2899 —
1132 2883 1198 2905 Maria
1219 2890 1263 2905 non

698 2924 801 2952 despexit
819 2923 902 2946 veteris
920 2922 1060 2944 Testamenti
1078 2922 1189 2944 sacrificia
1207 2921 1237 2945 ib,
1251 2929 1262 2944 a

746 2976 775 2979 —-
793 2963 883 2985 Oblatio
902 2962 1026 2984 salvatoris
1053 2962 1143 2984 inchoat
1168 2961 1263 2984 oblatio-

698 3008 751 3025 nem
769 3002 935 3024 sacrificiorum
954 3001 1051 3024 iustitiae
1069 3001 1114 3023 634
1132 3007 1143 3022 a
1158 3014 1185 3017 —
1199 3006 1263 3023 acce-

1807 220 1860 247 1113

1558 490 1609 511 SAL

1297 526 1381 554 ptabile
1408 534 1452 549 neu
1476 531 1524 550 crat
1550 528 1590 550 nisi
1618 535 1658 556 per
1675 530 1756 551 Christi
1775 531 1862 553 adten-

1297 569 1344 588 tum
1370 567 1415 588 668
1442 573 1453 588 a
1475 579 1505 583 —
1523 568 1599 595 ipsum
1626 568 1726 590 eundem
1753 570 1861 592 sacerdos

1296 606 1361 627 otl'ert
1379 606 1425 628 Deo
1444 606 1501 628 l'atri
1520 607 1541 628 in
1567 607 1644 634 altari,
1661 608 1700 636 qui
1719 615 1742 629 se
1761 609 1861 630 volunta-

1297 645 1329 667 rie
1347 645 1429 667 obtulit
1446 652 1488 673 pro
1514 645 1579 667 nobis
1605 646 1626 668 in
1652 653 1720 668 crum
1739 647 1783 669 ‘2552
1801 654 1811 668 a
1834 660 1859 663 —

1296 684 1400 707 Christus
1418 685 1440 706 in
1458 685 1521 707 altari
1541 685 1562 707 in
1585 685 1663 713 speeie
1686 686 1751 714 panis
1768 687 1862 709 offertur

1297 724 1318 745 in
1338 724 1459 746 bivinitute
1476 727 1498 746 et
1524 725 1665 747 humanitate
1695 725 1735 747 1:38
1754 732 1764 747 a
1787 738 1817 742 —-
1840 726 1861 748 in

1296 770 1343 792 quo
1362 763 1421 785 Deus
1438 764 1633 786 sacramentaliter
1643 765 1773 793 requiescit,
1788 772 1861 793 usque

1296 802 1325 823 ad
1348 802 1415 824 finem
1434 803 1517 824 saeculi
1543 802 1700 830 perseverabit
1724 803 1769 825 673
1792 803 1805 825 11
1832 815 1862 820 -—

1297 841 1344 863 Nou
1362 844 1397 863 est
1414 841 1477 863 locus
1499 841 1546 864 veri
1570 842 1674 864 sacrificii
1692 845 1753 864 extra
1772 843 1861 864 catholi-

1297 886 1347 902 cam
1367 881 1489 903 Ecclesiam
1508 880 1561 903 ibid.
1579 893 1609 897 —
1628 881 1748 903 Peccatum
1767 888 1813 903 non
1828 888 1862 904 ex-

1298 919 1373 947 piatur
1391 920 1431 941 nisi
1451 926 1492 947 per
1510 926 1591 942 verum
1612 920 1749 942 sacrificium
1770 921 1813 942 136
1832 927 1843 942 a

1345 971 1374 975 —
1394 959 1439 981 Deo
1455 964 1575 986 acceptum
1588 962 1622 981 est
1639 960 1735 987 duplex:
1752 965 1863 987 compen<

1297 997 1341 1019 ctio
1359 998 1380 1019 in
1406 1004 1473 1025 prece
1499 1001 1520 1019 et
1545 998 1639 1020 devotio
1658 999 1679 1020 in
1699 998 1766 1020 laude
1783 999 1828 1020 652
1847 998 1861 1020 b

1296 1048 1328 1052 —
1341 1037 1391 1058 Plus
1404 1039 1479 1064 potest
1495 1037 1619 1064 spiritualis
1636 1037 1720 1059 oblatio
1738 1044 1808 1065 super
1821 1038 1862 1059 im-

1298 1075 1433 1097 munditiam
1447 1076 1587 1103 spiritualcm
1601 1082 1670 1105 quam
1684 1077 1781 1099 carnalis
1793 1083 1863 1104 super

1297 1115 1412 1137 carnalem
1430 1115 1475 1136 7-28
1494 1122 1505 1136 a
1522 1128 1548 1130 —
1569 1114 1638 1137 debet
1650 1121 1699 1137 esse
1713 1116 1862 1143 purgativum

1298 1154 1369 1176 nostri
1387 1158 1409 1176 et
1427 1154 1568 1182 placativum
1588 1155 1625 1176 Dei
1645 1155 1689 1176 640
1708 1161 1719 1176 a
1736 1167 1767 1171 —
1784 1159 1860 1177 nostra

1297 1193 1384 1216 debent
1400 1200 1450 1216 esse
1468 1200 1525 1222 pura
1544 1197 1565 1216 et
1583 1194 1619 1221 pia
1638 1193 1692 1217 ibid.
1712 1207 1739 1210 —
1758 1201 1802 1216 non
1818 1195 1863 1222 pla-

1297 1235 1333 1255 cet
1348 1233 1403 1261 Deo,
1415 1233 1458 1255 nisi
1476 1233 1559 1255 ardore
1577 1233 1676 1255 caritatis
1693 1239 1817 1255 accensum
1836 1233 1864 1255 sit

1298 1272 1342 1294 616
1361 1278 1372 1294 a
1785 1294 1788 1297 .

1345 1312 1461 1334 Saecueuu
1476 1324 1505 1328 -
1518 1312 1652 1339 designatur
1665 1318 1705 1339 per
1718 1318 1781 1334 mare
1794 1311 1837 1333 426
1851 1318 1863 1333 a

1296 1362 1328 1366 —-
1344 1354 1378 1373 est
1403 1351 1569 1379 procellosum,
1593 1351 1747 1379 profundum,
1774 1351 1864 1379 perieu-

1296 1390 1370 1412 losum
1389 1389 1419 1412 ib.
1436 1396 1456 1415 a.
1475 1389 1489 1411 b
1506 1402 1536 1406 —
1548 1390 1724 1413 Cont'ormamur
1745 1391 1797 1412 huic
1817 1396 1864 1412 sae·

1297 1430 1349 1451 culo
1367 1435 1408 1457 per
1425 1429 1598 1451 adhaerentiam
1615 1432 1773 1456 terrenorum,
1791 1429 1862 1457 negli-

1297 1468 1398 1496 gentiam
1422 1471 1583 1495 aeternornm,
1609 1468 1786 1490 fraudulentiam
1813 1474 1863 1496 pro-

1297 1508 1426 1536 ximorum,
1444 1508 1562 1530 lasciviam
1581 1514 1673 1529 morum
1692 1507 1735 1529 174
1750 1507 1764 1529 b
1777 1520 1806 1524 —
1819 1508 1862 1536 Qui

1297 1549 1471 1569 conformantur
1488 1547 1579 1569 saeculo
1597 1553 1641 1568 non
1655 1550 1772 1569 merentur
1790 1547 1861 1569 divini

1298 1586 1433 1614 beneplaciti
1451 1586 1648 1614 dispensationem
1667 1585 1766 1614 probare
1783 1587 1827 1608 566
1848 1586 1862 1608 b

1345 1627 1487 1648 5100011005
1504 1637 1534 1641 -
1552 1632 1563 1647 a
1588 1632 1642 1647 vera
1665 1625 1776 1653 sapientia
1794 1626 1862 1648 divisi

1297 1668 1350 1687 sunt
1368 1666 1411 1687 206
1430 1665 1444 1687 11

1345 1705 1454 1727 ΞΑοιττΑΕ
1464 1716 1495 1721 ·—
1504 1708 1557 1726 sunt
1565 1705 1674 1732 dogmata
1683 1704 1784 1726 veritatis
1795 1705 1838 1726 528
1850 1711 1861 1726 a

1346 1745 1387 1766 SAL
1404 1756 1435 1760 —-
1453 1744 1528 1766 Salem
1552 1750 1598 1766 non
1620 1744 1704 1766 suflicit
1730 1744 1763 1765 vis
1789 1746 1861 1765 terrea

1297 1784 1434 1810 immutare,
1452 1783 1494 1805 nisi
1520 1783 1614 1805 adiuvet
1641 1783 1700 1805 illam
1726 1783 1788 1805 calor
1810 1783 1863 1805 solis

1301 1822 1346 1844 532
1364 1829 1376 1844 a
1393 1835 1423 1839 —-
1442 1824 1463 1845 ln
1482 1823 1528 1845 sale
1550 1822 1657 1845 discretio
1680 1822 1747 1844 datur
1770 1822 1863 1850 intelligi

1297 1862 1342 1884 714
1361 1861 1376 1884 b

1346 1902 1495 1924 §.inanimum
1523 1913 1554 1917 —
1582 1904 1733 1923 conservatur
1762 1901 1784 1922 in
1811 1901 1864 1928 igne

1298 1941 1343 1963 273
1361 1940 1376 1962 b

1347 1980 1463 2003 511111-
1486 1980 1647 2007 interpretatur
1671 1980 1754 2001 iustitia
1785 1979 1826 2001 104
1844 1986 1864 2002 a.

1298 2020 1343 2042 257
1362 2026 1374 2042 a
1391 2032 1422 2036 —
1439 2020 1601 2047 interpretatur
1620 2026 1661 2047 pax
1680 2019 1724 2041 257
1738 2025 1750 2041 a
1768 2032 1797 2034 —
1816 2020 1863 2041 Rex

1300 2059 1374 2081 Salem
1394 2059 1499 2087 designat
1517 2058 1632 2081 Christum
1652 2058 1705 2081 ibid.

1348 2099 1449 2121 8111111100
1467 2110 1498 2114 -——
1515 2099 1544 2120 Ex
1562 2097 1672 2120 omnihus
1697 2097 1806 2126 regibus,
1823 2098 1862 2127 qui

1299 2140 1392 2160 suerunt
1409 2141 1461 2160 ante
1478 2142 1500 2160 et
1517 2140 1569 2165 post
1586 2138 1661 2165 ipsum
1680 2137 1703 2159 in
1729 2138 1864 2164 ierusalem,

1299 2183 1367 2199 nemo
1386 2180 1434 2199 erat
1451 2177 1531 2200 similis
1554 2177 1573 2199 ei
1592 2177 1614 2199 in
1640 2177 1750 2205 sapientia
1770 2180 1791 2199 et
1809 2177 1864 2199 dix-i-

1299 2216 1335 2239 1115
1353 2216 1397 2238 147
1416 2216 1430 2239 b
1453 2229 1483 2233 --
1506 2217 1566 2238 llaec
1589 2217 1639 2238 lans
1660 2220 1694 2238 est
1710 2216 1865 2244 retorquenda

1298 2256 1327 2278 ad
1345 2262 1427 2278 verum
1446 2256 1600 2283 Salomonem,
1619 2255 1734 2278 Christum
1753 2255 1796 2277 Ἰ148
1809 2261 1820 2277 a
1834 2267 1865 2271 —

1298 2295 1387 2322 accepit
1409 2295 1544 2323 sapientiam
1568 2301 1634 2317 suam
1660 2300 1701 2322 per
1724 2294 1862 2316 infusionem

1298 2334 1401 2356 divinam
1420 2334 1464 2356 243
1483 2341 1494 2356 a
1509 2346 1541 2350 —
1553 2334 1675 2361 proposuit
1686 2332 1806 2355 ambulare
1824 2339 1864 2360 per

1298 2374 1429 2396 defectuum
1456 2373 1632 2396 declinationem
1654 2373 1699 2394 227
1718 2372 1732 2394 1)
1749 2385 1779 2388 -
1802 2372 1864 2399 fecit,

1299 2414 1361 2442 quod
1378 2416 1437 2435 tanta
1451 2416 1511 2435 esset
1528 2412 1649 2434 multitudo
1662 2412 1710 2433 auri
1729 2415 1750 2433 et
1767 2411 1863 2439 argenti,

1298 2455 1384 2481 quanta
1402 2452 1505 2480 lapidum
1524 2453 1569 2473 602
1583 2451 1597 2473 b
1614 2463 1644 2467 —-
1661 2451 1733 2473 Huius
1745 2450 1864 2478 explicatio

1298 2491 1354 2515 ibid.
1373 2505 1401 2507 —
1416 2491 1509 2514 Gradus
1527 2491 1547 2513 in
1567 2492 1648 2513 throno
1666 2490 1715 2512 eius
1735 2489 1865 2517 significant

1298 2531 1379 2554 decem
1398 2534 1420 2553 et
1436 2534 1488 2553 octo
1506 2530 1645 2552 hierarchias
1663 2530 1707 2551 610
1725 2535 1736 2551 a
1749 2541 1778 2545 —
1792 2529 1814 2550 ln
1827 2529 1864 2551 Sa-

1298 2571 1390 2593 lomone
1408 2570 1492 2592 veritas
1506 2573 1555 2592 erat
1566 2568 1717 2595 obumbrata,
1735 2569 1756 2590 in
1774 2568 1863 2590 Christo

1299 2612 1333 2632 est.
1357 2612 1528 2637 repraesentata
1552 2608 1592 2630 241
1622 2615 1634 2629 a
1657 2621 1685 2623 —
1708 2607 1863 2635 multiplieiter

1299 2649 1384 2677 figurat
1401 2648 1515 2672 Christum
1534 2648 1562 2670 28
1582 2647 1603 2669 b.
1622 2647 1665 2669 243
1684 2653 1702 2668 a.
1722 2647 1766 2669 518
1785 2653 1805 2668 a.
1818 2647 1862 2668 693

1299 2693 1311 2709 a
1328 2699 1360 2703 —
1378 2687 1502 2714 Explicati0
1520 2686 1564 2708 243
1582 2692 1593 2707 a

1347 2727 1445 2748 sitssno
1462 2738 1492 2742 —-
1509 2732 1553 2747 non
1577 2727 1651 2752 potest
1677 2724 1734 2746 trahi
1752 2723 1781 2745 ab
1802 2730 1862 2752 aqua

1299 2765 1369 2787 maris
1386 2766 1430 2787 nisi
1449 2771 1489 2793 per
1502 2771 1542 2787 vas
1555 2770 1647 2786 cereum
1661 2769 1748 2785 novum
1765 2763 1787 2785 in
1804 2763 1864 2785 orifi-

1298 2805 1333 2827 cio
1352 2805 1454 2827 clausum
1475 2805 1518 2825 192
1536 2803 1550 2825 b

1346 2844 1414 2866 Snus
1434 2857 1461 2859 —
1479 2843 1557 2865 Nullus
1574 2843 1675 2864 salvatur
1693 2842 1734 2864 nisi
1747 2848 1789 2869 per
1801 2841 1862 2864 Chri-

1298 2886 1358 2905 stum
1378 2884 1422 2904 260
1440 2889 1452 2904 a
1470 2895 1499 2898 —-
1518 2883 1539 2904 ln
1565 2882 1615 2909 lege
1637 2885 1745 2908 naturae,
1763 2881 1862 2909 Scriptu-

1297 2928 1337 2944 rae
1354 2925 1375 2944 et
1393 2921 1478 2949 gratiae
1497 2927 1541 2943 non
1554 2921 1655 2943 salvatur
1667 2921 1750 2949 aliquis
1768 2920 1809 2942 nisi
1822 2926 1864 2948 per

1297 2961 1412 2984 Christum
1432 2961 1476 2983 670
1494 2968 1505 2982 a
1525 2973 1555 2977 —
1568 2961 1589 2982 ln
1603 2963 1708 2988 tempore
1721 2960 1807 2988 gratiae
1819 2961 1862 2982 fru-

1298 3003 1348 3023 ctus
1365 3001 1408 3023 iste
1424 3000 1541 3028 copiosius
1558 3000 1743 3022 communicatur
1761 2999 1813 3023 ibid.
1832 3013 1862 3015 —
