2269 3448
651 228 751 257 lNDEX
774 227 1014 256 ALPlliissETlCUS
1036 228 1112 256 NONl
1136 227 1323 256 VOLtJMtNts.

356 269 398 291 ΕΗ

103 309 176 331 zelum
200 308 294 331 divinae
316 308 416 330 iustitiae
438 307 482 329 636
507 312 519 329 a
535 318 566 323 —
585 306 669 329 virtute

103 348 243 376 Angelorum
261 347 364 370 ascendit
389 347 417 369 ad
445 346 579 374 paradisum
603 348 670 368 terre-

102 391 173 410 strem
191 387 236 409 323
255 393 266 408 a
279 386 398 408 —adhuc
416 385 486 408 vivus
503 385 573 413 deget
590 385 611 406 in
630 390 670 412 pa-

102 427 180 449 radiso
199 426 297 448 terrestri
320 426 362 448 115
380 431 392 447 a
412 438 439 441 —
457 424 601 452 praedicabit
618 427 670 446 ante

103 466 208 488 ultimum
227 465 338 488 iudicium
356 468 379 487 et
396 464 425 486 ab
446 464 581 486 antichristo
604 463 670 485 inter-

103 506 191 528 liciettu·
214 505 244 527 34
269 504 283 527 b
306 517 336 520 —
359 504 468 531 designat
488 503 605 526 Christum
624 502 668 524 548

103 551 123 572 a,
141 545 155 567 1)
172 557 203 561 -
219 544 326 572 designat
342 543 493 566 christianum
512 542 556 564 291
575 541 590 564 1)

151 585 243 606 Emezen
259 595 291 600 —-
308 586 342 605 est
362 583 436 610 figura
459 581 571 604 Gabrielis
588 580 669 609 Angeli

104 624 148 646 660
167 629 178 645 a

150 663 268 685 Etisinmu
285 674 316 678 —
336 661 390 683 Eius
409 661 530 688 conceptio
552 666 597 682 non
621 662 670 682 erat

103 708 178 729 nova,
195 702 236 724 sed
255 701 311 723 mira
330 700 375 723 664
393 707 404 722 a

150 742 238 763 Etiseus
255 753 285 756 —
304 740 356 763 fecit
372 739 457 762 adduci
475 739 585 767 psaltem,
601 740 625 760 ut
637 744 670 760 re-

102 784 203 803 sumeret
215 780 321 808 spiritum
337 779 472 808 prophetiae
484 779 529 800 329
543 778 557 800 b
571 791 598 794 —
613 778 670 805 figu-

101 823 136 843 rat
153 820 248 843 Paulum
266 819 311 842 548
329 819 344 841 1)

149 861 216 882 Εωυυ
233 872 264 876 -
282 858 355 881 verbo
372 858 477 885 dicebat,
495 858 534 880 sed
554 856 669 885 improba-

102 899 140 922 bat
159 900 218 922 sacto
236 899 280 921 567
299 905 311 921 a

148 939 279 961 Emeum-rio
295 950 326 954 —
352 938 425 965 lpsius
450 940 528 963 ortus,
546 936 630 958 modus
647 938 670 957 et

104 980 190 1001 fructus
209 978 335 1005 explicatur
352 976 534 1006 quadrupliciter
555 976 596 997 187
615 982 635 1002 a,
653 974 668 997 b

150 1019 247 1040 ENGADDl
269 1029 300 1033 —
323 1017 409 1039 Vineae
431 1016 543 1044 Engaddi,
561 1017 669 1038 nascente

101 1057 203 1084 Christo,
221 1057 338 1084 floruisse,
357 1056 489 1078 fronduisse
510 1058 533 1077 et
554 1055 667 1084 liquorem

102 1099 207 1125 portasse
223 1096 332 1118 dicuntur
352 1096 395 1118 123
414 1102 425 1117 a

148 1137 191 1158 ENs
207 1148 238 1152 -
255 1140 277 1158 et
294 1135 381 1158 bonum
400 1137 565 1157 convertuntur
582 1134 623 1156 531
645 1140 657 1156 a

150 1176 248 1198 Eeunitnu
271 1188 302 1192 —
325 1175 487 1203 interpretatur
512 1174 623 1196 stabilitas
647 1176 669 1196 et

102 1218 253 1243 augmentum
273 1214 313 1237 431
335 1221 347 1236 a
365 1227 395 1230 —
418 1214 581 1242 interpretatur
599 1213 669 1241 frugi>-

102 1255 134 1277 Fer
152 1255 197 1277 165
214 1254 238 1277 b.
269 1254 311 1276 196
328 1260 340 1276 a
360 1266 389 1269 —-
406 1254 522 1282 significat
547 1253 668 1276 credentes

103 1295 147 1317 165
165 1293 180 1316 b
197 1306 228 1310 —
244 1288 351 1322 designat
375 1293 542 1316 abundantiam
568 1292 669 1315 caritatis

103 1334 147 1356 196
165 1340 177 1355 a
194 1346 225 1349 —
242 1333 350 1361 designat
366 1339 463 1356 avarum
482 1333 527 1355 553
545 1339 557 1354 a

149 1374 266 1396 1311111111111
286 1386 314 1388 -
333 1373 436 1395 Christus
453 1372 561 1400 apparuit
578 1373 620 1394 hac
632 1372 670 1394 die

102 1416 126 1435 ut
144 1413 240 1439 veritas,
260 1412 367 1435 maiestas
390 1415 411 1434 et
435 1412 565 1439 benignitas
592 1412 636 1434 165
655 1411 669 1433 1)

101 1464 132 1468 -
150 1453 196 1474 Hac
214 1452 251 1474 die
269 1453 331 1474 lesus
348 1451 456 1479 apparuit
474 1451 581 1478 gentibus
596 1454 618 1473 et
635 1457 670 1473 oc-

102 1492 201 1514 cultatus
217 1495 252 1513 est
270 1491 359 1513 ludaeis
377 1490 421 1512 157
440 1497 451 1512 3
470 1502 500 1506 -
518 1491 564 1513 Hac
581 1490 631 1517 die,
648 1490 671 1512 li-

103 1534 139 1553 cet
155 1531 254 1553 dirersis
272 1529 430 1558 temporibus,
448 1530 501 1552 fecit
517 1529 621 1552 Christus
633 1530 671 1551 tri-

103 1571 153 1598 plex
179 1570 286 1598 signum,
311 1570 399 1592 scilicet
425 1569 518 1597 signum
546 1568 671 1597 spectabile

103 1610 192 1637 stellae,
211 1609 361 1631 manifestans
386 1615 452 1631 suam
476 1608 626 1636 sapientiam;
643 1609 670 1630 si-

103 1655 175 1678 gnum
188 1648 325 1671 admirabile
336 1648 442 1670 elementi
452 1648 567 1675 originem
582 1650 671 1670 mutan-

104 1689 142 1716 tis,
161 1688 309 1710 manifestans
334 1688 472 1716 potentinum
496 1687 590 1715 signum
608 1693 671 1709 ama-

103 1727 149 1750 bile
166 1728 242 1750 undae
258 1727 429 1755 regenerantis,
447 1726 595 1748 manifestans
606 1725 671 1748 beni—

104 1767 214 1795 gnitatem
234 1767 278 1789 ι179
297 1766 319 1789 b.
339 1767 382 1788 180
401 1773 421 1793 a,
440 1766 454 1788 b
471 1778 502 1782 —
519 1765 624 1788 Christus
646 1772 671 1788 se

104 1806 258 1829 manifestavit
281 1812 322 1834 per
343 1805 499 1828 testimonium
522 1804 670 1833 baptizantis,

104 1846 203 1874 Spiritus
225 1846 249 1868 S.
268 1845 440 1874 descendentis⁷
464 1845 536 1867 Patris
558 1845 587 1867 de
607 1845 671 1867 caelo

104 1886 219 1915 loquentis
237 1886 277 1907 180
290 1884 305 1907 b
317 1897 348 1901 —
359 1884 463 1907 ChriStus
480 1891 505 1907 se
517 1885 671 1907 manifestavit

103 1926 205 1954 perfecte
222 1924 276 1948 ibid.
293 1936 324 1941 -
342 1925 364 1947 111
387 1924 504 1952 baptismo
527 1924 611 1946 Christi
634 1930 672 1952 ap-

103 1965 180 1994 paruit
197 1968 241 1987 tota
260 1965 360 1987 Trinitas
377 1964 422 1987 356
439 1970 451 1986 a

149 2017 181 2021 —
198 2004 317 2032 Apparitio
336 2004 427 2026 Domini
444 2003 583 2026 describitur
599 2009 671 2032 quan-

104 2047 152 2067 tum
168 2044 200 2066 ad
217 2044 413 2072 opportunitatem
431 2044 487 2071 loci,
505 2043 670 2071 benignitatem

104 2084 178 2110 Pueri,
195 2084 331 2112 dignitatem
349 2083 458 2106 consortii
470 2083 510 2105 151
528 2089 548 2111 3,
560 2082 575 2104 1)
586 2095 617 2099 -
630 2083 672 2105 lila-

103 2123 217 2145 nifestatio
234 2123 316 2146 Christi
335 2122 474 2145 describitur
493 2125 517 2144 ut
540 2122 672 2145 solemniter

103 2162 216 2185 celebrata
234 2166 255 2185 et
268 2162 418 2185 luciformiter
430 2162 584 2184 demonstrata
599 2162 643 2184 169
657 2161 671 2184 b

103 2215 134 2218 —
152 2202 246 2224 Notatur
264 2202 356 2224 infantis
373 2201 494 2229 elegantia,
511 2201 631 2229 Magorum
648 2201 670 2223 in

105 2241 151 2264 fide
167 2241 323 2269 perspicacia,
341 2241 444 2263 tidelium
464 2240 547 2263 laetitia
565 2239 594 2263 ib.
612 2246 624 2262 a
641 2252 672 2256 ——

104 2280 253 2303 Manifestatio
266 2280 358 2303 Domini
375 2280 500 2308 explicatur
513 2282 537 2301 ut
553 2285 673 2307 praemon-

104 2323 186 2347 strata,
203 2320 330 2346 aemulata,
355 2319 466 2347 exhibita,
492 2322 611 2346 suscepta,
636 2324 673 2340 so-

104 2359 223 2381 lemnizata
242 2359 286 2381 156
305 2358 328 2380 b.
347 2359 390 2380 160
408 2358 432 2380 b.
450 2358 493 2380 166
509 2357 524 2379 1)
537 2370 567 2374 -
579 2358 615 2380 Ad
627 2363 673 2380 ma-

103 2398 270 2421 nifestationem
282 2397 352 2420 Verbi
363 2400 531 2420 concurrerunt
542 2397 629 2419 lumina
641 2397 672 2419 di-

104 2438 172 2460 vinae
190 2437 323 2465 maiestatis,
334 2440 451 2459 assumtae
465 2436 621 2463 humanitatis,
633 2443 673 2458 an-

105 2477 191 2505 gelicae
213 2476 333 2503 claritatis,
353 2476 432 2498 matris
454 2476 568 2504 Virginis,
591 2476 673 2498 sideris

105 2516 226 2544 dirigentis
245 2516 288 2538 169
306 2515 322 2538 b

151 2568 182 2572 —
199 2556 259 2578 Haec
277 2555 326 2578 dies
345 2555 386 2577 fuit
406 2555 547 2583 principium
564 2557 587 2577 et
603 2561 672 2577 eausa

104 2598 196 2618 nostrae
209 2595 300 2622 salutis,
316 2595 494 2623 redemptionis,
511 2594 673 2617 reconciliatio·

105 2635 152 2662 nis,
174 2634 304 2662 adoptionis
325 2635 369 2656 157
387 2640 399 2656 a
417 2646 448 2650 —
466 2634 567 2656 inventio
589 2633 672 2657 Christi

104 2681 116 2696 a
141 2674 213 2702 Magis
236 2674 277 2696 t‘uit
302 2674 391 2696 initium
415 2674 543 2696 vocationis
568 2674 672 2701 gentium

108 2713 151 2735 152
173 2719 185 2735 a
203 2725 233 2729 —
259 2713 332 2735 Hodie
357 2713 437 2735 Graeci
462 2713 547 2735 faciunt
563 2719 672 2740 magnam

105 2752 273 2774 solemnitatem
300 2752 343 2774 157
362 2758 375 2774 3
399 2764 431 2768 -
456 2752 516 2775 1Ι300
540 2752 673 2774 solemnitas

105 2798 148 2814 nos
165 2792 269 2814 bortatur
286 2791 314 2813 ad
333 2791 480 2819 resulgentias
494 2791 673 2819 participandas,

106 2831 237 2853 influentias
253 2831 419 2858 degustamus,
433 2831 547 2853 efficacias
564 2837 673 2859 recogno-

104 2870 203 2892 scendas
226 2870 270 2892 2167
297 2876 308 2892 a
333 2882 362 2885 —
387 2870 461 2892 Hodie
485 2869 599 2892 debemus
623 2877 674 2892 sur-

107 2915 163 2937 gere
180 2909 208 2931 ad
226 2909 331 2938 quinque
353 2912 418 2931 actus
439 2915 549 2931 sensuum
567 2909 674 2937 spiritua-

107 2949 162 2971 lium
188 2949 232 2970 166
259 2948 282 2970 b.
306 2948 350 2970 167
368 2954 380 2970 3
399 2960 430 2964 -
453 2949 583 2971 Excitamur
605 2949 674 2971 hodie

107 2988 135 3011 ad
153 2988 265 3010 salutares
281 2991 390 3015 conatus,
407 2988 539 3010 lucisormes
551 2994 673 3016 occursus,

107 3027 184 3050 felices
206 3027 334 3054 contuitus,
351 3033 436 3049 suaves
458 3027 578 3055 amplexus
596 3027 640 3049 166
658 3027 673 3049 1)

702 318 733 323 -
750 307 909 330 Admoncmur
921 306 949 329 ad
962 306 1064 329 studium
1077 306 1219 333 diligentiae,
1237 306 1270 327 111-

703 346 815 368 tellcetum
834 346 931 373 gloriae,
949 346 977 368 ad
996 345 1209 373 recognoscendum
1235 345 1271 368 lie⁴
1287 359 1288 375 ,

704 385 810 408 neiicium
832 385 995 407 iucarnationis
1017 385 1058 407 170
1075 392 1087 407 a
1105 397 1136 401 —
1154 384 1271 407 Debemus

704 424 772 446 hodie
789 430 886 451 surgere
903 424 930 445 ad
951 423 1059 450 mysteria
1079 423 1220 450 meditanda,
1234 423 1270 444 be-

704 463 783 485 neficia
797 463 960 489 memoranda,
973 462 1056 485 Christi
1075 462 1188 490 magnalia
1208 468 1270 489 prae-

703 502 814 529 dicanda,
832 502 905 530 ipsius
921 502 1025 530 exempla
1045 501 1155 524 imitanda
1173 500 1203 523 ib.
1220 508 1241 528 a,
1256 501 1270 523 b

703 553 733 558 —
756 541 873 564 Debemus
900 542 969 564 hodie
994 547 1091 569 surgere
1108 541 1136 563 ad
1155 546 1270 562 rememo-

703 581 801 603 randum
830 580 912 603 Christi
941 581 1078 609 puritatem,
1104 580 1269 603 ruminandum

703 621 753 643 eius
773 621 957 647 mendicitatem,
974 620 1179 648 conten-iptandum
1199 620 1271 647 ipsius

703 660 862 687 humilitatem,
875 660 1035 682 meditandum
1047 660 1097 682 01115
1109 659 1227 681 caritatem
1240 658 1270 681 it).

703 699 718 721 b
735 712 766 716 —
784 700 842 722 Vide
859 700 927 722 etiam
948 700 975 722 V.
991 698 1099 722 clii-istus
1117 702 1140 721 et
1156 698 1229 728 Mayi.

751 740 865 762 Eriscorus
881 752 912 755 —
929 742 1070 768 extorquens
1087 738 1117 761 ab
1134 739 1185 761 aliis
1205 738 1270 767 quod

703 780 781 807 oti'ert,
801 782 913 807 provocat
930 779 1003 801 Deum
1022 778 1067 801 640
1086 778 1100 800 1)

751 819 821 845 Equus
840 831 867 834 κ
886 819 1031 846 impetuosus
1048 825 1092 840 non
1112 821 1187 845 potest
1199 817 1269 840 teneri

703 858 753 881 sine
771 859 834 880 freno
853 858 893 880 351
916 864 927 879 a

751 899 825 921 Ennea
842 910 874 914 —
891 898 971 924 intrat,
993 897 1087 926 quando
1111 898 1181 919 homo
1205 897 1270 924 piger

703 938 727 960 nt
751 941 773 960 et
797 938 855 960 tides
880 936 998 960 obdormit
1020 937 1064 958 637
1089 936 1103 959 b
1129 950 1157 952 —
1184 936 1270 965 Causa,

702 978 766 1006 quod
784 977 867 1006 aliquis
892 977 954 999 cadit
979 977 1000 998 in
1018 982 1134 1002 errorem,
1151 979 1197 1004 est,
1215 976 1269 1005 quia

703 1024 748 1040 non
766 1020 887 1039 reveretur
905 1017 978 1038 Deum
997 1016 1042 1038 615
1062 1015 1076 1038 b
1097 1028 1127 1032 —
1146 1016 1206 1038 Deus
1223 1022 1269 1037 non

703 1056 827 1085 permittet,
843 1062 921 1078 errare
940 1055 1050 1078 humilem
1069 1055 1112 1078 478
1130 1061 1141 1077 a
1162 1068 1189 1071 —
1209 1055 1270 1077 Deus

702 1096 823 1125 aliquoties
841 1095 952 1123 permittit
973 1101 1052 1117 errare
1076 1096 1115 1123 qui
1141 1100 1166 1117 se
1184 1094 1270 1122 magni·

703 1136 756 1158 licat
772 1134 827 1158 ibid.

751 1187 780 1190 —
798 1174 934 1197 contradicit
951 1174 1054 1201 veritati,
1072 1173 1231 1196 communitati
1249 1176 1271 1195 et

702 1215 771 1237 etiam
789 1213 833 1236 sibi
851 1214 896 1235 566
914 1213 929 1235 b
946 1225 977 1230 —-
999 1213 1108 1235 obcaecat
1134 1212 1269 1235 rationalem

703 1254 748 1276 212
766 1260 777 1276 a
797 1266 827 1270 —
845 1256 960 1281 purgatur
978 1253 1067 1275 visione
1093 1252 1218 1275 infallibilis
1235 1258 1272 1274 ve-

703 1293 776 1316 ritatis
793 1293 822 1315 26
840 1299 852 1315 3
871 1305 901 1309 —
918 1292 962 1321 Qui
980 1292 1044 1315 ducit
1067 1292 1088 1314 in
1111 1298 1213 1314 errorem
1240 1294 1272 1314 te-

703 1336 769 1355 netnr
786 1333 814 1355 ad
833 1332 1000 1355 restitutionem
1019 1332 1048 1354 63
1066 1331 1081 1353 b

750 1373 892 1395 Eauaescena
910 1384 940 1387 —
958 1372 1033 1394 Homo
1050 1377 1096 1394 non
1114 1370 1230 1393 erubescit
1242 1371 1271 1393 (le

704 1415 783 1439 nocte,
800 1412 840 1434 sed
859 1412 889 1433 de
907 1411 944 1433 die
961 1411 1006 1433 246
1024 1417 1037 1432 a
1050 1423 1079 1426 υ
1092 1411 1136 1439 Qui
1154 1409 1272 1432 erubescit

703 1458 782 1474 coram
810 1451 908 1473 Domino
933 1456 979 1472 non
1004 1456 1030 1472 se
1055 1450 1132 1472 foedat
1149 1456 1190 1477 per
1207 1450 1270 1472 luxu-

704 1491 761 1513 riam
788 1490 833 1513 697
859 1497 870 1512 a
889 1502 920 1506 —-
937 1490 1037 1518 Quidam
1063 1496 1108 1512 non
1131 1489 1272 1511 erubescunt

705 1531 787 1553 taciem
806 1530 858 1558 Dei,
876 1530 917 1552 sed
940 1529 1081 1551 erubescunt
1098 1529 1200 1551 confiteri
1219 1535 1270 1557 pec-

705 1573 781 1592 eatum
800 1569 845 1591 555
862 1576 873 1591 a
892 1581 923 1585 -—
941 1569 1040 1597 Quidam
1066 1575 1111 1590 non
1129 1569 1204 1591 solum
1222 1575 1272 1590 eru-

706 1609 802 1632 beseunt
819 1609 935 1636 confiteri,
954 1609 1025 1630 immo
1038 1607 1179 1630 erubescunt
1192 1608 1271 1630 vocari

705 1649 759 1671 boni
777 1649 883 1671 homines
901 1649 945 1671 560
964 1654 976 1670 a

752 1690 826 1711 Eneca
851 1701 882 1705 —
907 1692 941 1711 est
965 1687 1064 1714 vermis,
1087 1687 1126 1716 qui
1156 1687 1272 1709 consumit

706 1728 798 1750 frondes
815 1728 905 1750 olerum
923 1727 968 1750 459
987 1727 1001 1749 b
1013 1739 1043 1754 -ς
1056 1727 1139 1749 dicitur
1157 1726 1186 1748 ab
1199 1726 1271 1749 eredo

705 1767 757 1791 ibid.
777 1780 806 1783 —
824 1767 931 1795 designat
949 1767 1062 1789 luxuriam
1080 1765 1135 1789 ibid.

753 1808 857 1830 EnumTto
874 1819 904 1823 —
921 1810 955 1829 est
973 1806 1010 1828 via
1022 1806 1052 1828 ad
1064 1806 1184 1828 veritatem
1199 1806 1244 1828 695
1257 1805 1272 1827 1)

752 1848 809 1869 Esau
826 1859 857 1863 —
874 1846 952 1868 veniet
968 1846 997 1868 ad
1015 1846 1127 1868 iudicium
1145 1851 1198 1867 cum
1218 1851 1274 1867 ven-

704 1886 820 1909 ditoribus
836 1885 1002 1908 benedictionis
1020 1888 1128 1913 paternae
1145 1884 1175 1906 72
1193 1890 1205 1906 a

752 1927 806 1948 Esse
823 1938 854 1942 —
872 1925 925 1947 Tria
943 1927 996 1947 sunt
1012 1930 1075 1947 esse:
1093 1927 1220 1951 aeternum,
1238 1930 1274 1946 ae-

704 1966 821 1988 viternum
840 1968 862 1987 et
879 1965 1006 1992 temporale
1023 1965 1068 1986 622
1087 1963 1102 1986 b
1119 1977 1149 1979 —
1167 1964 1212 1986 Res
1236 1964 1273 1985 ha-

705 2005 760 2028 bent
770 2011 821 2027 esse
830 2005 851 2027 in
866 2004 960 2032 proprio
973 2010 1067 2032 genere,
1077 2005 1178 2025 bumana
1189 2006 1273 2030 mente,

704 2048 795 2067 aeterna
814 2044 902 2066 ratione
929 2043 973 2066 442
991 2049 1003 2065 3
1021 2056 1052 2060 -
1070 2043 1221 2070 purissimum
1239 2045 1273 2065 est

705 2084 805 2106 maxime
822 2084 911 2106 actuale
928 2086 950 2106 et
967 2084 1095 2111 perfectum
1114 2083 1159 2105 598
1177 2088 1189 2104 3

752 2136 782 2140 -
799 2123 918 2152 Quidquid
936 2123 1013 2145 deficit
1025 2128 1037 2144 a
1051 2122 1111 2144 bono
1124 2122 1207 2145 desinit
1222 2128 1272 2144 esse

705 2163 746 2185 531
768 2170 779 2185 a
798 2175 829 2179 —
846 2163 968 2185 Peccatum
986 2162 1114 2189 corrumpit
1131 2168 1190 2189 esse,
1205 2161 1273 2184 timor

706 2203 745 2225 Dei
763 2202 853 2225 reducit
869 2202 897 2224 ad
916 2208 973 2228 esse,
987 2201 1044 2223 tides
1060 2201 1099 2223 dat
1116 2201 1208 2228 placens
1227 2201 1272 2223 Deo

706 2248 770 2269 esse,
788 2242 870 2264 caritas
892 2241 932 2263 dat
956 2241 1076 2263 vivificum
1102 2247 1165 2267 esse,
1188 2240 1271 2263 iustitia

706 2284 829 2304 conservat
846 2281 868 2303 in
886 2286 936 2303 esse
953 2279 1007 2303 ibid.

754 2321 841 2343 Esrnea
858 2333 889 2335 —
907 2322 1005 2342 vocatur
1021 2319 1114 2347 sapiens
1132 2319 1272 2341 111111101312

707 2359 721 2382 1)
738 2372 769 2376 -—
794 2360 909 2381 Assuerus
934 2365 985 2380 eam
1012 2358 1101 2386 accepit
1127 2358 1148 2380 in
1177 2364 1272 2380 uxorem

707 2402 802 2427 propter
819 2399 869 2421 eius
887 2399 991 2426 pulcram
1008 2398 1208 2420 conversationem
1227 2398 1272 2419 522

706 2445 718 2461 a
737 2450 767 2454 -
784 2438 881 2460 salutem
900 2437 1004 2465 corporis
1021 2437 1057 2459 sui
1074 2440 1096 2459 et
1114 2437 1272 2465 proximorum

707 2477 843 2506 praeposuit
868 2477 947 2505 regnis
970 2477 1015 2499 312
1037 2476 1052 2499 h
1074 2488 1104 2493 --
1122 2477 1155 2498 Ad
1173 2475 1272 2498 verbum

706 2518 757 2540 eius
774 2517 875 2540 crudelis
892 2517 1003 2539 sententia
1021 2519 1145 2539 revocatur
1163 2516 1208 2538 695
1226 2522 1238 2537 a

755 2570 784 2572 —
796 2559 830 2579 est
842 2556 916 2584 figura
926 2556 1009 2578 Mariae
1021 2556 1066 2577 679
1076 2562 1096 2577 a.
1106 2555 1148 2577 701
1163 2555 1186 2578 b.
1197 2555 1242 2577 707
1253 2561 1272 2577 a.

706 2596 747 2618 711
769 2602 789 2618 a.
802 2595 847 2618 713
861 2602 872 2618 3
887 2608 918 2611 -
933 2595 1032 2623 figuram
1050 2595 1109 2622 gerit
1127 2595 1210 2617 Mariae
1227 2597 1273 2616 tam

706 2636 795 2657 ratione
811 2635 912 2657 nomin'1s
937 2641 1007 2663 quam
1034 2634 1122 2656 ratione
1145 2634 1178 2656 rei
1196 2634 1241 2655 695
1260 2633 1274 2655 b

706 2687 737 2691 —
755 2674 880 2702 Explicatio
897 2673 952 2696 ibid.
972 2686 999 2690 —-
1020 2672 1185 2696 honorabiliter
1207 2673 1273 2695 intro-

706 2714 774 2736 ducta
793 2714 899 2742 designat
916 2716 998 2741 gentes
1019 2715 1176 2741 congregatas
1193 2712 1215 2734 in
1234 2713 1274 2734 Ec-

707 2754 799 2776 clesiam
818 2754 863 2775 250
882 2753 896 2775 1)

755 2793 900 2815 Eucnanisria
912 2803 942 2808 —
955 2791 1073 2820 Quidquid
1091 2791 1233 2819 significatur
1251 2791 1274 2813 in

707 2832 780 2854 veteri
805 2832 866 2859 Lege
889 2831 998 2859 impletur
1019 2831 1102 2853 1111510
1125 2832 1274 2852 sacramento

708 2871 753 2893 505
770 2877 784 2893 3
801 2883 832 2887 -
849 2870 993 2898 significatur
1010 2876 1050 2897 per
1062 2870 1210 2892 resectionem
1224 2870 1274 2891 11101-

707 2910 830 2933 chisedeeh
849 2910 894 2932 257
906 2916 919 2932 a
935 2922 966 2925 —
979 2909 1024 2932 Vas
1041 2909 1143 2937 positum
1161 2909 1182 2931 in
1202 2908 1274 2930 taher-

707 2950 789 2972 naculo
806 2949 920 2977 significat
936 2949 1112 2971 Sacramentum
1124 2951 1147 2969 et
1158 2954 1212 2969 man
1227 2954 1274 2970 cor-

708 2995 752 3017 pus
773 2988 916 3012 dominicum
941 2987 986 3009 675
1003 2993 1015 3009 3
1032 2999 1064 3003 -
1081 2987 1216 3014 designatur
1233 2992 1274 3014 per

708 3027 814 3055 hydriam
833 3027 920 3049 farinae
942 3026 985 3048 548
1011 3032 1023 3048 3
1044 3038 1076 3043 -
1098 3025 1275 3048 sacramentalis

1815 233 1824 259 1
1837 233 1867 259 1ῖ)“

1566 269 1618 291 1⁴]le

1305 307 1396 328 resectio
1419 308 1560 334 signitlcntur
1583 309 1604 329 in
1629 309 1752 336 Evangelio
1773 310 1802 331 <le
1825 310 1869 332 tilio

1306 346 1404 373 prodigo
1423 346 1467 368 257
1487 346 1501 368 b

1352 397 1381 400 —
1400 385 1475 406 Vct-ha
1495 386 1524 407 de
1541 392 1610 408 carue
1627 386 1709 408 Christi
1728 388 1816 409 edenda
1834 389 1870 409 ha-

1305 423 1360 446 bent
1376 424 1524 452 spiritualia—i-
1546 425 1638 453 intclligi
1658 425 1702 448 249
1727 433 1738 448 a
1757 439 1786 442 ἢ
1805 428 1868 449 Anti-.-

1304 469 1374 491 quam
1393 462 1496 485 Christus
1513 464 1590 486 fecerit
1607 465 1698 492 nuptias
1717 465 1736 487 111
1756 466 1870 493 passione,

1305 503 1357 524 fecit
1374 503 1508 525 convivium
1527 503 1645 531 discipulis
1670 505 1717 526 suis
1740 505 1783 526 247
1808 505 1822 527 1)
1841 518 1870 522 -

1304 541 1408 563 Christus
1427 548 1510 569 panem
1530 542 1656 571 benedixit,
1674 544 1768 572 quaudo
1786 551 1871 572 corpus

1304 587 1372 603 sumu
1391 581 1490 604 confecit
1507 582 1551 604 257
1570 588 1582 603 a

1351 632 1382 636 ——
1399 620 1538 643 describitur
1555 622 1633 650 quoad
1651 622 1744 649 sigmun
1765 623 1870 645 extrinse-

1304 666 1365 687 cum,
1378 663 1510 682 contentum
1528 661 1684 689 intrinsecum,
1697 663 1802 684 eti'ectmn
1822 670 1872 690 pro·

1305 699 1391 721 licuum
1410 700 1454 722 253
1473 699 1488 722 b

1353 751 1383 755 —
1394 741 1429 761 est
1440 740 1616 761 Sacramentum
1635 743 1657 762 et
1674 740 1811 763 sacrificium
1826 741 1870 763 255⁴.)

1305 777 1320 800 1)
1337 790 1368 794 -
1385 778 1488 801 Christus
1500 779 1610 807 seipsum
1623 779 1687 801 dedit
1700 779 1766 802 nobis
1785 780 1805 802 in
1823 787 1872 808 pre-

1306 817 1362 839 tium
1374 821 1396 840 et
1408 818 1519 845 pabulum
1534 818 1578 840 248
1590 818 1604 840 b
1613 831 1644 835 —
1654 819 1700 841 Hoc
1714 819 1765 841 tecit
1777 823 1871 848 propter

1305 857 1422 879 caritatem
1441 857 1494 880 ibid.
1512 870 1543 874 —
1560 858 1665 880 Christus
1687 859 1738 881 fecit
1759 865 1870 887 magnum

1305 896 1398 924 siguum
1412 897 1512 919 caritatis
1530 898 1550 919 in
1571 898 1738 926 incarnatione,
1757 899 1830 921 maius
1850 899 1869 921 in

1304 936 1424 964 passione,
1443 937 1582 964 maximum,
1600 943 1653 959 cum
1680 938 1801 965 proprium
1824 945 1872 960 cor-

1305 981 1348 1003 pus
1371 975 1464 998 tradidit
1480 976 1503 998 in
1522 975 1599 998 cibum
1623 977 1667 998 233
1692 977 1714 998 b.
1738 977 1782 999 234
1805 984 1817 999 3
1841 990 1871 994 -

1304 1014 1407 1037 Christus
1419 1015 1547 1037 secundum
1560 1016 1674 1038 dictamen
1689 1016 1786 1044 Spiritus
1799 1017 1820 1039 S.
1833 1023 1871 1039 no-

1305 1053 1340 1076 bis
1357 1055 1426 1077 datur
1443 1055 1465 1076 111
1483 1055 1632 1077 Saeramento
1648 1055 1692 1077 248
1707 1055 1721 1077 1)
1734 1068 1763 1072 -
1776 1056 1872 1079 Necesse

1305 1094 1358 1121 suit,
1375 1094 1438 1122 quod
1457 1094 1560 1117 Christus
1578 1095 1642 1117 lieret
1654 1095 1721 1118 nobis
1733 1097 1813 1123 Agnus
1831 1102 1872 1123 per

1304 1133 1470 1155 assumtionem
1489 1134 1648 1161 humanitatis,
1668 1137 1691 1156 ut
1705 1135 1738 1157 sic
1755 1135 1777 1157 in
1796 1135 1873 1157 Sacra-

1306 1176 1383 1195 mento
1400 1173 1465 1195 tieret
1481 1173 1549 1195 cibus
1565 1176 1642 1195 noster
1659 1173 1687 1196 ib.
1706 1180 1717 1196 a

1352 1224 1383 1228 —-
1400 1212 1501 1234 instituta
1520 1216 1566 1241 est,
1584 1217 1608 1235 ut
1629 1213 1682 1235 lidei
1710 1214 1817 1236 meritum
1835 1220 1873 1237 au-

1306 1255 1450 1280 gmentetur,
1473 1252 1523 1280 spei
1547 1252 1630 1275 fiducia
1655 1252 1800 1280 sublevetur,
1818 1254 1873 1276 cari·

1306 1292 1357 1314 tatis
1382 1292 1476 1314 devotio
1502 1292 1659 1314 inflammetur
1683 1293 1727 1314 252
1754 1299 1765 1315 a
1783 1305 1813 1309 —
1832 1293 1873 1315 Per

1306 1332 1362 1353 haec
1385 1332 1486 1354 ostendit
1511 1331 1614 1354 Christus
1639 1338 1704 1354 suam
1735 1332 1873 1355 benevolen-

1306 1370 1359 1393 tiam
1378 1370 1407 1393 z'b.
1431 1370 1446 1393 b
1473 1384 1501 1387 --
1527 1371 1626 1393 instituta
1653 1375 1700 1396 est,
1727 1375 1750 1394 111
1774 1371 1873 1394 habeant

1305 1410 1411 1433 membra
1437 1410 1519 1433 Christi
1537 1411 1630 1439 signum
1657 1412 1872 1439 rememorativum,

1306 1451 1416 1472 viaticum
1434 1451 1583 1477 resectivum,
1607 1450 1725 1473 vinculum
1745 1451 1873 1478 unitivum,

1305 1490 1443 1512 sacrificium
1461 1490 1638 1512 remediativum
1652 1489 1681 1512 z'b.
1694 1496 1705 1512 a
1719 1503 1749 1507 -
1762 1491 1803 1513 Per
1817 1492 1873 1513 haec

1305 1529 1405 1551 ostendit
1421 1529 1526 1552 Christus
1542 1536 1608 1552 suam
1625 1530 1762 1557 sapientiam
1782 1529 1811 1552 ib.
1831 1530 1846 1552 b

1352 1581 1383 1585 —
1400 1569 1461 1591 Haec
1479 1569 1573 1591 refectio
1591 1572 1625 1591 est
1641 1569 1726 1597 regalis
1743 1573 1765 1591 et
1783 1570 1871 1597 pontifl-

1305 1608 1359 1630 calis
1377 1608 1422 1630 257
1439 1614 1452 1630 a
1470 1621 1500 1624 —
1517 1608 1564 1630 Hoc
1583 1609 1756 1631 Sacramentum
1775 1612 1809 1631 est
1827 1609 1873 1631 dei-

1306 1648 1375 1670 ficum
1393 1651 1415 1669 et
1440 1647 1563 1670 miriticum
1586 1647 1631 1669 252
1649 1654 1660 1669 3
1685 1660 1713 1663 —
1732 1649 1752 1670 lu
1771 1649 1814 1671 boc
1836 1649 1873 1670 Sa-

1305 1691 1424 1709 cramento
1442 1689 1531 1709 terrena
1548 1686 1696 1714 caelestibus,
1709 1688 1754 1709 ima
1767 1688 1873 1715 summis,

1306 1726 1405 1749 visibilia
1423 1726 1579 1749 invisibilibus
1590 1727 1763 1754 coniunguntur
1776 1726 1830 1749 ibid.
1843 1739 1871 1743 —

1306 1769 1341 1789 est
1357 1766 1516 1788 liberalissima
1529 1766 1707 1788 communicatio
1720 1769 1742 1788 et
1754 1772 1872 1795 nunquam

1307 1808 1367 1828 tanta
1386 1806 1459 1833 potuit
1477 1806 1572 1833 cogitari
1591 1806 1635 1827 257
1655 1805 1669 1827 1)
1692 1818 1722 1821 —
1746 1807 1768 1827 ln
1792 1807 1873 1828 eucha-

1307 1845 1369 1867 ristia
1393 1845 1496 1873 quodam
1521 1845 1590 1867 modo
1617 1846 1670 1867 latet
1697 1845 1767 1873 gloria
1791 1844 1873 1868 Christi

1307 1885 1353 1907 255
1366 1891 1377 1906 a
1390 1896 1420 1900 —
1432 1885 1455 1906 ln
1474 1886 1517 1907 1100
1536 1885 1684 1907 Sacramento
1702 1885 1812 1912 recipitur
1825 1890 1875 1912 pre-

1308 1924 1391 1946 tiosum
1409 1927 1431 1947 et
1447 1924 1526 1956 nobile
1543 1924 1686 1952 balsamum,
1705 1927 1766 1946 totus
1786 1925 1874 1946 thesau-

1307 1970 1347 1986 rus
1371 1964 1501 1991 caelorum,
1524 1964 1599 1986 omnis
1623 1964 1695 1991 gloria
1720 1964 1874 1991 Angelorum,

1307 2003 1421 2025 Dominus
1443 2004 1602 2030 saeculorum,
1628 2003 1695 2026 iudex
1721 2003 1829 2025 rivorum
1852 2006 1874 2024 et

1310 2046 1456 2065 mortuorum
1475 2043 1520 2065 254
1538 2049 1550 2064 a

1354 2095 1384 2097 —
1407 2085 1441 2104 est
1466 2089 1536 2110 supra
1558 2082 1767 2110 apprehensionem
1789 2082 1875 2104 sensiti—

1307 2128 1374 2148 vam,
1393 2122 1593 2150 investigationem
1612 2122 1786 2150 imaginariam,
1802 2121 1875 2144 consi-

1307 2161 1451 2184 derationem
1470 2162 1645 2184 intellectualem
1672 2164 1693 2183 et
1716 2161 1873 2189 operationem

1307 2201 1434 2223 naturalem
1460 2201 1500 2223 251
1531 2200 1546 2223 b
1571 2213 1602 2217 —
1628 2201 1669 2223 Pet·
1696 2202 1752 2223 haec
1776 2200 1875 2223 ostendit

1307 2239 1410 2262 Christus
1427 2246 1493 2262 suam
1512 2240 1637 2267 potentiam
1656 2240 1701 2262 252
1718 2246 1730 2261 a
1748 2252 1778 2256 -
1797 2240 1817 2261 111
1831 2241 1875 2261 1100

1307 2280 1456 2301 Sacramento
1473 2279 1606 2306 apparentia
1626 2279 1723 2302 visibilis
1734 2279 1815 2301 excitat
1826 2285 1875 2300 sen-

1308 2324 1373 2346 sum⁷
1393 2318 1510 2340 existentia
1535 2317 1657 2340 invisibilis
1681 2322 1776 2345 superat
1793 2318 1875 2339 intelle-

1307 2360 1384 2385 ctum,
1402 2358 1502 2379 efficacia
1522 2357 1633 2379 mirabilis
1651 2357 1748 2380 delectat
1766 2358 1873 2379 affectum

1307 2397 1352 2429 2:53
1372 2396 1385 2418 b

1354 2448 1384 2452 —-
1403 2435 1506 2458 Verbum
1533 2436 1689 2463 incarnatum,
1712 2435 1775 2464 quod
1803 2435 1874 2463 Virgo

1308 2475 1398 2503 peperit
1424 2478 1446 2497 et
1468 2475 1532 2504 quod
1558 2475 1721 2497 circumcisum
1748 2477 1782 2496 est
1806 2479 1828 2497 et
1851 2475 1871 2496 in

1307 2520 1377 2537 cruce
1400 2521 1508 2542 passum,
1526 2515 1663 2542 proponitur
1680 2514 1709 2536 ad
1733 2514 1874 2536 manducan-

1308 2554 1364 2577 dum
1386 2554 1427 2575 136
1440 2560 1452 2576 a
1466 2567 1494 2569 —
1508 2554 1561 2576 Tria
1580 2553 1722 2575 nobilissima
1740 2554 1824 2575 fercula
1838 2554 1874 2575 hic

1308 2596 1362 2616 sunt
1379 2593 1463 2621 posita,
1481 2593 1567 2615 scilicet
1583 2599 1645 2619 caro,
1657 2599 1718 2621 quae
1730 2593 1814 2619 dnlcis;
1830 2593 1874 2615 aui-

1308 2639 1353 2661 ma,
1365 2639 1426 2662 quae
1443 2633 1533 2655 dulcior
1551 2635 1573 2655 et
1589 2638 1657 2655 carne
1669 2632 1779 2659 nobilior-5
1792 2632 1875 2654 divini-

1309 2676 1356 2699 tas,
1373 2678 1433 2701 quae
1450 2672 1583 2694 dulcissima
1601 2674 1635 2694 est
1646 2671 1691 2694 254
1704 2678 1715 2693 11
1729 2684 1759 2688 —-
1771 2671 1875 2694 Christus

1307 2716 1343 2734 est
1359 2712 1426 2734 cibus
1442 2711 1530 2733 ratione
1547 2711 1675 2733 Divinitatis
1691 2714 1714 2733 et
1726 2711 1875 2733 humanitatis

1311 2751 1353 2773 158
1372 2758 1383 2773 a
1405 2764 1431 2767 —
1449 2751 1553 2774 Christus
1578 2750 1682 2772 immolat
1700 2750 1806 2772 victimas
1824 2757 1875 2778 pro-

1309 2791 1352 2818 prii
1370 2790 1475 2818 corporis
1492 2793 1514 2812 et
1526 2790 1618 2812 miscuit
1630 2789 1710 2812 vinum
1724 2790 1810 2817 proprii
1824 2796 1874 2811 san-

1309 2830 1385 2858 guinis
1404 2830 1448 2852 388
1465 2829 1481 2851 1)

1355 2881 1385 2885 -
1404 2870 1425 2890 111
1444 2875 1469 2890 ea
1488 2874 1534 2890 non
1548 2871 1582 2891 est
1594 2868 1711 2896 generatio
1725 2869 1761 2890 vel
1773 2868 1875 2890 alteratio

1308 2913 1350 2930 nee
1362 2908 1490 2930 secundum
1503 2907 1579 2929 locum
1592 2907 1696 2935 mutatio,
1705 2907 1747 2929 sed
1760 2906 1875 2929 transsub-

1308 2947 1423 2969 stantiatio
1441 2947 1485 2969 252
1499 2953 1510 2968 a
1524 2958 1554 2963 --
1567 2947 1588 2969 ln
1601 2952 1627 2968 ea
1643 2950 1715 2968 totum
1734 2946 1875 2968 convertitur

1308 2986 1330 3008 in
1349 2989 1421 3008 totum
1439 2988 1461 3008 et
1479 2992 1549 3008 unum
1571 2992 1612 3008 ens
1634 2989 1685 3008 actu
1713 2986 1733 3008 in
1757 2985 1818 3008 aliud
1835 2992 1876 3008 0115

1307 3028 1360 3047 actu
1379 3024 1433 3048 ibid.
1450 3037 1481 3041 —
1504 3025 1576 3048 Totus
1602 3025 1668 3053 panis
1693 3025 1836 3047 convertitur
1853 3025 1875 3047 in
