2269 3448
394 187 447 216 130

644 225 688 247 tos

395 265 437 287 124
455 271 466 287 3
486 277 514 280 —
533 264 614 286 habuit
636 264 744 286 devotam
764 264 871 292 pietatem
894 264 924 285 93
942 263 957 286 b

391 317 423 321 -
440 307 510 326 totam
533 304 595 326 diem
621 303 735 325 laboravit
762 303 806 325 '159
824 309 836 325 a
854 315 884 319 ——
902 303 957 325 vixit

391 344 420 366 de
437 343 516 365 labore
534 349 645 365 manuum
663 349 758 365 suarum
776 343 804 364 98
819 342 833 364 b
846 343 957 364 —Maria

390 383 521 405 veneranda
539 386 560 405 ct
578 382 688 404 imitanda
712 385 746 404 est
768 382 874 410 exemplo
897 381 956 404 beati

391 423 471 450 loseph
493 422 534 444 144
553 421 567 444 1)
585 434 614 437 —
633 421 750 443 Debemus
775 420 894 443 Christum
921 427 957 443 ve-

390 461 464 483 nerari
482 461 588 489 exemplo
607 460 666 483 beati
685 461 766 488 loseph
784 459 837 483 ibid.

437 513 467 517 -—
484 500 514 522 ab
531 501 678 522 Arimathaea
697 500 762 522 miles
789 500 830 521 fuit
855 502 877 522 et
895 500 957 521 fami-

390 540 450 562 liaris
469 540 537 562 Pilato
562 539 608 561 560
630 546 641 561 a
661 552 691 555 —
709 539 758 561 sine
784 539 873 561 licentia
893 539 956 561 Pilati

392 586 436 602 non
454 578 555 601 audebat
573 579 649 601 tollere
667 585 752 606 corpus
769 577 851 601 Christi
868 577 925 600 ibid.

440 620 500 641 loscc
519 631 546 634 —
565 621 599 640 est
617 618 689 645 figura
708 617 791 639 Christi
810 617 854 639 603
873 623 885 638 a

439 659 556 680 laicuunm
574 669 604 673 —
622 660 655 678 est
678 657 754 678 omnis
781 656 855 678 malus
880 658 957 677 motus

391 697 420 719 ad
439 697 570 719 nocendum
589 696 634 718 375
647 696 661 717 b
676 708 703 711 »-
717 696 789 717 illotus
807 695 905 722 subitus,
920 695 956 716 cui

392 743 437 758 non
455 736 605 762 consentitur,
622 738 656 757 est
675 735 808 762 propassi03
826 734 844 756 si
862 740 957 756 consen-

392 776 453 802 titur,
471 778 504 797 est
521 775 598 803 passio
616 773 669 797 ibid.
682 786 712 790 —
725 773 863 796 describitur
878 773 955 802 quoad

390 815 502 842 triplicem
521 813 633 842 originem
647 813 793 840 interiorem,
808 813 955 835 diffusionem

391 854 539 880 exteriorem,
557 853 726 875 ordinationem
745 852 836 874 finalem
854 851 883 875 ib.
901 859 912 874 a
927 865 956 868 —

391 896 502 922 provocat
519 894 627 915 affectum
645 892 674 914 ad
700 891 831 914 nocendum
851 892 956 919 proximo

393 933 437 955 396
456 932 470 954 b
488 945 517 948 —
535 932 623 960 appetit
640 931 759 953 victoriam
779 931 819 953 511
842 937 853 953 a

441 985 468 987 —
487 972 547 999 ignis
565 971 697 993 iracundiae
715 977 789 999 usque
807 970 835 992 ad
848 977 957 992 consum-

391 1011 476 1033 tionem
502 1011 600 1033 devorat
626 1010 669 1032 460
688 1009 703 1032 1)
721 1022 751 1026 -
768 1012 802 1032 051
828 1010 899 1037 ignis,
917 1011 956 1038 qui

391 1051 489 1073 ardescit
506 1057 532 1072 ex
550 1056 589 1072 ore
608 1049 671 1077 impii
689 1049 733 1071 343
752 1055 764 1071 3
788 1061 818 1065 -
841 1049 956 1071 Modicum

391 1089 490 1112 verbum
509 1089 642 1112 iracundiae
661 1094 773 1117 magnum
799 1088 877 1116 ignem
896 1089 956 1110 furo-

391 1129 422 1151 ris
440 1129 546 1151 accendit
562 1127 616 1151 ibici.
634 1140 665 1144 ——
687 1128 786 1150 maxime
804 1128 918 1155 reperitur
936 1132 957 1150 et

390 1169 520 1191 incenditur
545 1168 602 1190 inter
628 1171 762 1195 peccatores
788 1166 841 1190 ibid.
860 1180 890 1184 —
916 1169 956 1190 lra-

391 1208 460 1230 cundi
478 1214 522 1230 nou
540 1211 594 1230 sunt
611 1207 702 1229 dicendi
721 1207 838 1234 homines,
860 1207 900 1229 5011
920 1213 957 1235 ρο-

391 1247 436 1270 tius
454 1248 514 1269 ferae
532 1246 670 1269 furibundae
689 1246 732 1268 376
751 1252 763 1267 a

438 1299 468 1302 —
487 1286 592 1308 irascitur
609 1287 691 1313 homo,
704 1292 757 1307 cum
771 1285 898 1307 inordinate
911 1292 957 1308 mo-

391 1329 458 1348 vetur
476 1326 498 1347 in
515 1332 539 1347 se
555 1326 617 1353 ipso3
636 1325 697 1347 fratri
715 1331 771 1352 suo,
788 1331 841 1347 cum
860 1325 894 1346 ille
912 1331 957 1346 ma-

391 1366 425 1388 lus
444 1368 519 1387 motus
536 1365 566 1387 ad
583 1365 713 1387 nocendum
732 1364 837 1392 proximo
850 1370 957 1392 prorum-

392 1404 425 1432 pit
441 1404 541 1426 exterius
558 1404 604 1426 375
622 1403 637 1425 b
654 1416 684 1420 —
698 1403 768 1425 1113105
782 1406 901 1431 peccatum
915 1406 956 1429 est,

392 1444 411 1465 si
428 1443 480 1472 (11115
498 1443 560 1465 fratri
573 1449 617 1465 non
629 1443 704 1465 solum
723 1442 828 1464 irascitur
841 1442 863 1464 in
875 1443 954 1469 corde,

391 1483 432 1505 sed
451 1482 581 1510 prorumpit
603 1482 625 1504 in
647 1488 730 1504 vocem
757 1482 801 1503 377
819 1481 834 1503 b
851 1494 881 1498 -
899 1482 956 1504 Huic

391 1522 464 1544 maior
482 1528 556 1550 poena
574 1521 671 1543 debetur
688 1520 741 1544 ibid.
760 1533 790 1537 -
813 1521 900 1543 insania
923 1524 957 1543 est

390 1561 456 1583 irasci
474 1561 561 1583 sananti
580 1564 602 1583 et
620 1567 665 1583 non
683 1561 811 1582 vulneranti
835 1561 875 1582 130
894 1560 908 1582 b
925 1572 956 1576 -—

390 1601 517 1623 Iracundus
542 1606 663 1629 nunquam
691 1600 827 1622 irasceretur
846 1600 918 1627 fratri,
937 1600 955 1622 si

390 1640 518 1662 attenderet
536 1639 647 1662 iudicium
667 1639 710 1661 377
730 1639 751 1661 b.
770 1639 813 1661 378
832 1645 844 1661 a

438 1680 507 1701 —in
534 1679 664 1707 proximum
690 1682 839 1706 computatur
861 1679 956 1701 homici-

390 1719 455 1741 dium
473 1719 517 1741 376
538 1718 551 1740 b
568 1731 598 1735 —
616 1719 663 1741 Hoc
680 1718 819 1741 attendendo
832 1718 956 1740 1101110113-

390 1761 492 1780 sceretur
517 1758 540 1780 in
565 1758 635 1780 alium
658 1757 712 1780 ibid.
737 1769 767 1773 —
794 1758 892 1779 Licentia
915 1757 956 1779 ira-

391 1797 468 1819 scendi
486 1803 555 1819 causa
578 1801 612 1819 est
636 1797 754 1819 homicidii
773 1796 826 1819 ibid.
844 1809 875 1813 —
892 1797 956 1819 Nota·
973 1793 974 1814 ἶ

392 1840 428 1858 1111
445 1836 571 1859 differentia
589 1836 646 1858 inter
663 1836 730 1858 irasci
743 1839 764 1858 et
777 1836 853 1858 dicere
870 1842 922 1858 raca
935 1839 957 1858 et

390 1876 451 1897 fatue
469 1874 522 1898 ibid.
541 1888 569 1891 -—
588 1875 631 1903 Qui
649 1882 693 1897 non
712 1875 816 1897 irascitur
828 1881 873 1897 non
888 1875 957 1897 solvit

391 1915 489 1943 Legem,
507 1914 547 1936 sed
565 1915 689 1942 perfectius
706 1914 786 1942 implet
803 1913 856 1936 ibid.

439 1966 469 1970 —
487 1954 610 1982 Nunquam
628 1957 662 1975 est
680 1954 825 1975 irascendum
844 1954 888 1975 286
902 1960 914 1975 a
927 1966 956 1969 ———

391 1993 524 2015 iracundiae
541 1993 647 2015 affectum
666 1992 780 2014 debemus
796 1993 869 2014 vitare
885 1992 932 2015 725
943 1999 955 2014 a

392 2044 423 2049 —
440 2032 498 2055 Cum
516 2032 548 2054 ira
566 2035 599 2054 est
616 2038 642 2054 ex
663 2038 743 2060 causa,
761 2038 805 2054 11011
823 2035 857 2054 051
879 2032 955 2054 illicita

392 2071 437 2093 376
456 2071 470 2093 b

440 2123 469 2126 —
486 2114 520 2133 est
537 2111 711 2133 incitamentum
729 2110 833 2132 omnium
848 2110 956 2132 vitiorum

393 2150 437 2171 376
450 2156 461 2171 3
475 2162 505 2166 -
517 2153 551 2172 051
569 2150 634 2172 ianua
647 2150 751 2171 omnium
764 2149 873 2171 vitiorum
887 2149 930 2170 383
944 2155 956 2170 a

392 2201 422 2205 —
439 2189 536 2217 impedit
553 2189 704 2215 intellectum,
723 2194 751 2210 ne
768 2188 841 2216 possit
861 2194 956 2210 cernere

392 2235 474 2250 verum
493 2229 537 2250 396
556 2228 579 2250 b.
597 2228 641 2250 504
660 2228 681 2250 b.
700 2228 744 2249 666
763 2233 775 2249 a
793 2240 822 2243 —
836 2227 956 2249 deordiuat

391 2268 492 2289 animam
511 2268 555 2289 375
573 2273 585 2289 3
608 2279 638 2283 —-
662 2267 714 2289 tacit
731 2267 848 2289 hominem
869 2266 955 2289 febrici-

393 2310 477 2328 tantem
496 2307 536 2328 5ll
560 2306 574 2328 b

440 2347 562 2368 lltAStjtsstLls
578 2357 608 2361 —
625 2345 761 2373 aggreditur
776 2345 873 2367 adversa
888 2349 956 2367 0131-

393 2385 437 2407 dua
460 2386 501 2407 160
524 2392 536 2407 a
562 2398 589 2400 —
613 2388 719 2407 movetur
737 2391 778 2412 per
804 2385 955 2412 patrocinium

393 2425 438 2446 535
458 2424 472 2446 1)
490 2437 519 2440 -
537 2423 659 2446 roboratur
677 2424 705 2446 ad
727 2424 901 2452 aggressionem
922 2430 957 2446 ar-

392 2464 432 2486 dui
450 2470 491 2492 per
508 2464 635 2486 virtuosam
653 2464 810 2491 operationem
829 2463 873 2485 407
892 2469 904 2485 a
926 2476 956 2480 —

391 2503 504 2525 stabilitur
530 2510 572 2531 per
596 2503 686 2524 virilem
712 2503 862 2525 constantiam
881 2503 926 2525 374
944 2509 956 2525 a

391 2555 422 2559 —
439 2543 567 2565 deterretur
584 2543 727 2570 correptione
745 2543 789 2564 385
807 2549 818 2564 a

440 2583 481 2604 11115
494 2594 523 2598 -
535 2582 640 2609 designat
652 2582 819 2609 plenitudinem
832 2581 956 2609 sapientiae

393 2622 421 2643 33
440 2627 451 2642 a

439 2661 500 2682 isiae
517 2672 547 2676 -
565 2660 642 2688 quoad
660 2666 740 2682 omnes
757 2666 838 2682 sensus
850 2661 908 2682 circa
928 2661 956 2682 la-

392 2699 436 2721 cob
449 2699 559 2727 deceptus
571 2702 612 2727 est,
624 2703 718 2727 excepto
733 2699 811 2721 auditu
831 2699 875 2721 248
895 2699 909 2721 1)
928 2711 956 2715 —

392 2740 434 2760 Per
452 2740 512 2761 isaac
530 2739 662 2766 intelligitur
680 2739 768 2760 timoris
779 2738 867 2760 donum
884 2738 928 2760 665
942 2738 956 2760 b

392 2791 422 2794 —
439 2782 471 2800 cst
490 2778 564 2806 ligura
582 2778 664 2799 Christi
683 2778 727 2799 660
745 2784 766 2804 a,
784 2777 798 2799 b

441 2819 540 2839 lsuoscTu
558 2829 588 2833 —-
615 2817 635 2839 in
659 2817 737 2839 medio
762 2817 799 2839 die
825 2817 956 2839 interfectus

393 2857 432 2878 fuit
450 2857 493 2878 (5:37
514 2856 527 2878 b

440 2897 514 2917 15111111
527 2908 557 2912 -
569 2896 731 2923 iuterpretatur
744 2896 779 2918 vir
789 2897 870 2918 videus
882 2897 955 2918 Deum

393 2935 417 2956 51
441 2934 462 2956 Ι)Α
479 2936 552 2956 13011.
568 2935 606 2956 Ἰ131
625 2935 647 2956 1).
660 2936 703 2956 213
718 2941 738 2957 a.
754 2935 798 2957 495
811 2941 829 2957 a.
844 2936 888 2957 617
902 2942 913 2957 a
927 2949 956 2951 —

393 2975 554 3002 interpretatur
572 2977 606 2997 vir
625 2977 687 2998 fortis
703 2983 756 2998 cum
771 2977 815 2998 Deo
834 2977 877 2999 6l7
897 2983 907 2998 a
928 2989 955 2992 -—

991 264 1086 286 directio
1099 264 1190 286 Domini
1209 264 1370 292 interpretatur
1383 265 1427 287 1130
1440 271 1461 286 a.
1483 265 1519 286 l3l
1543 264 1557 286 b

990 316 1021 320 —
1038 304 1151 331 siguificat
1168 303 1309 326 Christianos
1326 304 1350 326 51
1371 303 1386 326 1)
1403 316 1434 320 -
1445 304 1555 332 significat

991 343 1197 371 contemplativum
1216 344 1260 365 218
1279 350 1291 365 a
1310 356 1337 358 —
1355 343 1469 371 significat
1487 343 1558 365 homi-

991 388 1056 409 nem,
1074 382 1113 411 qui
1131 385 1199 410 aptus
1217 385 1251 404 est
1268 383 1336 410 dirigi
1355 383 1375 404 in
1394 383 1456 405 viam
1470 382 1556 405 bonam

995 422 1036 443 130
1049 428 1061 443 a
1084 434 1111 437 —-
1130 421 1178 444 Sub
1197 422 1262 444 lsrael
1281 422 1438 449 intelliguntur
1457 422 1557 449 populus

991 461 1141 488 christianus,
1159 461 1208 483 veri
1227 461 1304 483 ludaei
1321 464 1343 483 et
1361 467 1415 483 vere
1433 461 1556 483 Dominum

991 500 1096 522 videntes
1114 500 1138 521 51
1161 499 1176 521 b
1192 513 1222 515 —
1241 500 1326 528 Populo
1350 500 1471 522 israelitico
1496 506 1555 522 com-

991 542 1085 567 paratur
1098 538 1164 561 beata
1177 540 1254 567 Agnes
1267 542 1362 566 propter
1379 539 1499 561 consimile
1512 539 1556 561 bel-

991 579 1046 605 lum,
1059 578 1138 606 robur,
1151 578 1300 606 praesidium,
1313 581 1433 606 tropaeum
1451 579 1495 600 502
1508 585 1528 605 a,
1541 578 1555 600 b

1037 629 1067 633 —
1087 617 1179 645 Profugi
1197 617 1263 639 lsrael
1286 617 1416 645 significant
1441 620 1508 645 aptos
1525 618 1556 640 di-

991 657 1034 684 rigi
1053 657 1075 678 111
1098 657 1160 678 viam
1183 656 1267 678 bonam
1298 657 1338 678 170
1357 656 1372 678 b
1391 669 1419 672 --
1437 657 1501 679 Duae
1518 657 1556 679 do-

991 702 1043 717 mus
1061 696 1127 717 lsrael
1144 699 1197 718 sunt
1213 702 1253 718 cor
1270 699 1292 718 et
1309 702 1336 718 os
1357 696 1398 717 130
1416 702 1428 717 3
1444 709 1469 711 -
1485 696 1556 724 Popu-

990 735 1025 757 lus
1043 735 1109 757 lsrael
1128 741 1247 763 nunquam
1271 735 1360 763 accepit
1383 735 1427 757 mel
1445 735 1474 757 de
1492 739 1555 763 petra

991 774 1026 796 vel
1048 774 1124 796 oleum
1148 774 1177 796 de
1202 780 1256 797 saxo
1280 774 1324 796 473
1350 780 1362 795 a
1383 786 1414 790 -
1432 775 1555 802 Explicatio

990 813 1115 841 spiritualis
1132 813 1186 836 ibid.

1037 865 1068 869 —
1084 859 1137 875 cum
1150 859 1161 875 a
1180 854 1257 881 liloyse
1267 853 1402 880 vocabatur,
1414 859 1426 875 a
1441 854 1556 875 Pharaone

991 892 1148 920 affligebatur,
1166 896 1191 915 ut
1207 893 1322 915 vocationi
1341 892 1428 915 facilius
1452 892 1556 915 obediret

991 934 1036 955 385
1054 933 1069 955 b
1086 945 1117 949 —-
1134 932 1182 955 Filii
1200 933 1267 954 lsrael
1290 938 1337 954 nou
1355 932 1498 954 attendentes
1517 933 1556 954 Dei

991 976 1127 1001 potestatem
1154 972 1310 1000 desperabant
1333 972 1362 994 de
1378 972 1426 994 vita
1442 972 1555 1000 corporali

991 1012 1035 1034 370
1048 1018 1060 1034 a
1074 1025 1103 1027 —
1121 1011 1168 1033 Filii
1186 1011 1252 1033 lsrael
1264 1011 1364 1033 exauditi
1376 1014 1436 1038 sunt,
1449 1011 1500 1033 licet
1511 1017 1555 1033 non

990 1055 1066 1074 essent
1083 1051 1147 1078 digni
1165 1050 1218 1073 ibid.
1239 1063 1265 1065 —
1284 1051 1386 1077 Populus
1413 1051 1479 1072 lsrael
1498 1057 1556 1078 pane

991 1091 1081 1113 caelesti
1108 1090 1206 1112 nutritus
1228 1093 1262 1112 est
1288 1090 1332 1111 612
1350 1096 1362 1111 11
1380 1102 1410 1105 -
1428 1090 1491 1111 Petra
1510 1091 1556 1112 fun-

991 1129 1061 1153 debat
1078 1130 1111 1152 eis
1129 1130 1192 1151 rivos
1209 1135 1322 1157 aquarum
1341 1128 1394 1151 ibid.
1407 1141 1437 1145 —
1456 1130 1556 1157 Populus

991 1169 1126 1191 israeliticus
1147 1168 1249 1196 pascitur
1267 1168 1347 1196 triplici
1372 1174 1431 1195 pane
1455 1167 1507 1190 ibid.
1528 1181 1555 1183 —

992 1209 1103 1231 israelitae
1129 1208 1150 1230 in
1174 1213 1257 1230 manna
1281 1213 1325 1229 uon
1351 1207 1491 1229 invenerunt
1521 1214 1556 1229 sa—

991 1254 1072 1276 porem
1094 1248 1122 1269 63
1150 1247 1164 1269 b
1182 1259 1212 1263 --
1230 1247 1276 1269 Filii
1304 1247 1369 1268 lsrael
1395 1246 1511 1269 habebant
1528 1247 1556 1268 ci-

991 1287 1046 1309 bum
1065 1287 1146 1314 optimi
1164 1287 1267 1314 saporis,
1284 1288 1306 1308 et
1329 1288 1404 1308 tamen
1425 1292 1494 1313 sapor
1517 1292 1556 1307 eos

992 1326 1117 1348 nauseabat
1135 1326 1179 1347 505
1197 1332 1209 1347 11

1038 1377 1068 1381 -
1086 1365 1131 1387 Filii
1151 1365 1216 1387 lsrael
1233 1371 1278 1386 11011
1295 1365 1467 1392 cognoscebant
1487 1364 1556 1386 bene-

991 1404 1040 1427 ficia
1059 1405 1137 1426 divina
1151 1404 1195 1426 526
1209 1403 1230 1426 b.
1244 1404 1288 1425 527
1301 1410 1312 1425 a
1327 1417 1353 1419 —
1370 1403 1416 1425 Filii
1430 1403 1495 1425 lsrael
1509 1409 1556 1425 non

990 1444 1133 1466 intraverunt
1150 1446 1233 1465 terram
1246 1443 1413 1470 promissioniS,
1425 1443 1478 1471 quia
1491 1445 1557 1464 erant

991 1486 1123 1511 peccatores
1142 1483 1235 1511 pessimi
1249 1485 1270 1504 et
1282 1482 1365 1510 ingrati
1383 1482 1427 1504 466
1440 1488 1452 1503 a
1465 1494 1495 1498 —-
1509 1481 1555 1504 Filii

991 1523 1057 1545 lsrael
1075 1529 1119 1544 non
1138 1525 1294 1550 pervenerunt
1311 1523 1339 1544 ad
1359 1524 1441 1543 terram
1460 1521 1556 1549 promis-

990 1562 1071 1590 sionis,
1089 1562 1142 1590 quia
1156 1567 1200 1584 non
1213 1567 1237 1583 se
1250 1564 1402 1583 exercuerunt
1417 1561 1437 1582 in
1456 1561 1499 1583 viis
1511 1561 1556 1582 vir-

991 1604 1065 1623 tutum
1084 1602 1128 1623 268
1147 1608 1158 1623 a

1038 1642 1119 1663 lenitus
1138 1653 1167 1655 —
1184 1642 1218 1662 est
1235 1639 1353 1668 quoddam
1371 1639 1483 1661 ineffabile
1495 1645 1556 1662 men-

973 1689 974 1708 ]
991 1680 1018 1703 115
1036 1680 1148 1707 gaudium
1167 1679 1212 1701 323
1231 1678 1245 1701 b

1038 1720 1088 1741 loos
1106 1731 1136 1735 —
1153 1718 1267 1741 confessio
1289 1718 1452 1746 interpretatur
1473 1719 1509 1740 131
1533 1718 1554 1740 b.

991 1759 1035 1781 218
1053 1765 1073 1780 a.
1091 1758 1136 1780 674
1154 1765 1166 1780 a
1184 1770 1214 1774 —
1231 1758 1338 1785 designat
1356 1757 1498 1785 poenitentes
1510 1758 1555 1780 218

989 1804 1002 1820 a
1020 1811 1049 1813 —
1067 1798 1180 1826 significat
1196 1797 1304 1819 clericum
1323 1797 1369 1819 674
1386 1803 1399 1818 a

1038 1838 1129 1860 1111111115
1147 1850 1175 1852 -
1187 1837 1349 1864 interpretatur
1361 1836 1471 1858 confitens
1485 1837 1491 1858 l
1504 1837 1524 1858 11
1542 1835 1555 1858 b

991 1889 1021 1893 —
1048 1876 1162 1904 significat
1189 1876 1344 1904 poenitentem
1371 1875 1426 1898 ibid.
1451 1888 1481 1892 —
1499 1876 1557 1898 desi—

992 1919 1062 1944 gnant
1080 1916 1152 1938 malos
1170 1915 1275 1937 homiues
1293 1916 1328 1937 rel
1346 1915 1473 1937 daemones
1485 1915 1530 1936 279
1543 1921 1555 1936 a

1038 1967 1068 1971 —
1086 1961 1159 1983 prope
1178 1955 1247 1977 fuisse
1265 1954 1373 1976 dicuntur
1390 1954 1477 1976 ratione
1489 1954 1556 1976 datae

990 1994 1057 2022 Legis
1075 1997 1097 2016 et
1114 1996 1186 2016 factae
1203 1993 1363 2021 promissionis
1377 1993 1404 2015 47
1418 1993 1432 2015 1)
1444 2006 1474 2009 —
1489 1992 1556 2015 habe-

991 2033 1045 2055 bant
1062 2033 1132 2055 corda
1150 2033 1208 2055 dura
1229 2035 1250 2054 ει
1273 2032 1362 2059 lapidea
1386 2032 1410 2054 61
1436 2038 1449 2054 a
1472 2044 1502 2048 —
1525 2032 1555 2054 Ex

990 2073 1047 2100 ipsis
1064 2072 1187 2094 suscitatus
1204 2075 1236 2093 est
1250 2071 1353 2093 Christus
1365 2070 1419 2093 ibid.
1431 2084 1460 2086 —
1474 2077 1555 2093 vocau-

990 2116 1026 2133 tur
1050 2111 1180 2133 homicidae
1199 2110 1242 2132 427
1261 2110 1284 2132 b.
1302 2110 1345 2132 428
1364 2116 1376 2132 a
1394 2122 1424 2126 —
1442 2109 1554 2137 persecuti

990 2154 1043 2173 sunt
1061 2152 1156 2172 Sanctos
1174 2149 1217 2171 427
1236 2149 1251 2171 b

1037 2202 1067 2206 —
1083 2189 1213 2212 habuerunt
1225 2195 1265 2211 cor
1277 2189 1371 2215 durum,
1383 2189 1445 2211 unde
1457 2188 1509 2210 data
1521 2190 1555 2210 est

990 2229 1022 2251 eis
1039 2230 1074 2251 lex
1089 2229 1173 2257 scripta
1192 2229 1212 2250 in
1232 2228 1314 2250 tabulis
1332 2228 1428 2256 lapideis
1444 2228 1485 2250 134
1498 2228 1513 2249 b
1524 2240 1555 2244 —

990 2269 1094 2291 Mulieres
1104 2271 1125 2290 et
1134 2268 1177 2290 viri
1190 2269 1211 2290 in
1224 2268 1343 2290 itineribus
1355 2270 1376 2290 et
1386 2268 1454 2289 etiam
1468 2267 1488 2289 111
1501 2270 1555 2289 tem-

990 2309 1027 2336 plo
1045 2311 1109 2330 eraut
1125 2308 1222 2330 seiuncti
1241 2308 1284 2329 173
1302 2313 1314 2329 a
1327 2320 1356 2323 ——
1369 2307 1435 2329 Pueri
1453 2307 1555 2335 quando-

990 2354 1035 2376 que
1053 2354 1105 2369 cum
1124 2346 1229 2375 patribus
1255 2345 1396 2374 pergebant,
1414 2346 1554 2374 quandoque

990 2393 1043 2409 cum
1063 2386 1197 2408 mulieribus
1215 2384 1267 2408 ibid⁴

1037 2438 1067 2442 —
1084 2429 1150 2447 erant
1167 2425 1237 2447 rudes
1260 2427 1282 2446 et
1304 2424 1407 2452 perversi
1431 2424 1476 2446 525
1494 2430 1506 2446 a
1525 2436 1553 2439 —

990 2468 1055 2487 erant
1071 2465 1172 2486 carnales
1190 2467 1212 2486 01
1229 2464 1303 2492 gulosi
1322 2464 1365 2485 386
1387 2469 1408 2485 a.
1427 2463 1470 2485 428
1489 2469 1501 2484 3
1524 2475 1554 2480 —-

990 2507 1146 2532 peccaverunt
1162 2507 1256 2531 peccato
1269 2504 1335 2530 gulae
1347 2506 1369 2525 et
1381 2502 1520 2525 diffidentiae
1533 2505 1554 2524 et

992 2543 1149 2571 blasphemiae
1167 2543 1210 2564 386
1224 2549 1244 2569 a,
1257 2542 1278 2564 b.
1292 2542 1335 2563 428
1349 2548 1361 2563 a
1373 2553 1403 2557 —
1417 2542 1438 2563 ln
1457 2541 1489 2562 eis
1506 2543 1555 2562 erat

990 2581 1112 2610 superbia,
1130 2581 1230 2608 desidia,
1248 2581 1343 2609 pertidia
1363 2580 1407 2603 415
1424 2587 1436 2602 11
1449 2592 1479 2596 -
1491 2583 1554 2602 erant

991 2621 1137 2648 inflexibiles,
1155 2620 1267 2642 excaecati
1285 2620 1425 2646 etseducti,
1443 2619 1516 2641 timidi
1532 2622 1554 2641 et

990 2661 1047 2683 muti
1065 2660 1109 2682 240
1122 2666 1133 2682 a
1147 2672 1176 2676 —
1188 2659 1273 2681 invidia
1292 2663 1312 2681 et
1331 2659 1425 2681 falsitate
1436 2658 1553 2680 obcaecati

990 2703 1055 2722 erant
1080 2700 1109 2721 59
1135 2705 1146 2721 a
1165 2711 1195 2715 —
1212 2699 1279 2720 simul
1302 2704 1347 2720 non
1374 2696 1498 2726 potueruut
1515 2699 1554 2720 ha-

990 2739 1046 2761 bere
1069 2739 1173 2761 caelestia
1199 2742 1221 2760 et
1243 2742 1331 2760 terrena
1356 2738 1380 2759 61
1402 2743 1415 2759 a
1433 2750 1461 2753 -
1480 2737 1553 2765 perdi-

991 2779 1073 2801 derunt
1090 2778 1208 2804 caelestia,
1226 2777 1279 2806 quia
1298 2776 1440 2805 quaerebant
1465 2780 1553 2798 terrena

990 2817 1044 2840 ibid.
1063 2830 1091 2833 ——
1109 2818 1206 2839 domum
1224 2817 1332 2838 orationis
1345 2818 1446 2838 fecerunt
1457 2815 1553 2838 domum

991 2856 1151 2884 negotiationis
1170 2856 1215 2878 205
1232 2863 1243 2878 a

1037 2908 1068 2912 —
1084 2895 1179 2918 crimina
1204 2901 1274 2923 super
1299 2895 1395 2917 crimina
1422 2894 1554 2921 multiplica-

992 2935 1045 2958 bant
1065 2936 1106 2957 130
1126 2935 1139 2957 1)
1158 2948 1184 2950 -
1203 2934 1319 2963 ponebant
1331 2934 1472 2962 iniquitatem
1484 2939 1554 2961 super

990 2977 1134 3005 iniquitatem
1157 2976 1197 2997 172
1216 2975 1230 2997 b
1247 2988 1276 2991 -—
1295 2975 1370 3002 magis
1386 2974 1553 2997 (1110101001ῐο-

937 186 1037 215 iNDEX
1058 186 1298 215 ALPHABETICUS
1319 186 1398 215 ΝΟΝΙ
1420 186 1607 215 VOLUMINIS.

1857 226 1903 249 lUD

1591 264 1674 287 nebras
1696 271 1767 294 quam
1794 265 1882 292 lucem,
1901 268 1925 287 ut
1950 265 2043 288 liberius
2061 270 2156 294 possent

1591 310 1674 326 vacare
1691 303 1817 326 sceleribus
1839 305 1879 326 130
1898 304 1913 326 1)
1925 317 1954 321 -
1968 305 2090 327 machinati
2102 309 2156 327 sunt.

1590 343 1611 364 in
1629 343 1769 365 maleficium
1793 344 1912 371 arguentis
1934 343 1988 366 ibid.
2005 357 2036 360 —
2061 347 2154 372 tempus

1590 382 1677 409 gratiae
1694 385 1716 404 et
1738 383 1894 410 poenitentiae
1917 382 2017 410 probare
2035 383 2155 411 nolebant,

1590 421 1643 449 quia
1662 421 1801 443 intellectum
1827 421 1857 444 ad
1884 422 1955 444 Deum
1974 428 2019 444 non
2037 426 2155 445 converte-

1589 459 1645 482 bant
1670 460 1715 482 567
1739 467 1751 482 a
1769 473 1799 477 —
1816 461 1947 483 nescierunt
1966 463 2046 489 fugere
2069 463 2154 484 malum

1589 499 1671 526 culpae
1688 505 1729 522 nec
1747 501 1822 522 facere
1840 499 1928 522 bonum
1946 501 2043 522 iustitiae
2062 501 2090 523 58
2108 500 2124 523 b

1635 551 1666 554 -
1684 539 1813 566 ignorantia
1837 539 1974 562 ludaeorum
1999 539 2155 568 consurgebat

1589 583 1616 599 ex
1633 578 1722 600 defectu
1741 579 1913 601 illuminationis
1931 585 2058 606 supernae,
2076 585 2102 602 ex
2116 579 2155 601 im-

1590 616 1723 644 pedimento
1740 618 1946 645 argumentationis
1966 618 2111 647 sophisticae,
2128 625 2155 641 ex

1589 656 1643 678 odio
1660 657 1821 679 aemulationis
1838 658 1950 679 fraternae
1968 657 1997 679 58
2011 657 2033 680 b.
2048 658 2076 680 69
2095 664 2107 680 a
2125 670 2156 674 —

1589 695 1704 718 Christum
1723 699 1817 724 propter
1842 702 1908 718 suain
1934 697 2090 719 carnalitatem
2109 703 2153 719 non

1589 737 1751 762 cognoverunt
1763 736 1788 757 6l
1803 741 1814 757 a
1827 748 1852 750 —
1865 742 1908 757 non
1922 739 2083 763 cognoverunt
2094 735 2156 759 Chri-

1589 777 1649 796 stum
1663 777 1759 801 propter
1771 775 1890 796 avaritiam
1905 775 1933 797 62
1947 775 1961 797 1)
1970 788 2001 791 —
2014 779 2108 803 propter
2120 781 2155 798 su-

1590 812 1695 840 perbiam
1713 820 1757 835 non
1775 814 1924 836 crediderunt
1940 813 2022 837 Christi
2046 815 2156 836 Divinita-

1590 855 1635 874 tem
1650 853 1693 874 *132
1703 859 1715 874 a
1727 865 1754 868 —-
1766 853 1788 875 ln
1802 853 1890 875 ludaeis
1901 860 1947 875 non
1960 857 1994 876 est
2006 854 2043 876 lux
2056 854 2155 882 Scriptu-

1589 897 1640 920 rae,
1657 892 1711 920 quia
1730 892 1850 914 intendunt
1867 893 2009 920 genealogiis
2026 893 2156 915 intermina-

1589 931 1617 953 tis
1638 931 1679 953 l50
1698 931 1712 953 b
1729 944 1758 947 —-
1777 931 1892 954 caeciores
1911 933 2003 954 fuerunt
2017 932 2067 960 ipsa
2085 932 2156 954 caeci·

1590 973 1633 992 tate
1652 970 1695 992 «132
1713 977 1725 992 a
1743 983 1773 987 -
1790 977 1835 993 non
1853 970 1963 993 videbant
1980 971 2120 999 promissum
2134 972 2155 994 in

1590 1010 1651 1037 Lege
1668 1010 1696 1031 63
1723 1016 1735 1031 a
1754 1023 1781 1026 —
1809 1010 1939 1032 nescierunt
1960 1010 2077 1033 Christum
2096 1011 2125 1033 62
2142 1017 2155 1033 3

1589 1061 1620 1065 -
1636 1049 1822 1077 reprehendendi
1848 1052 1911 1076 sunt,
1931 1050 1985 1078 quia
2010 1056 2054 1072 non
2072 1056 2156 1078 cogno-

1589 1092 1673 1110 verunt
1690 1088 1805 1111 Christum
1824 1088 1878 1111 ibid.
1898 1102 1925 1104 —
1950 1089 2080 1116 potuissent
2096 1090 2155 1112 scire

1590 1128 1715 1150 adventum
1734 1127 1817 1151 Christi
1835 1128 1887 1151 ibici.
1906 1129 2077 1151 —nescientes
2095 1129 2156 1151 Chri-

1589 1170 1649 1190 stum
1668 1172 1812 1195 praesentem
1831 1171 1995 1195 comparantur
2012 1174 2081 1190 03000
2098 1168 2127 1190 58
2140 1168 2155 1190 b

1637 1219 1667 1223 —
1679 1209 1822 1239 quaerebant
1834 1210 1921 1229 tantum
1933 1207 2028 1229 laetitias
2037 1210 2059 1229 et
2075 1213 2156 1235 unum,

1589 1246 1630 1274 qui
1647 1249 1725 1273 posset
1741 1246 1891 1268 exterminare
1908 1246 2014 1268 inimicos
2031 1253 2112 1269 eorum
2126 1247 2150 1268 61

1589 1292 1601 1307 3
1614 1298 1645 1301 -
1656 1285 1814 1307 adhaerebant
1832 1286 1928 1308 Domino
1946 1289 2041 1313 propter
2053 1289 2155 1313 terrena,

1572 1325 1690 1354 iideoque
1716 1324 1819 1352 perversi
1840 1328 2018 1352 permanserunt
2044 1324 2096 1347 ibid.
2125 1337 2156 1341 —-

1590 1363 1706 1386 Christum
1723 1363 1893 1386 confitebantur
1909 1370 1961 1391 ore,
1983 1364 2024 1386 scd
2042 1370 2088 1386 non
2106 1364 2155 1386 dili-

1591 1404 1677 1431 gebant
1694 1403 1764 1425 corde
1782 1403 1821 1425 441
1844 1409 1865 1425 a.
1886 1403 1930 1425 442
1942 1409 1954 1425 3
1967 1415 1997 1419 -—
2009 1409 2080 1431 super
2091 1403 2156 1426 Chri-

1591 1446 1625 1465 sto
1651 1442 1787 1470 stupebant,
1813 1449 1858 1465 non
1884 1445 1959 1465 tamen
1978 1443 1999 1464 ei
2015 1442 2154 1470 credebant,-

1590 1488 1643 1504 eum
1656 1481 1788 1510 audiebant,
1799 1481 1895 1504 sednon
1907 1481 2072 1510 intelligebant,
2083 1482 2156 1504 immo

1590 1521 1722 1544 nitebantur
1739 1527 1792 1543 eum
1810 1521 1916 1543 occidere
1934 1522 1962 1543 60
1981 1521 1996 1543 b
2014 1534 2043 1537 —-
2061 1522 2082 1543 in
2094 1521 2156 1544 Chri-

1590 1564 1651 1583 stum
1679 1560 1787 1583 uolebant
1810 1560 1917 1588 credere,
1935 1567 1980 1582 non
2004 1567 2057 1583 eum
2081 1561 2154 1589 sequi,

1591 1607 1635 1623 non
1662 1606 1715 1626 eum
1741 1600 1837 1628 diligere
1855 1600 1880 1622 6¹1
1902 1599 1917 1621 b
1935 1613 1963 1615 —
1982 1606 2026 1622 non
2044 1600 2156 1622 intellexe-

1590 1642 1643 1662 runt
1662 1639 1763 1662 Verbum
1789 1640 1891 1662 veritatis
1914 1640 1942 1661 58
1969 1639 1983 1661 b
2005 1652 2035 1655 ——
2053 1632 2157 1662 Christus

1590 1680 1623 1701 eis
1640 1685 1749 1707 praesens
1761 1682 1809 1701 erat
1822 1685 1861 1706 per
1873 1679 2006 1704 essentiam,
2019 1679 2060 1701 sed
2072 1678 2156 1701 absens

1591 1725 1632 1747 per
1650 1719 1746 1746 gratiam
1764 1722 1785 1740 et
1802 1719 1906 1740 notitiam
1919 1717 1974 1741 ibid.
1988 1730 2019 1735 —
2036 1725 2047 1740 a
2065 1718 2155 1741 Christo

1591 1764 1635 1780 non
1646 1758 1710 1786 digni
1721 1757 1791 1780 habiti
1803 1761 1855 1780 511111
1866 1758 1982 1780 miraculis
1992 1758 2021 1780 60
2031 1758 2046 1780 b
2055 1770 2085 1774 —
2094 1757 2155 1780 Chri-

1590 1798 1618 1819 sti
1641 1798 1836 1819 medicamentum
1859 1796 2155 1825 saluberrimum‘sperne-

1591 1836 1645 1859 bant
1662 1837 1705 1858 1130
1719 1836 1734 1858 1)
1746 1849 1776 1853 -
1789 1839 1953 1864 comparantur
1965 1836 2090 1859 husonibus
2101 1836 2155 1859 ibid.

1638 1889 1667 1891 —
1685 1876 1791 1898 dicuntur
1808 1876 1948 1898 crucifixisse
1966 1876 2089 1898 Dominum
2110 1882 2155 1898 ser-

1591 1921 1659 1938 mone
1682 1919 1794 1937 veuenato
1816 1915 1861 1937 378
1883 1921 1894 1937 a
1913 1927 1943 1931 —
1961 1915 1982 1937 in
2000 1914 2090 1937 Christo
2115 1915 2155 1937 im-

1591 1954 1725 1983 pugnabant
1744 1954 1832 1977 bonum
1849 1960 1964 1982 supernae
1990 1954 2077 1982 gratiae
2094 1955 2122 1977 59
2141 1960 2153 1976 3

1589 2006 1620 2010 -
1636 1994 1851 2016 condemnaverunt
1873 1994 1947 2015 lesum
1970 1997 2087 2016 sanantem
2106 1999 2154 2015 cae-

1590 2040 1643 2056 cum
1661 2037 1738 2055 natum
1758 2034 1786 2056 63
1804 2039 1816 2055 a
1833 2045 1864 2049 —
1882 2032 1971 2055 Christo
1984 2033 2025 2055 suit
2042 2033 2154 2055 contradi-

1590 2075 1651 2095 ctum
1670 2079 1681 2094 a
1701 2073 1789 2095 ludaeis
1801 2072 1920 2100 superbis,
1934 2072 2060 2100 falsiloquis
2072 2075 2094 2094 et
2106 2078 2155 2094 ma-

1590 2111 1657 2139 lignis
1678 2111 1719 2133 132
1743 2117 1768 2137 a,
1793 2110 1806 2132 b
1829 2123 1858 2126 —
1882 2109 1998 2132 habebant
2021 2110 2154 2132 temerarias

1589 2153 1611 2172 et
1628 2156 1712 2178 pravas
1729 2150 1879 2177 cogitationes
1892 2149 1921 2171 de
1933 2149 2022 2172 Christo
2041 2150 2086 2171 222
2103 2155 2124 2176 a,
2138 2149 2153 2171 b

1589 2202 1619 2206 —
1636 2189 1740 2212 Christus
1766 2189 1822 2211 inter
1847 2195 1886 2211 eos
1912 2189 1980 2210 multa
2004 2188 2064 2210 bona
2082 2194 2152 2216 opera

1589 2233 1698 2257 operatus
1722 2231 1768 2255 est,
1786 2231 1901 2250 ettamen
1926 2228 2075 2256 quaesierunt
2098 2233 2151 2249 01101

1589 2268 1718 2290 interficere
1736 2268 1780 2290 358
1798 2273 1810 2289 3

1637 2320 1665 2323 -«
1683 2307 1798 2329 Christum
1817 2305 1990 2334 interrogabant
2001 2312 2045 2328 uon
2064 2306 2153 2328 deside-

1588 2347 1622 2369 rio
1640 2346 1786 2372 addiscendi,
1804 2346 1844 2368 sed
1862 2346 1938 2368 studio
1957 2345 2058 2368 tentandi
2077 2345 2121 2367 442
2139 2352 2151 2367 a

1589 2399 1618 2402 ——
1631 2386 1687 2414 Quia
1701 2387 1757 2408 haec
1774 2385 1877 2414 quaestio
1894 2388 1942 2406 erat
1955 2384 2027 2412 bona,
2040 2384 2151 2407 rationem

1589 2431 1667 2448 veram
1694 2425 1775 2447 audire
1801 2427 1934 2446 meruerunt
1950 2423 2004 2446 ibid.
2021 2436 2052 2440 -
2073 2424 2151 2446 dolose

1589 2464 1761 2492 interrogabant
1777 2463 1892 2486 Christum
1913 2463 1956 2485 419
1974 2469 1985 2485 11

1635 2516 1666 2520 -
1682 2503 1753 2525 verba
1771 2502 1853 2525 Christi
1872 2502 1900 2525 de
1918 2508 1986 2524 carne
2003 2508 2044 2524 sua
2061 2502 2151 2524 edenda

1589 2542 1745 2571 intelligebant
1761 2542 1790 2564 ad
1808 2542 1905 2564 litteram
1923 2541 1968 2563 ‘248
1986 2541 2008 2563 1).
2026 2541 2071 2563 249
2089 2547 2100 2562 a
2121 2553 2152 2557 —

1588 2581 1703 2609 tenebant,
1715 2581 1791 2603 omnia
1809 2581 1836 2603 ad
1856 2581 1952 2603 litteram
1971 2580 2083 2602 servanda
2101 2586 2151 2602 esse

1588 2622 1617 2644 63
1630 2627 1641 2643 a
1654 2633 1685 2638 —-
1702 2621 1874 2643 insurrexerunt
1886 2622 1963 2641 contra
1976 2620 2070 2641 latorem
2084 2619 2151 2646 Legis

1588 2660 1642 2683 ibid.
1660 2673 1688 2676 —
1707 2660 1735 2682 de
1752 2660 1813 2687 Lege
1834 2659 1918 2681 faciunt
1939 2661 2103 2686 argumentum
2121 2658 2151 2680 ad

1587 2699 1732 2727 perdendum
1750 2698 1865 2721 Christum
1882 2697 1937 2720 ibid.

1634 2750 1665 2754 —
1691 2739 1712 2760 in
1737 2738 1775 2760 (lie
1800 2738 1929 2759 Palmarum
1955 2736 2070 2759 Christum
2096 2742 2149 2758 cum

1588 2777 1674 2805 gaudio
1692 2780 1844 2805 susceperunt
1864 2780 1886 2798 et
1910 2776 1948 2798 die
1967 2776 2062 2798 Veneris
2079 2775 2149 2797 cruci-

1588 2817 1684 2839 fuerunt
1702 2817 1746 2838 303
1765 2816 1780 2838 1)
1797 2829 1827 2832 -—
1845 2816 1920 2843 primo
1944 2816 2035 2837 fuerunt
2051 2815 2098 2836 Deo
2115 2821 2150 2836 ac-

1587 2856 1647 2884 cepti
1664 2859 1686 2877 et
1704 2858 1781 2883 postea
1799 2854 1915 2883 reprobati
1938 2856 2077 2882 paraverunt
2101 2859 2150 2875 cro-

1587 2901 1638 2918 cem
1656 2895 1768 2917 Salvatori
1791 2901 1833 2917 suo
1860 2895 1904 2916 266
1922 2900 1948 2921 a,
1966 2893 1981 2915 b
1998 2906 2028 2910 —
2045 2893 2150 2916 crudeles

1588 2935 1685 2957 multum
1695 2934 1826 2956 saevierunt
1838 2934 1859 2955 in
1868 2933 1983 2955 Christum
1993 2932 2115 2960 patientem
2128 2935 2150 2953 et

1588 2974 1723 2996 morientem
1743 2973 1787 2995 204
1804 2979 1816 2995 a
1834 2985 1864 2989 —
1878 2973 2012 2995 occiderunt
2026 2972 2149 3000 Christum,
