2269 3448
761 210 802 237 DE
826 210 899 238 VITA
923 210 1088 238 SERAPtttCt
1112 210 1284 239 DOC't'ORts.
1861 216 1893 243 [11

145 290 211 318 haec
235 289 404 323 testimonia,
425 297 497 325 quae
519 291 686 325 sequuntur,
709 290 774 315 sunt
796 295 846 323 pro
861 290 915 315 tota
939 287 993 315 vita

144 338 169 365 S.
194 337 402 365 Bonaventurae
424 336 513 372 magni
538 335 668 364 momenti
691 338 718 363 et
739 335 849 371 saepius
869 334 960 362 adhuc
976 343 991 362 a

145 384 222 412 nobis
244 383 366 417 citanda3
391 383 455 411 hinc
476 390 508 411 ea
531 382 636 418 integra
659 382 794 418 ponimus.

224 430 344 458 Primum
368 430 554 458 testimonium
571 432 612 457 est
627 428 653 456 B.
670 428 803 456 Francisci
820 437 835 456 a
851 429 993 462 Fabriano,

144 477 190 514 qui
212 485 255 505 an.
281 478 354 505 1267
377 476 507 504 Ordinem
532 476 681 512 ingressus,
696 475 764 503 obiit
781 476 865 509 1322,
881 483 911 503 ac
932 483 993 512 pro-

145 524 206 553 inde
228 524 335 557 coaevi‚
358 523 431 560 quod
455 523 509 551 huc
526 522 610 551 redit:
638 522 713 550 «Vir
728 526 841 550 sanctus
862 525 889 550 et
904 522 994 550 iustus

144 574 171 599 et
193 573 286 599 rectus
306 578 337 599 ac
360 570 459 598 timens
480 570 585 603 Deum,
607 572 816 598 consummatus
838 569 863 597 in
886 569 994 597 artibus

144 617 217 654 apud
241 617 372 650 Parisios,
394 619 421 645 et
443 620 503 653 post
525 616 679 653 ingressum
703 615 789 652 ipsius
812 615 837 643 in
861 615 992 644 Ordinem

145 664 275 701 magister
290 664 413 697 effectus,
430 664 454 691 in
471 671 549 691 sacra
564 662 701 699 theologia
716 662 880 690 licentiatus
891 662 927 698 (id
944 666 993 696 est,

149 723 162 736 «
176 711 242 747 quia
264 710 441 738 macellarius
462 713 563 743 erat»,
586 709 752 743 Salimbene)
773 708 827 737 sub
849 709 994 746 magistro

145 757 332 789 Alexandro,
363 757 451 793 primo
481 757 611 793 magistro
643 756 770 790 Ordinis,
800 764 901 792 quem,
930 763 993 784 cum

143 807 215 833 esset
237 804 262 832 in
285 804 411 837 saeculo,
435 806 490 831 tota
513 803 671 831 Parisiensis
700 802 868 831 Universitas
897 810 994 839 seque-

144 851 235 884 batur,
257 850 309 879 sub
330 858 386 887 quo
407 854 511 886 septem
534 850 644 878 Fratres
666 849 751 878 nostri
774 849 888 878 fuerunt
911 850 994 878 licen-

145 897 201 926 tiati
223 901 250 925 et
273 897 395 933 magistri
419 897 505 925 ell'ecti
537 897 562 925 in
592 904 671 925 sacra.
693 896 836 933 theologia.
867 897 912 924 llic
941 896 993 924 iam

143 944 233 972 dictus
261 944 355 972 Frater
379 944 570 972 Bonaventura
593 944 634 972 vir
660 943 904 980 eloquentissimus
926 943 993 977 fuit,

144 990 278 1019 mirabilis
301 990 326 1018 in
344 990 483 1018 intellectu
505 998 599 1019 sacrae
622 990 737 1027 Paginae
751 993 778 1018 et
794 990 878 1018 totius
900 998 994 1018 sacrae

144 1037 313 1074 theologiae,
336 1037 543 1074 pulcherrimus
565 1038 763 1065 sermocinator
785 1037 817 1065 ad
840 1037 944 1065 clerum
967 1040 995 1065 et

144 1084 317 1121 praedicator
338 1084 370 1112 ad
394 1084 537 1120 populum,
561 1084 585 1112 in
609 1084 689 1112 cuius
714 1084 868 1120 praesentia
890 1084 993 1121 ubique

145 1134 284 1159 terrarum
307 1131 396 1159 omnis
419 1131 511 1167 lingua
532 1131 630 1159 silebat
645 1130 652 1145 ¹
670 1143 696 1159 »-

222 1178 378 1206 Secundum
402 1178 588 1206 testimonium
622 1178 778 1206 desumitur
807 1186 842 1206 ex
871 1178 993 1215 antiquis

143 1225 302 1259 Chronicis,
323 1233 394 1261 quae
416 1217 615 1253 adscribuntur
638 1225 778 1253 Bernardo
792 1225 825 1253 de
848 1225 936 1259 Bessa,
952 1233 993 1254 se-

143 1272 262 1300 cretario
277 1272 302 1299 S.
316 1272 534 1306 Bonaventnrae,
546 1272 593 1309 qui
607 1272 684 1300 dicit:
704 1284 717 1296 «
730 1273 869 1308 Septimus
884 1280 899 1301 a
913 1272 994 1301 heato

142 1319 286 1347 Francisco
308 1319 440 1347 successit
470 1319 706 1355 praeclarissimus
729 1320 807 1348 Pater
830 1320 923 1348 Frater
944 1320 993 1348 Bo-

142 1369 296 1394 naventura
317 1366 350 1394 de
372 1366 556 1403 Balneoregio.
575 1366 626 1402 Qui
649 1374 712 1394 cum
736 1367 842 1395 iuvenis
864 1367 994 1396 intrasset

143 1412 290 1447 Ordinem,
314 1416 388 1441 tanta
409 1413 496 1441 bonae
522 1413 620 1441 indolis
642 1413 784 1442 honestate
806 1414 939 1450 pollebat,
962 1417 993 1442 ut

143 1467 259 1496 magnus
281 1460 325 1488 ille
348 1460 476 1496 magister
498 1461 652 1489 Alexander
673 1460 777 1489 diceret
797 1461 945 1497 aliquando
959 1461 993 1490 de

142 1506 216 1542 ipso,
239 1506 311 1543 quod
336 1506 361 1534 in
385 1514 416 1535 eo
439 1507 583 1535 videbatur
605 1507 687 1535 Adam
711 1515 763 1535 non
786 1515 920 1544 peccasse.
938 1508 992 1542 Hic,

142 1553 214 1581 sicut
236 1553 262 1581 in
287 1553 437 1581 luminibus
466 1554 644 1582 scientiarum
674 1558 700 1582 et
723 1554 843 1583 maxime
872 1555 897 1582 in
920 1555 992 1583 Scri-

142 1600 233 1636 pturis
254 1600 340 1628 sacris
363 1600 507 1628 videbatur
530 1601 654 1629 miranda
668 1601 818 1638 capacitate
840 1602 991 1638 proficere,

142 1647 179 1675 ita
202 1650 228 1675 et
250 1647 276 1675 in
298 1646 451 1675 devotionis
473 1647 561 1684 gratia
592 1648 754 1676 continuum
777 1649 904 1676 sumebat
925 1657 992 1686 aug-

145 1697 284 1728 tnentum3
307 1694 442 1731 siquidem
468 1702 577 1722 omnem
608 1695 766 1728 veritatem,
788 1703 872 1732 quam
903 1696 991 1732 perci-

143 1741 234 1777 piebat
256 1741 413 1774 intellectu,
435 1741 467 1769 ad
487 1741 603 1769 formam
626 1742 758 1770 orationis
779 1746 806 1770 et
828 1742 991 1771 laudationis

140 1787 248 1816 divinae
271 1788 421 1821 reducens,
443 1788 574 1816 continuo
596 1788 753 1816 ruminabat
784 1789 893 1817 affectu.
925 1789 991 1818 l-linc

141 1834 244 1863 factum
267 1838 324 1868 est,
355 1837 384 1863 ut
416 1835 441 1862 in
473 1834 594 1871 septimo
622 1843 700 1863 auno
730 1839 796 1872 post
824 1837 991 1873 ingressum

144 1880 264 1909 Ordinis
286 1881 439 1910 Sententias
461 1882 564 1918 legeret
586 1882 705 1911 Parisios
726 1886 753 1910 et
774 1883 800 1910 in
823 1883 932 1911 decimo
947 1892 991 1911 re-

141 1928 247 1965 ciperet
261 1928 430 1957 cathedram
446 1929 647 1966 magistralem
663 1932 690 1958 et
705 1930 731 1958 in
749 1931 804 1958 ΧΙΙο
818 1931 860 1959 vel
875 1931 943 1959 Xlll⁰
958 1931 990 1959 ad

141 1976 262 2012 regimen
286 1976 396 2004 Ordinis
417 1976 452 2005 sit
472 1980 621 2005 assumtus.
650 1977 749 2006 Decem
778 1981 805 2006 et
832 1982 893 2007 octo
912 1978 992 2006 annis

142 2023 216 2051 rexit
230 2022 360 2052 Ordinem
383 2026 410 2051 et
432 2024 457 2051 in
475 2024 607 2060 Lugduno
629 2028 753 2061 tempore
771 2025 908 2062 generalis
922 2025 991 2054 Con-

141 2069 193 2098 cilii
216 2070 283 2098 obiit
304 2070 465 2104 cardinalis,
487 2079 559 2099 anno
580 2071 677 2100 aetatis
702 2079 768 2100 suae
790 2072 864 2106 Lttt⁰,
886 2072 991 2108 episco-

142 2124 194 2153 pus
215 2117 319 2145 scilicet
339 2117 499 2146 Albanensis
514 2118 525 2134 ²
540 2130 566 2145 n.

219 2163 343 2192 Tertium
366 2164 551 2192 testimonium
574 2165 655 2193 etiam
671 2166 793 2194 sumitur
812 2174 848 2194 ex
870 2166 991 2203 antiquis

141 2210 285 2239 Chronicis
296 2211 322 2238 ⁸:
349 2222 363 2235 «
378 2211 424 2239 llic
444 2211 644 2245 Bonaventura,
660 2220 723 2240 cum
740 2212 847 2241 iuvenis
862 2213 991 2241 intrasset

142 2256 288 2291 Ordinem,
311 2257 454 2286 clarissimi
478 2262 504 2286 et
525 2258 571 2286 alti
594 2259 694 2295 ingenii
717 2259 785 2287 adeo
800 2259 826 2287 in
842 2260 930 2296 gratia
944 2259 990 2288 de—

143 2303 259 2332 votionis
291 2304 438 2337 excelluit,
470 2304 543 2341 quod
576 2313 685 2333 omnem
716 2306 875 2339 veritatem,
907 2314 989 2342 quam

143 2355 233 2378 mente
255 2350 441 2386 concipiebat,
464 2351 490 2378 in
512 2350 628 2379 sormam
650 2351 758 2379 divinae
787 2351 875 2380 laudis
896 2356 923 2380 et
944 2352 991 2380 de-

143 2400 221 2425 votae
243 2397 376 2425 orationis
392 2397 545 2425 reduceret.
564 2397 624 2426 ideo
645 2398 722 2426 brevi
740 2402 877 2434 tempore,
901 2399 991 2427 infuso

143 2443 220 2479 quasi
243 2443 293 2471 sibi
316 2443 447 2471 divinitus
467 2444 576 2481 speciali
599 2444 713 2478 lumine,
729 2448 836 2473 tantum
857 2446 882 2473 in
906 2446 991 2474 sacris

143 2489 258 2526 profecit
279 2490 453 2526 scripturis...
465 2491 477 2506 ‘²
492 2495 552 2527 post
566 2491 626 2520 eius
641 2491 795 2528 ingressum
811 2492 843 2520 ad
860 2492 990 2521 Ordinem

206 2622 214 2634 ¹
232 2623 301 2651 Apud
327 2623 448 2651 Sbaralea,
471 2624 629 2652 Supplement.
653 2625 682 2647 ad
709 2625 827 2653 Scriptor„
850 2632 871 2647 v.
897 2626 991 2654 Bonav.,

144 2669 198 2690 pag.
216 2663 268 2685 143.

207 2701 215 2714 ²
233 2703 338 2724 Analecta
356 2703 477 2729 Francisc„
494 2707 549 2725 tom.
567 2704 598 2726 111.
622 2710 675 2732 pag.
698 2705 755 2733 699;
778 2704 849 2727 verba
868 2705 904 2727 hic
921 2706 991 2727 relata

144 2743 250 2768 repetunt
266 2743 346 2763 auctor
363 2741 468 2763 chronic.
485 2742 558 2764 XXlV
571 2742 684 2770 Generat„
696 2743 752 2765 ibid.
770 2750 824 2771 pag.
838 2744 890 2772 324,
909 2747 931 2766 et
947 2744 991 2766 alii.

144 2780 274 2802 Notandum
292 2784 410 2808 praeterea
423 2781 481 2803 circa
500 2782 599 2803 eundem
616 2786 638 2804 et
649 2786 783 2811 sequentem
802 2786 887 2805 textum
900 2786 941 2811 est,
953 2790 992 2805 nu-

145 2825 222 2841 meros
239 2819 276 2841 xli
295 2822 317 2841 et
334 2820 380 2842 Xlll
399 2826 449 2842 esse
467 2820 629 2848 corrigendos,
647 2824 671 2843 ut
692 2821 735 2843 erit
757 2822 778 2843 in
800 2822 874 2850 capite
895 2822 925 2844 de
947 2823 992 2844 ele-

144 2858 218 2880 ctione
235 2858 323 2880 BonaV.
339 2858 361 2880 in
380 2859 506 2881 Ministrum
525 2860 667 2882 Generalem.

207 2896 216 2909 ³
241 2897 353 2923 Venetiis,
380 2897 483 2919 Bibliotll.
512 2899 587 2925 Marc„
613 2899 679 2921 class.
697 2900 766 2922 XXll.
791 2900 843 2922 cod.
880 2900 931 2922 l24.
956 2901 989 2929 (Z.

145 2936 169 2958 L.
186 2935 321 2963 CCCXClX)
340 2936 439 2959 membr.
458 2937 478 2958 in
498 2938 534 2959 tol.
552 2938 639 2960 maiore
656 2944 716 2960 saec.
734 2938 794 2960 XlV.
814 2939 849 2961 sol.
868 2939 906 2961 st.

208 2974 217 2987 '¹
234 2975 275 2997 Hic
292 2976 393 2998 secunda
412 2982 494 2998 manus
512 2976 576 3004 ponit
592 2983 661 3004 supra
680 2978 762 3000 lineam
781 2978 852 3000 verba
870 2980 897 3001 ut
912 2984 991 3007 anno,-

146 3014 367 3041 subintelligendum
385 3015 463 3043 utique
482 3018 516 3037 est
538 3024 547 3035 a
559 3016 658 3043 septimo
671 3025 693 3038 n.

239 3060 266 3084 S.
282 3061 373 3084 Bonae.
389 3074 419 3078 —
440 3062 509 3084 Tom.
526 3062 554 3084 X.

1049 289 1199 317 sententias
1225 289 1343 317 Parisius
1367 290 1467 326 legeret
1488 294 1515 318 ct
1542 291 1567 318 in
1589 291 1696 318 decimo
1717 291 1748 318 ad
1773 293 1898 327 magiste-

1050 336 1122 364 rium
1150 336 1185 364 sit
1214 340 1357 372 promotus
1385 340 1412 364 et
1441 337 1466 365 in
1491 338 1541 365 ΧΙΙ.
1567 338 1606 365 vel
1630 338 1692 365 Xlll.
1715 338 1746 365 ad
1778 339 1898 374 regimen

1050 382 1161 410 Ordinis
1183 383 1216 410 sit
1238 386 1388 411 assumtus.
1411 384 1507 411 Factus
1529 384 1674 420 episcopus
1693 385 1851 413 Albanensis
1874 386 1898 413 in

1049 428 1169 456 Concilio
1188 429 1372 465 Lugdunensi,
1388 430 1466 466 quasi
1491 431 1603 458 lucerna
1626 431 1712 467 posita
1733 440 1817 467 super
1837 440 1899 459 ‹fan-

1049 474 1204 509 delubrum,
1222 475 1336 504 mirifice
1353 477 1522 512 resplenduit
1537 481 1564 504 et
1580 486 1629 513 pro
1650 478 1805 506 defensione
1829 480 1900 507 Men-

1050 520 1200 549 dicantittm
1225 523 1299 550 visus
1324 526 1364 550 est
1386 523 1500 551 caelitus
1521 523 1684 557 destinatus,
1705 524 1750 552 scd
1775 525 1899 553 laborum

1051 568 1137 604 ipsius
1157 568 1268 597 Concilii
1292 577 1404 605 pressus
1425 578 1518 603 onere,
1536 570 1590 598 vita
1611 571 1722 599 functus
1743 575 1783 599 cst
1805 573 1900 600 aetatis

1050 622 1116 643 suae
1137 623 1209 643 anno
1225 616 1284 643 ltlll.
1300 616 1385 644 Cuius
1404 625 1478 645 mors
1493 625 1588 645 omnes
1604 618 1629 645 in
1646 618 1765 646 Concilio
1780 619 1900 647 existen—

1051 665 1091 690 tes
1113 662 1263 691 incredibili
1287 663 1376 692 affecit
1398 664 1541 692 moestitia.
1572 665 1665 693 Frater
1687 669 1778 693 autem
1809 666 1900 694 llicro-

1051 717 1150 745 nymus
1174 710 1208 737 illi
1236 710 1351 738 sucessit
1381 711 1406 738 in
1436 711 1525 739 officio
1555 711 1715 746 ministerii,
1737 713 1783 749 qui
1808 716 1901 749 postea

1051 756 1197 784 cardinalis
1218 760 1245 785 et
1266 758 1398 786 Summus
1421 758 1543 786 l'ontil'ex
1567 759 1618 786 suit
1633 771 1659 787 ».

1131 804 1155 831 6.
1179 804 1317 840 Quaenam
1350 813 1383 833 ex
1420 805 1461 833 his
1488 805 1597 834 duabus
1628 807 1770 842 sententiis
1798 808 1899 844 ample-

1050 850 1148 878 ctenda
1169 851 1218 884 sit,
1242 851 1437 887 inquirendum
1460 855 1508 880 est.

1132 898 1156 925 Si
1180 906 1289 926 summa
1310 903 1539 935 argumentorum
1558 900 1582 927 in
1606 900 1726 929 savorem
1743 902 1805 929 anni
1826 902 1899 930 1238

1050 944 1248 980 perpendatur,
1271 946 1396 973 concludi
1420 949 1508 982 potest
1529 954 1592 974 cum
1615 947 1792 980 certitudine,
1814 948 1898 976 Bona-

1052 994 1195 1019 venturam
1220 1000 1271 1019 non
1288 1000 1348 1020 esse
1370 993 1524 1029 ingressum
1541 993 1670 1022 Ordinem
1691 1003 1734 1022 an.
1753 996 1836 1029 1243,
1852 995 1897 1023 sed

1051 1038 1271 1073 probabilissime
1292 1047 1335 1066 an.
1354 1039 1436 1067 1238.
1453 1039 1565 1068 Certum
1588 1045 1629 1069 est
1650 1041 1737 1075 enim,
1760 1042 1898 1070 1301101011-

1051 1087 1141 1112 turam
1164 1084 1249 1112 fuisse
1269 1085 1377 1113 Parisiis
1392 1086 1602 1115 baccalaureum
1620 1087 1727 1115 vivente
1744 1088 1897 1117 Alexandro

1051 1130 1167 1164 llalensi‚
1189 1132 1261 1168 quod
1286 1135 1404 1160 testatur
1427 1133 1503 1161 testis
1532 1135 1706 1170 synchronus
1738 1138 1764 1163 et
1792 1135 1899 1163 confra-

1052 1181 1102 1211 ter,
1125 1178 1152 1205 B.
1176 1178 1337 1207 Franciscus
1358 1188 1373 1207 a
1394 1180 1543 1214 Fabriano,
1566 1181 1679 1218 ipseque
1708 1181 1899 1210 bonaventura

1052 1227 1130 1253 vocat
1151 1226 1337 1254 Alexandrum
1361 1235 1442 1255 suum
1467 1228 1629 1264 magistrum
1651 1232 1677 1256 et
1700 1233 1814 1265 patrem.
1831 1230 1897 1258 Cum

1052 1279 1116 1300 vero
1131 1272 1295 1307 Alexander,
1313 1273 1426 1302 historia
1448 1277 1577 1308 testante,
1594 1275 1637 1304 die
1656 1277 1689 1304 lQ
1706 1277 1818 1312 Augusti
1834 1278 1896 1305 anni

1054 1319 1126 1347 1245
1148 1323 1275 1348 mortuus
1290 1320 1333 1354 sit,
1350 1321 1413 1349 hinc
1430 1321 1619 1350 Bonaventura
1642 1323 1745 1359 ingredi
1768 1323 1898 1352 Ordinem

1050 1374 1093 1393 an.
1120 1366 1193 1395 1943
1216 1375 1268 1395 non
1293 1368 1396 1404 potuit;
1419 1376 1499 1396 secus
1520 1369 1591 1397 enim
1610 1370 1748 1406 passivum
1765 1371 1898 1404 studium,

1051 1412 1094 1440 cui
1117 1421 1212 1441 omnes
1234 1414 1330 1442 subiici
1354 1414 1502 1449 debebant,
1525 1424 1578 1444 non
1601 1416 1742 1445 finivisset.

1130 1460 1214 1488 Porro
1242 1462 1409 1489 secretarius
1438 1462 1659 1496 Bonaventurae,
1682 1464 1838 1493 Bernartius
1866 1465 1898 1493 de

1051 1506 1139 1539 Bessa,
1155 1507 1197 1535 cui
1221 1508 1289 1536 solet
1310 1508 1426 1536 adscribi
1450 1510 1581 1546 antiquus
1604 1511 1767 1547 catalogus¹
1792 1512 1836 1540 XV
1852 1513 1898 1540 Mi-

1050 1554 1201 1582 nistroruni
1227 1555 1413 1591 generalium,
1437 1556 1504 1584 haec
1533 1557 1615 1585 habet
1636 1557 1669 1586 de
1691 1558 1897 1587 Bonaventura:

1053 1611 1066 1624 (ι
1084 1600 1148 1629 Hinc
1173 1600 1275 1629 sactum
1297 1605 1353 1635 est,
1376 1606 1407 1630 ut
1430 1603 1454 1630 in
1481 1603 1597 1640 septimo
1618 1612 1689 1632 anno
1711 1608 1772 1641 post
1794 1606 1897 1642 ingres-

1049 1654 1109 1675 sum
1133 1647 1243 1676 Ordinis
1265 1648 1418 1677 Sententias
1438 1649 1539 1686 legeret
1562 1650 1681 1679 Parisios
1695 1655 1722 1680 et
1744 1652 1769 1680 in
1792 1653 1898 1681 decimo

1050 1694 1184 1730 reciperet
1213 1695 1371 1723 cathedram
1399 1696 1626 1732 magistralem».
1655 1698 1717 1726 item
1750 1699 1849 1735 legitur
1871 1700 1897 1727 in

1049 1741 1192 1769 Chronicis
1210 1742 1446 1778 antiquissimis2:
1467 1744 1610 1772 «Tantum
1634 1745 1659 1772 in
1683 1746 1769 1774 sacris
1785 1746 1899 1782 profecit

1049 1788 1209 1824 Scripturis,
1227 1792 1257 1815 ut
1272 1797 1350 1817 como
1366 1790 1480 1825 (scilicet
1495 1791 1622 1827 septimo)
1638 1796 1698 1828 post
1713 1794 1772 1821 eius
1794 1793 1897 1829 ingres-

1049 1842 1110 1863 sum
1133 1835 1165 1863 ad
1188 1835 1319 1864 Ordinem
1336 1837 1488 1865 Sententias
1504 1838 1622 1867 Parisios
1645 1840 1746 1876 legeret
1765 1844 1791 1868 et
1810 1840 1836 1868 in
1851 1841 1897 1869 de-

1049 1881 1119 1909 cimo
1134 1882 1165 1909 ad
1184 1883 1372 1919 magisterium
1395 1883 1429 1912 sit
1451 1888 1632 1920 promotus».
1649 1886 1702 1914 Iam
1720 1894 1793 1920 vero,
1810 1887 1830 1915 si
1848 1887 1898 1915 ista

1048 1929 1103 1957 duo
1134 1929 1290 1958 testimonia
1321 1930 1474 1959 certissima
1506 1932 1684 1961 conferantur
1716 1941 1778 1961 cum
1811 1942 1898 1970 aeque

1049 1979 1124 2004 certo
1140 1977 1295 2005 testimonio
1310 1978 1400 2006 coaevi
1419 1978 1445 2005 B.
1461 1979 1594 2007 Francisci
1618 1988 1633 2007 a
1654 1980 1786 2008 Fabriano
1798 1981 1808 1997 ³
1831 1981 1897 2009 scri-

1049 2023 1153 2051 bentis:
1179 2024 1270 2052 «Post
1293 2024 1446 2061 ingressum
1470 2025 1555 2062 ipsius
1578 2026 1603 2054 in
1622 2026 1752 2055 Ordinem
1769 2028 1898 2064 magister

1048 2071 1163 2099 effectus
1191 2071 1216 2099 in
1246 2079 1323 2100 sacra
1347 2072 1494 2109 theologia,
1518 2073 1673 2102 licentiatus
1694 2074 1746 2102 sub
1768 2075 1898 2111 magistro

1048 2118 1203 2146 Alexandro
1226 2119 1315 2155 primo
1331 2120 1462 2156 magistro
1477 2120 1587 2149 Ordinis
1599 2133 1626 2155 »‚
1649 2122 1785 2158 sequitur,
1802 2130 1897 2151 mime-

1049 2173 1111 2193 rum
1127 2166 1314 2201 septenarium
1330 2166 1546 2195 abstrahendum
1563 2175 1622 2196 esse
1643 2177 1659 2196 a
1680 2177 1796 2197 numero
1814 2169 1896 2203 1245,

1048 2220 1104 2248 quo
1132 2220 1205 2240 anno
1234 2213 1388 2242 Alexander
1416 2214 1546 2248 decessit;
1576 2215 1649 2244 unde
1676 2216 1796 2244 efficitur
1824 2220 1897 2245 certe

1048 2267 1101 2286 non
1124 2267 1214 2287 annus
1239 2260 1322 2294 1243,
1344 2260 1389 2289 sed
1412 2269 1502 2289 annus
1519 2262 1601 2290 1238.
1626 2263 1697 2291 Talis
1720 2263 1897 2299 probabilitas

1048 2309 1089 2334 est
1111 2306 1286 2340 huiusmodi,
1308 2310 1339 2335 ut
1363 2307 1426 2341 vix,
1448 2316 1479 2336 ac
1501 2316 1535 2336 ne
1557 2309 1603 2337 vix
1630 2310 1756 2346 quidem,
1779 2319 1794 2338 a
1816 2310 1897 2338 certi—

1048 2352 1143 2380 tudine
1165 2352 1289 2387 diflerat,
1312 2357 1395 2389 prout
1417 2362 1453 2382 ex
1474 2356 1628 2384 certissimo
1657 2357 1703 2384 illo
1727 2365 1799 2385 anno
1822 2358 1896 2385 ‘1248

1049 2398 1215 2427 licentiatus
1238 2400 1309 2428 infra
1331 2408 1390 2438 pag.
1413 2401 1450 2429 43
1472 2402 1634 2431 deducetur.

1128 2447 1271 2476 Praeterea
1301 2449 1458 2477 recolantur
1487 2457 1537 2485 pro
1566 2450 1617 2478 ista
1645 2452 1778 2479 sententia
1806 2455 1896 2480 cetera

1048 2497 1221 2530 argumenta,
1244 2497 1298 2522 tam
1322 2495 1452 2524 historica
1473 2504 1554 2532 quam
1578 2497 1672 2525 critica
1693 2498 1811 2526 adunata
1832 2507 1848 2526 a
1870 2499 1894 2526 P.

1048 2540 1198 2576 Hyacintho
1213 2541 1342 2579 Sbaralea
1356 2543 1367 2558 4
1389 2546 1416 2571 et
1436 2551 1449 2570 a
1472 2543 1504 2570 cl.
1522 2543 1665 2572 Benedicto
1685 2544 1784 2573 Bonelli
1834 2548 1860 2573 ει
1881 2553 1896 2573 a

1048 2587 1081 2615 fr.
1099 2588 1199 2616 Panfilo
1220 2597 1236 2616 a
1258 2589 1390 2625 Magliano
1405 2590 1424 2617 ὃ.
1448 2590 1522 2626 Quae
1544 2591 1683 2619 conclusio
1704 2591 1897 2628 chronologica

1048 2635 1259 2663 confirmabitur
1280 2635 1370 2664 adhuc
1394 2636 1471 2669 irffra,
1488 2645 1550 2665 cum
1567 2637 1599 2665 de
1614 2637 1673 2666 eius
1696 2638 1851 2674 magisterio
1869 2642 1896 2667 et

1048 2681 1180 2710 electione
1202 2682 1227 2710 in
1251 2683 1404 2711 Ministrnm
1427 2685 1582 2720 generalem
1609 2692 1699 2712 sermo
1725 2685 1893 2714 instituetur.

1112 2823 1119 2836 ¹
1137 2824 1243 2846 Analecta
1261 2824 1383 2851 Francise,
1400 2827 1455 2846 tom.
1474 2825 1506 2846 lll.
1523 2831 1576 2852 pag.
1595 2825 1647 2846 699.

1112 2862 1120 2874 ²
1139 2863 1198 2884 Vide
1215 2869 1284 2890 supra
1303 2864 1345 2885 col.
1363 2863 1376 2891 l,
1394 2866 1440 2885 not.
1459 2865 1486 2890 2,
1504 2864 1524 2885 3.
1543 2869 1569 2885 ac
1588 2863 1608 2885 4.
1626 2863 1682 2886 ibid.

1112 2901 1120 2913 ⁸
1140 2902 1197 2924 Vide
1214 2903 1257 2924 col.
1275 2903 1288 2929 l,
1306 2905 1352 2924 not.
1375 2903 1392 2923 1.

1111 2940 1120 2952 ⁴¹
1138 2941 1296 2968 Supplement.
1313 2941 1342 2963 ad
1361 2941 1479 2969 scriptor„
1497 2948 1519 2964 v.
1537 2942 1709 2969 Bonaventura,
1728 2948 1781 2970 pag.
1801 2943 1852 2965 168.

1111 2978 1120 2991 ⁵
1137 2980 1278 3002 Prodi-onius
1295 2984 1346 3007 etc„
1364 2981 1406 3002 eol.
1425 2981 1447 3002 5.

1111 3017 1120 3030 ὓ
1138 3019 1210 3041 Storia
1229 3019 1394 3046 compendiosa
1413 3022 1463 3047 etc.y
1480 3020 1525 3041 vot.
1543 3020 1556 3042 1.
1576 3026 1630 3048 pag.
1648 3020 1691 3042 619
1711 3027 1759 3049 seq.

1787 3069 1799 3089 (3
