2269 3448
645 225 744 254 tNDEx
767 225 1006 253 sttt’ttitssti'stcus
1028 225 1104 254 NONl
1129 225 1315 254 vottJtttNJs.

351 499 406 521 ΗΑΒ

146 540 248 561 Binvtoa
260 551 289 554 =
303 538 464 566 interpretatur
475 537 560 560 limbus
576 537 664 560 ratione

98 577 245 600 obscuritatis
271 577 298 599 46
325 583 346 599 a.
364 577 392 598 48
411 583 422 598 3
449 589 479 592 »-
501 576 664 604 interpretatur

97 617 203 639 confusio
220 617 260 638 541
284 622 296 638 a

145 668 176 673 -—·
193 657 240 678 nex
267 655 388 683 Babylonis
413 655 519 682 designat
544 654 663 677 diabolum

99 696 143 717 396
162 702 173 717 3

145 735 242 757 &tentus
266 747 295 750 -—
324 733 430 761 designat
457 739 550 756 crucem
579 732 661 755 Christi

97 774 141 796 249
160 773 183 795 b.
201 774 240 795 261
265 773 279 795 b

145 813 234 835 ΒΑιΑΛΜ
251 825 282 829 -
302 814 351 834 erat
375 812 490 834 divinator
516 815 538 833 ct
562 812 662 834 hariolus

101 851 141 874 164
160 852 175 874 b
192 864 222 868 —
240 852 281 873 etsi
299 851 380 877 malus,
393 851 540 879 prophetavit
554 851 584 873 de
601 851 662 873 (Thri-

97 895 131 913 sto
149 894 171 913 et
190 891 284 918 Virgilio
309 890 409 918 gloriosa
435 890 480 912 626
498 890 520 912 b.
539 890 583 911 627
601 896 613 912 3
633 902 660 905 —-

95 936 140 952 non
158 930 214 952 dixit
226 930 268 951 nisi
280 930 343 958 quod
356 929 468 952 Dominus
480 928 574 951 iubebat
587 929 633 950 605
647 928 660 950 b

93 981 125 986 —
142 969 220 991 docuit
238 969 295 991 111105
312 969 379 991 151361
397 967 504 991 inebriari
517 968 572 990 11110
585 971 607 990 61
619 969 662 990 for-

95 1008 164 1030 nicari
183 1009 228 1031 5:33
247 1008 261 1030 b
278 1021 309 1024 —
326 1008 403 1030 1611161
420 1008 450 1029 ad
472 1007 583 1030 indicium
607 1013 660 1030 cum

94 1047 214 1075 prophetis
231 1047 315 1076 iniquis
331 1047 361 1069 72
379 1053 391 1069 3
469 1068 476 1070 .

142 1087 256 1109 0315111105
266 1099 296 1103 -
305 1088 375 1108 tracto
385 1093 448 1113 vase,
458 1086 583 1108 effunditur
593 1086 637 1108 476
646 1092 658 1107 a

143 1126 263 1148 Biterisnus
279 1138 310 1142 —
327 1126 436 1153 fluminis,
457 1126 554 1147 flaminis
572 1128 593 1147 et
609 1131 660 1148 sau·

95 1165 171 1193 guinis
193 1172 237 1187 non
262 1168 358 1193 possunt
380 1165 409 1187 ab
434 1165 532 1187 invicem
556 1164 658 1192 separari

93 1204 138 1226 355
161 1204 175 1226 b
198 1217 228 1221 —
249 1205 271 1226 111
295 1205 329 1226 1115
352 1204 425 1226 tribus
447 1207 573 1232 operantur
590 1210 658 1232 aqua,

93 1244 191 1272 Spiritus
208 1245 238 1270 S.,
256 1243 350 1271 sanguis
366 1243 449 1266 Christi
469 1242 521 1266 iaici.
541 1243 586 1265 356
604 1250 625 1269 3,
644 1242 658 1265 1)

91 1295 122 1299 -
134 1287 168 1305 651
180 1283 314 1310 mysterium
326 1283 443 1304 Trinitatis
456 1283 499 1304 356
512 1289 523 1304 a
539 1295 567 1298 —
579 1283 597 1304 Α
610 1282 659 1310 Spi—

92 1322 135 1344 ritu
155 1323 176 1344 S.
194 1326 217 1344 et
232 1328 292 1351 aqua
304 1328 357 1344 cum
371 1322 478 1350 passione
489 1321 571 1345 Christi
589 1322 658 1344 simul

92 1362 197 1390 procedit
211 1368 256 1384 una
268 1362 370 1384 essii-acia
381 1362 427 1384 728
439 1368 451 1384 3
464 1374 495 1378 -—
507 1362 529 1383 ln
542 1361 657 1389 baptismo

92 1404 126 1423 est
143 1401 222 1429 triplex
243 1402 300 1423 ratio
320 1401 475 1429 significandi,
491 1401 656 1427 sanctificandi,

91 1441 243 1468 regenerandi
261 1441 307 1463 355
326 1441 348 1463 b.
366 1441 411 1462 356
428 1447 441 1462 a
457 1453 489 1457 —
507 1440 576 1463 habet
588 1440 657 1463 111-111-

92 1484 136 1502 tem
160 1486 171 1502 a
197 1480 304 1507 passione
326 1480 408 1503 Christi
433 1480 476 1502 464
495 1480 510 1502 b
527 1493 558 1497 —
580 1486 657 1503 conse-

90 1522 167 1542 cratus
184 1523 217 1542 est
235 1526 275 1547 per
292 1520 423 1548 passionem
441 1519 523 1542 Christi
541 1520 580 1542 181
602 1526 614 1542 3
628 1532 656 1535 —

92 1559 166 1587 Quare
186 1559 301 1587 baptismo
318 1559 394 1581 oleum
413 1559 522 1587 iungatur
540 1559 585 1581 634
603 1559 618 1581 b

139 1612 168 1615 —
186 1600 207 1620 lu
226 1599 341 1626 baptismo
364 1599 453 1621 deletur
473 1602 594 1626 peccatum
612 1599 657 1620 ori-

91 1638 166 1666 ginale
184 1641 206 1660 et
221 1638 315 1660 actualis
334 1638 439 1667 iniquitas
458 1639 497 1660 1181
520 1644 531 1660 3
550 1651 578 1653 -
593 1644 657 1660 1303-

90 1678 130 1701 dat
146 1684 158 1699 a
177 1678 274 1706 macula,
291 1681 356 1700 sanat
373 1677 402 1699 ab
419 1677 551 1700 infirmitate
570 1680 592 1699 et
603 1676 657 1700 libe-

90 1720 125 1739 rat
142 1717 171 1739 ab
189 1717 329 1745 obligatione
347 1717 391 1739 634
409 1716 424 1739 b
442 1729 471 1732 —
483 1719 568 1745 purgat
580 1723 592 1739 a
606 1723 656 1744 pec-

90 1760 140 1779 cato
158 1757 202 1779 356
221 1763 232 1779 3
253 1769 280 1772 —-
299 1756 386 1779 maiore
403 1756 563 1784 purificatione
575 1756 656 1784 purifi-

89 1799 125 1819 cat
142 1802 211 1825 quam
236 1796 381 1818 circumcisio
400 1796 444 1818 634
463 1795 478 1818 b
495 1808 525 1812 -—
543 1796 565 1817 13
584 1795 656 1823 bapti-

89 1841 140 1857 smo
157 1835 284 1858 daemones
301 1835 422 1858 eiiciantur
444 1835 485 1857 180
502 1841 515 1857 3
532 1848 562 1851 -—
575 1835 595 1857 ln
615 1834 655 1857 ba-

89 1875 173 1902 ptismo
191 1874 316 1897 liberamur
334 1881 346 1897 a
364 1878 438 1897 morte
454 1877 545 1897 aeterna
564 1874 585 1896 in
600 1880 654 1896 con-

88 1914 216 1942 signatione
227 1917 319 1936 sanctae
336 1914 411 1936 crucis
428 1913 481 1937 ibid.
499 1926 530 1930 -
548 1914 569 1935 111
583 1913 655 1941 bapti-

88 1957 138 1975 zato
150 1954 230 1976 transit
241 1954 427 1981 concupiscentia
440 1957 553 1982 quantum
566 1954 594 1975 ad
607 1960 655 1976 rea-

89 1996 136 2015 tum
155 1999 255 2021 poenae,
274 1997 377 2015 remanet
398 1996 472 2015 133163
491 1996 603 2022 qnantum
624 1993 655 2016 ad

88 2033 220 2055 exercitium
240 2033 267 2054 46
286 2039 298 2054 a

134 2084 165 2088 -—
182 2072 223 2094 Per
246 2072 322 2100 ipsum
349 2073 491 2094 mundamur
516 2075 538 2094 et
563 2071 653 2095 Christo

87 2111 272 2139 complantamur
291 2111 335 2134 464
354 2111 368 2133 b
385 2124 415 2127 —
432 2111 490 2134 Cum
515 2117 555 2139 per
579 2111 653 2139 bapti-

87 2157 163 2173 smum
187 2151 337 2178 renascimur,
358 2151 428 2173 sancti
446 2151 560 2173 efficimur
577 2151 622 2173 599
641 2157 652 2173 a

87 2202 117 2206 —
131 2191 171 2213 Per
185 2190 259 2218 ipsum
273 2191 386 2212 essicimur
398 2191 542 2212 mundissimi
556 2194 577 2213 et
589 2191 654 2218 spiri-

87 2230 160 2252 tuales
175 2230 220 2252 224
232 2236 243 2251 3
257 2243 285 2245 -
299 2231 322 2252 13
335 2230 450 2258 baptismo
463 2230 501 2252 dat
514 2229 581 2252 nobis
595 2231 654 2252 Deus

87 2270 220 2292 thesaurum
233 2270 359 2297 gratiarum
372 2273 394 2291 ct
406 2269 517 2292 virtutum
533 2270 577 2291 539
592 2270 606 2292 b
623 2282 654 2286 —

87 2309 139 2331 facit
151 2309 247 2336 dignum
261 2309 344 2331 intrare
357 2315 454 2337 regnum
475 2309 513 2331 Dei
530 2309 575 2331 356
594 2315 606 2331 3
624 2322 653 2324 -

86 2348 161 2370 Gratia
181 2347 324 2376 baptismalis
341 2348 407 2375 plena
425 2348 498 2376 gratia
513 2352 547 2370 est
563 2349 585 2370 in
604 2355 654 2376 par-

86 2387 145 2409 vulis
158 2387 202 2408 637
216 2386 230 2408 b
244 2399 274 2403 —-
287 2388 420 2415 Exemplum
433 2388 463 2409 de
480 2387 580 2410 efficacia
599 2386 654 2410 ibid.

133 2440 164 2442 —
182 2428 203 2448 ln
217 2426 332 2454 baptismo
344 2427 480 2454 profitemur
493 2427 551 2449 mori
564 2427 652 2449 mundo

86 2470 108 2488 et
126 2466 205 2488 vivero
223 2466 312 2488 Christo
334 2467 374 2488 139
393 2473 404 2488 3
422 2479 453 2482 —
472 2467 493 2488 ln
506 2472 533 2488 eo
546 2466 651 2488 ordinem

86 2511 167 2527 sumus
184 2506 295 2533 professi,
313 2506 335 2527 in
353 2512 400 2534 quo
423 2511 515 2528 currere
538 2506 652 2528 debemus

86 2545 130 2566 719
145 2544 159 2566 1)
171 2557 201 2561 -
214 2545 315 2566 Dicimus
333 2545 395 2567 tondi
413 2545 435 2567 in
448 2544 576 2572 baptismo,
588 2544 652 2567 abre-

86 2584 212 2606 nuntiando
236 2584 328 2606 diabolo
350 2588 372 2606 et
395 2585 488 2612 pompis
505 2584 555 2607 eius
572 2585 617 2607 324
637 2584 651 2606 b

85 2636 114 2639 —
133 2623 243 2651 Baptizati
260 2624 345 2646 debent
363 2630 413 2646 esse
430 2624 531 2646 crucifixi
550 2624 594 2646 464
612 2623 627 2646 b

132 2675 162 2679 —
179 2664 280 2685 Gratiam
299 2663 459 2691 baptismalem
479 2664 591 2691 perditam
605 2670 650 2686 1103

88 2703 216 2730 poterimus
234 2709 371 2731 recuperare
390 2703 435 2725 635
452 2710 463 2724 a
479 2716 505 2719 —
519 2703 563 2731 Qui
577 2703 651 2731 perdit

85 2748 135 2764 eam
155 2742 179 2764 sit
195 2748 277 2764 5611115
294 2742 379 2764 diaboli
392 2742 445 2765 ibid.
458 2755 489 2759 —
502 2743 553 2765 t’ost
568 2742 651 2770 baptis-

87 2787 150 2803 mum
169 2785 291 2809 peccantes
309 2788 354 2803 non
369 2782 451 2804 iterum
471 2781 581 2810 baptizari
601 2788 650 2810 pos-

86 2823 138 2842 sunt
156 2821 199 2842 339
218 2827 229 2842 3

132 2860 205 2882 Euan
219 2873 248 2876 —
261 2860 367 2888 designat
377 2860 460 2883 Christi
474 2861 577 2883 membra
592 2861 651 2888 prin-

88 2899 167 2926 cipalia
187 2899 227 2921 561
249 2906 261 2921 3

135 2939 251 2961 thamnas
267 2951 297 2955 —
316 2939 397 2966 plenus
414 2942 462 2961 erat
479 2939 526 2962 fide
544 2940 588 2962 606
606 2946 618 2962 3

135 2978 322 3000 11,131·1101,υ113305
338 2990 369 2995 -—
386 2981 447 3000 totus
469 2981 517 3001 erat
539 2985 650 3001 accensus

84 3022 163 3039 amore
181 3016 260 3039 divino
278 3017 322 3039 570
340 3023 352 3039 a
370 3030 400 3034 —
417 3018 515 3040 ostendit
532 3024 597 3041 suam
616 3018 651 3040 di-

961 376 1000 423 B

697 538 816 560 lectionem
835 544 875 565 per
887 540 987 566 quatuor
998 537 1063 565 sigua
1076 537 1116 559 571
1133 537 1148 559 1)
1160 549 1190 553 -
1203 543 1264 559 60111-

698 578 819 599 {pendatur
836 578 913 606 quoad
938 577 999 599 vitae
1023 577 1185 603 innocentiam,
1210 576 1263 598 dile-

697 617 795 639 ctionem
822 617 971 644 praecipuam
994 619 1016 638 et
1038 616 1261 638 consummationem

697 656 821 683 gloriosam
839 656 884 678 570
902 663 913 677 a
932 668 963 672 —
981 657 1002 678 ln
1025 656 1076 683 ipso
1101 659 1149 677 erat
1175 655 1262 683 puritas

696 695 829 724 affectionis,
847 695 960 717 rectitudo
978 695 1117 722 intentionis,
1136 694 1262 717 fecunditas

696 734 837 762 operationis
861 738 883 756 et
908 734 1034 762 trequenua
1060 734 1169 755 orationis
1186 733 1231 756 570
1249 739 1261 755 3

697 786 726 789 -
744 774 838 801 Propter
851 774 906 795 haec
917 773 1060 801 significatur
1073 772 1165 795 nomine
1177 773 1261 794 colum⁴

697 812 739 834 bae
756 812 810 835 ibid.
827 825 857 829 --
875 812 957 840 triplici
981 812 1056 834 tunica
1079 818 1104 834 se
1126 812 1262 839 exspoliavit

696 851 740 873 572
758 858 769 873 a
788 864 818 868 —-
835 858 923 874 novum
940 854 963 873 61
979 851 1095 879 singulare
1112 857 1187 879 genus
1205 857 1261 872 11131-

695 891 746 918 tyrii
765 891 835 913 subiit
852 891 893 912 5571
917 890 930 912 b
949 903 977 906 ——
995 890 1129 918 designatur
1148 896 1188 918 per
1201 891 1261 912 lona-

695 932 748 953 than
766 930 811 952 570
829 937 840 952 a

743 970 840 992 1111511105
856 982 885 985 -
905 970 995 997 primus
1012 969 1154 997 Religionem
1173 969 1261 991 invenit

694 1009 739 1031 522
758 1008 772 1030 b

742 1048 867 1070 Bt-IA'HTUDO
885 1060 915 1064 -—-
932 1050 966 1070 cst
983 1048 1095 1075 gaudium
1114 1047 1144 1070 de
1165 1048 1260 1069 veritate

694 1088 741 1109 visa
760 1087 804 1110 472
823 1086 837 1109 b
853 1099 885 1103 —
902 1086 984 1109 beatus
1006 1090 1039 1109 est
1063 1087 1097 1109 ille
1119 1087 1158 1115 qui
1182 1086 1259 1109 01111113

693 1130 769 1154 optata
787 1127 837 1149 51116
854 1127 936 1149 timore
952 1126 1070 1149 amittendi
1083 1129 1196 1154 perpetuo
1210 1132 1260 1154 pos-

692 1166 752 1188 sidet
769 1166 813 1188 359
832 1173 843 1188 a

740 1218 770 1221 —
783 1205 858 1227 Vitam
872 1205 962 1227 beatam
976 1208 1088 1233 appetunt
1099 1204 1202 1233 superbi,
1215 1205 1259 1227 ira-

692 1245 770 1271 cundi,
788 1245 905 1272 acc-idiota,
922 1245 995 1272 31311,
1012 1245 1095 1273 gulosi,
1112 1244 1259 1272 1356111,1131-

693 1284 752 1307 versi
771 1285 814 1306 000
831 1291 842 1306 3
857 1297 887 1300 —-
900 1284 998 1312 Quinam
1016 1290 1067 1306 eam
1085 1286 1258 1312 consequantur

692 1323 721 1346 iti.
739 1330 750 1345 a
770 1323 784 1346 b

739 1376 769 1380 —
787 1364 946 1385 tIommunitas
971 1364 1094 1386 Beatorum
1120 1362 1258 1385 describitur

691 1403 736 1425 sub
754 1404 889 1431 metaphora
907 1403 1005 1425 civitatis
1022 1409 1033 1424 a
1053 1403 1100 1425 Deo
1117 1402 1258 1425 descenden-

691 1442 719 1465 tis
735 1446 757 1464 et
774 1443 802 1464 ad
826 1443 898 1465 Deum
921 1442 1057 1464 revertentis
1074 1442 1115 1464 601
1138 1448 1149 1464 3
1168 1454 1197 1458 --
1216 1442 1258 1463 Va-

691 1482 737 1503 riae
754 1482 915 1509 explicationes
927 1481 981 1504 ibid.
995 1494 1024 1498 —
1036 1481 1122 1504 Civitas
1135 1482 1256 1503 Beatorum

691 1524 765 1549 potest
782 1521 922 1543 considerari
949 1524 973 1543 ut
995 1521 1018 1543 in
1040 1521 1108 1543 636115
1130 1520 1257 1547 aedificata,

691 1561 714 1582 111
727 1561 792 1582 terris
805 1561 906 1587 mndata,
919 1560 946 1582 ad
962 1561 1034 1582 Deum
1047 1560 1178 1582 reducenda
1189 1560 1229 1581 601
1244 1566 1256 1581 3

738 1612 767 1616 -
786 1600 908 1622 Beatorum
927 1600 1007 1622 civitas
1025 1606 1036 1621 a
1050 1599 1127 1621 Verbo
1140 1600 1256 1621 incarnato

690 1639 1020 1668 (1113011101-1111161·3601063101
1030 1645 1071 1667 per
1081 1639 1178 1666 gratiam
1190 1639 1233 1661 602
1241 1638 1256 1660 b

689 1691 720 1695 —
737 1679 811 1708 Aliqui
828 1679 943 1705 dixerunt,
964 1679 1027 1707 quod
1050 1679 1126 1700 anima
1149 1678 1256 1705 dispone-

690 1717 757 1740 batur
774 1719 802 1740 ad
822 1718 995 1745 beatitudinem,
1012 1717 1106 1746 quando
1119 1718 1142 1739 in
1154 1717 1203 1745 ipsa
1217 1717 1257 1739 de-

689 1757 833 1780 scribebatur
851 1758 985 1779 unirersum
1004 1763 1054 1779 esse
1072 1756 1116 1778 504
1136 1756 1150 1778 b
1169 1769 1198 1772 —-
1216 1758 1255 1778 lm-

690 1797 799 1824 possibile
816 1800 860 1825 est,
872 1797 974 1819 animam
987 1802 1038 1819 esse
1050 1796 1149 1822 beatam,
1161 1796 1204 1819 nisi
1218 1796 1256 1818 tiat

689 1836 710 1858 111
729 1842 755 1858 63
773 1836 852 1864 triplex
870 1836 994 1864 descriptio
1011 1835 1065 1858 ibici.

733 1888 765 1892 —
777 1876 921 1898 credentium
934 1878 968 1898 est
976 1876 1007 1898 de
1018 1876 1065 1897 Deo
1077 1875 1165 1902 audire,
1178 1878 1256 1897 tenen-

689 1915 745 1938 tium
764 1921 820 1937 vero
838 1915 914 1943 ipsum
932 1915 1012 1937 videre
1030 1915 1075 1937 328
1093 1914 1108 1936 b
1120 1919 1254 1937 —aeterna

688 1955 791 1977 consistit
813 1955 834 1976 111
859 1954 897 1976 Dei
922 1954 1010 1976 visione
1028 1954 1072 1976 277
1092 1953 1114 1975 l).
1131 1954 1175 1976 278
1194 1960 1206 1975 3
1223 1966 1255 1970 ——

688 1995 804 2022 Regnum,
816 1994 838 2016 in
850 1994 916 2016 cuius
925 1994 1014 2015 visione
1025 1993 1167 2016 beatificatur
1177 1995 1254 2021 homo,

688 2034 791 2056 Christus
808 2037 842 2055 est
858 2033 904 2055 730
924 2033 938 2055 b

734 2086 765 2089 —
782 2077 815 2095 est
832 2073 977 2100 intelligentis
995 2076 1017 2094 et
1034 2073 1130 2094 fruentis
1142 2072 1186 2094 449
1199 2079 1210 2094 3
1226 2085 1252 2088 »-

688 2113 811 2141 Quomodo
830 2119 944 2140 ponamur
962 2112 985 2134 in
1002 2116 1060 2134 51310
1086 2112 1196 2134 felicitatis
1219 2118 1253 2133 ac-

688 2155 764 2174 ternae
782 2152 826 2173 698
845 2158 856 2173 a
875 2164 905 2168 —
922 2155 957 2174 est
974 2151 1065 2173 habitus
1083 2152 1105 2173 in
1118 2155 1169 2173 actu
1183 2152 1228 2173 359
1241 2157 1252 2173 3

735 2204 765 2207 -
783 2192 869 2213 Merces
886 2190 1034 2213 beatitudinis
1052 2193 1157 2213 aeternae
1174 2194 1207 2213 est
1220 2197 1253 2212 or-

688 2235 822 2253 namentum
842 2231 977 2258 pretiosum,
995 2231 1135 2258 speciosum,
1158 2231 1253 2252 honora-

688 2269 739 2296 bile,
761 2269 935 2297 incorruptibile
957 2269 1001 2291 487
1019 2268 1042 2291 b.
1060 2269 1104 2290 488
1122 2276 1133 2290 a
1152 2282 1181 2284 —
1201 2269 1252 2291 Vita

688 2308 754 2331 beata
777 2311 811 2330 est
835 2309 942 2336 gloriosa,
968 2308 1099 2334 victoriosa,
1124 2307 1252 2336 tranquilla,

687 2348 804 2376 opulenta,
826 2348 942 2374 deliciosa,
965 2348 1105 2375 sempiterna
1129 2347 1173 2369 600
1192 2353 1204 2368 3
1221 2359 1253 2363 --

687 2388 809 2409 Beatorum
828 2387 916 2414 civitas,
929 2387 949 2409 in
962 2390 1074 2416 quantum
1093 2387 1114 2408 in
1132 2387 1201 2409 caelis
1218 2393 1252 2408 ae⁷

686 2427 787 2453 dificata,
795 2427 853 2449 inter
862 2427 939 2449 omnia
950 2427 996 2449 Deo
1006 2430 1039 2448 est
1050 2426 1174 2454 proximior
1189 2427 1224 2447 101
1239 2432 1251 2448 3

686 2478 717 2482 -
734 2467 794 2488 flacc
811 2466 892 2488 civitas
909 2469 943 2488 est
960 2466 1068 2494 gloriosa,
1084 2466 1196 2494 speciosa,
1212 2466 1252 2488 de—

686 2506 771 2531 liciosa,
789 2506 896 2533 opulenta
915 2505 969 2528 ibid.
982 2518 1012 2522 --
1026 2506 1097 2527 Tanta
1111 2506 1153 2527 erit
1165 2505 1195 2527 ibi
1208 2512 1252 2533 pax

686 2548 708 2566 et
726 2545 864 2572 pulcritudo,
881 2545 944 2574 (111οο
962 2545 1016 2567 nihil
1033 2546 1076 2567 erit
1099 2545 1140 2567 nisi
1162 2545 1251 2571 dulcor,

686 2584 740 2612 quia
759 2587 802 2606 tota
820 2585 863 2607 erit
880 2585 946 2612 plena
965 2584 1052 2607 deliciis
1070 2585 1114 2606 270
1132 2591 1144 2606 3

733 2636 763 2640 --
782 2625 804 2646 ln
822 2624 870 2652 ipsa
890 2625 949 2646 nulla
967 2628 1001 2646 est
1018 2624 1166 2649 variabilitas.
1190 2625 1249 2646 nulla

685 2664 819 2691 temporalis
835 2664 952 2686 successio
970 2665 1013 2686 359
1033 2670 1044 2685 3
1062 2677 1092 2679 -
1105 2667 1139 2686 est
1151 2667 1251 2690 aeterna,

686 2705 746 2726 nullo
765 2703 835 2726 modo
852 2704 959 2726 intercisa
976 2704 1020 2725 623
1039 2710 1050 2725 a
1063 2716 1094 2720 —
1107 2704 1168 2725 Beati
1179 2704 1249 2725 1113111

685 2743 775 2766 beatam
798 2743 876 2771 adepti
899 2746 951 2765 sunt
976 2742 1155 2765 inamissibiliter
1173 2743 1217 2764 606
1236 2743 1250 2764 b

683 2795 714 2799 —
731 2783 794 2805 Beati
811 2783 902 2804 vinculo
920 2782 1073 2804 indissolubili
1091 2781 1252 2804 adhaerebunt

683 2828 776 2844 summo
793 2825 816 2844 ct
832 2821 1015 2844 incommutabili
1034 2822 1096 2843 Bono
1115 2822 1144 2843 26
1163 2821 1177 2843 1)

730 2874 761 2878 -
778 2861 883 2883 accendit
905 2860 1108 2888 concupiscibilem
1129 2861 1172 2882 410
1190 2867 1202 2882 3
1219 2873 1250 2877 -

684 2901 784 2923 excludit
801 2901 925 2923 vanitatem
943 2899 997 2923 ibid.
1015 2913 1044 2916 —
1063 2901 1084 2922 ln
1106 2900 1180 2922 Beatis
1199 2906 1251 2922 613-

684 2943 765 2962 cuatur
782 2940 839 2962 fides
858 2946 898 2967 per
916 2940 1037 2967 vistonem,
1055 2945 1108 2967 spes
1121 2946 1162 2967 per
1175 2940 1251 2961 tentio-

684 2986 745 3006 nem,
768 2980 851 3001 caritas
869 2980 921 3001 viae
939 2978 1056 3006 perficitur
1073 2985 1115 3006 per
1132 2979 1249 3000 caritatem

684 3019 772 3046 gloriae
791 3018 835 3041 449
854 3019 868 3040 b
885 3031 916 3035 --
933 3019 1055 3040 Beatorum
1080 3021 1167 3040 mentes
1185 3018 1251 3040 mira-

1824 230 1859 257 83

1555 499 1604 520 Blil.

1297 536 1370 559 biliter
1396 540 1418 559 et
1441 536 1583 560 inestabititcr
1606 537 1726 565 fulgebunt
1752 538 1805 561 ibid.
1831 551 1861 555 —

1296 576 1371 604 Quare
1389 576 1450 598 Beati
1469 576 1573 598 dicantur
1590 577 1676 599 similes
1694 578 1787 605 Angelis
1805 579 1833 600 26
1846 578 1861 600 b

1295 628 1325 631 —
1344 615 1404 637 Beati
1424 622 1464 643 per
1482 616 1557 637 stellas
1576 616 1731 643 intelliguntur
1749 618 1793 638 (192
1811 623 1822 638 3

1342 667 1372 671 -
1390 655 1504 682 Sapientia
1523 655 1600 677 divina
1619 656 1727 683 proponit
1745 657 1861 678 156311513-

1295 694 1369 716 1101165
1385 696 1489 716 aeternas
1506 694 1534 716 ad
1554 695 1755 722 contemplandum
1769 695 1861 723 triplici-

1295 736 1328 755 ter
1346 733 1374 755 26
1393 740 1404 754 3
1423 746 1451 749 —-
1471 733 1531 755 Deus
1548 740 1572 755 se
1584 734 1740 756 communicat
1753 735 1860 757 1363115111

1294 772 1327 794 eis
1345 772 1470 795 habitando
1488 779 1528 800 per
1546 773 1643 800 gloriam
1663 773 1706 795 420
1726 773 1740 795 b
1757 786 1788 790 —
1801 774 1861 796 Deus

1295 811 1410 834 distillabit
1422 811 1443 833 in
1454 818 1539 839 corpus
1550 816 1572 834 et
1582 812 1681 834 animam
1691 813 1828 835 suavitatem
1839 817 1861 835 et

1294 850 1469 873 delectationem
1494 854 1630 879 perpetuam
1653 852 1729 874 onmia
1753 852 1860 874 exceden-

1295 892 1340 911 tem
1358 890 1387 911 72
1406 896 1417 912 3
1435 902 1466 906 --
1483 890 1551 912 Filius
1568 897 1591 912 se
1610 891 1791 918 repraesentabit
1808 892 1860 913 Bea-

1295 929 1321 951 tis
1339 929 1398 951 sicut
1419 930 1539 957 speculum
1563 930 1715 952 clarissimum
1734 931 1774 951 601
1798 930 1812 952 b
1832 944 1859 946 —

1294 968 1392 995 Spiritus
1409 970 1431 990 5.
1449 968 1523 990 Beatis
1546 969 1624 991 intime
1647 969 1794 997 coniungitur
1815 970 1859 991 602

1294 1013 1306 1028 3
1326 1019 1357 1022 -
1380 1007 1440 1029 Beati
1464 1008 1544 1035 illapsu
1569 1008 1666 1035 Spiritus
1687 1010 1708 1030 S.
1726 1009 1859 1031 reficiuntur

1293 1048 1315 1068 et
1332 1046 1481 1068 laetificantur
1499 1045 1551 1069 ibid.
1574 1059 1604 1062 —
1628 1047 1750 1075 Quomodo
1774 1048 1859 1070 diversi

1293 1085 1385 1107 ordines
1402 1085 1524 1108 Beatorum
1547 1086 1674 1108 doceantur
1691 1090 1713 1108 61
1735 1090 1859 1114 pascantur

1293 1131 1304 1146 a
1323 1124 1412 1147 Christo
1431 1126 1470 1147 301
1494 1125 1515 1147 b.
1535 1126 1579 1147 302
1597 1132 1618 1147 a.
1637 1126 1680 1147 402
1699 1132 1718 1151 3,
1738 1126 1760 1148 b.
1780 1127 1823 1148 422
1837 1127 1858 1148 b.

1294 1164 1337 1186 444
1357 1164 1371 1186 b

1339 1215 1370 1219 —
1387 1204 1448 1226 Beati
1466 1204 1585 1232 possident
1607 1205 1680 1226 Deum
1699 1208 1721 1226 et
1743 1205 1860 1232 possiden-

1292 1246 1329 1265 tur
1346 1242 1376 1265 ab
1393 1249 1420 1265 eo
1439 1244 1483 1265 630
1501 1242 1515 1265 b
1535 1256 1563 1258 —
1587 1244 1646 1265 Beati
1670 1244 1763 1266 laudant
1787 1245 1858 1266 Deum

1292 1285 1314 1305 et
1331 1282 1360 1304 ab
1378 1283 1429 1310 ipso
1446 1283 1568 1305 laudantur
1586 1283 1626 1305 601
1650 1282 1664 1304 b
1681 1295 1711 1299 —
1725 1284 1745 1305 111
1759 1284 1802 1306 hoc
1814 1290 1859 1306 313-

1292 1322 1352 1344 xime
1369 1322 1471 1344 consistit
1488 1328 1569 1344 eorum
1588 1323 1660 1350 gloria
1678 1322 1732 1345 ibid.

1339 1374 1369 1377 -
1382 1362 1444 1383 Beati
1456 1368 1549 1389 semper
1560 1365 1628 1384 erunt
1639 1362 1660 1384 in
1673 1362 1781 1384 continua
1792 1362 1859 1385 laude

1293 1404 1316 1423 et
1341 1401 1507 1428 glorificatione
1532 1401 1576 1422 359
1602 1407 1622 1423 a.
1649 1401 1692 1423 409
1720 1407 1732 1423 a
1749 1414 1779 1417 —
1796 1402 1858 1424 Beati

1291 1446 1372 1462 omnes
1400 1440 1508 1462 continue
1533 1441 1634 1467 laudaut,
1664 1441 1811 1468 magnificant
1836 1445 1858 1463 et

1291 1479 1388 1501 adorant
1406 1480 1528 1502 Dominum
1548 1480 1588 1501 601
1610 1486 1621 1501 3
1641 1492 1670 1495 -
1684 1480 1743 1502 Beati
1758 1483 1858 1502 contem-

1291 1518 1392 1546 platione
1409 1519 1529 1541 elevantur
1547 1519 1575 1541 ad
1588 1519 1716 1541 contuitum
1731 1520 1858 1541 Divinitatis

1291 1558 1335 1579 358
1354 1558 1368 1579 b
1389 1571 1415 1573 —
1434 1558 1495 1580 Beati
1513 1561 1630 1585 ponuntur
1648 1559 1671 1580 in
1689 1559 1752 1580 caeto
1764 1559 1793 1580 ad
1806 1565 1859 1581 con-

1291 1597 1449 1625 templandum
1473 1597 1621 1619 immobiliter
1642 1598 1767 1620 claritatem
1787 1598 1857 1620 Deita-

1291 1636 1318 1659 tis
1336 1637 1365 1658 26
1384 1636 1398 1658 b
1416 1649 1446 1653 —-
1465 1637 1524 1658 Beati
1542 1638 1617 1659 solum
1634 1637 1712 1659 intenti
1730 1641 1783 1659 sunt
1800 1637 1857 1659 divi-

1290 1682 1332 1698 nae
1349 1676 1456 1698 suavitati
1473 1675 1528 1698 ibid.
1545 1688 1575 1692 —
1593 1677 1652 1698 Beati
1668 1676 1782 1705 quidquid
1802 1676 1855 1699 boni

1289 1715 1375 1737 habent
1398 1716 1421 1737 in
1444 1715 1545 1743 primum
1572 1716 1710 1743 principium
1737 1717 1856 1738 resolvunt

1290 1755 1334 1776 198
1352 1754 1375 1776 b.
1394 1754 1437 1776 409
1455 1761 1466 1776 3
1485 1767 1516 1771 —-
1533 1755 1595 1776 Beati
1612 1761 1693 1777 omnes
1705 1759 1771 1777 erunt
1783 1756 1855 1777 omni-

1290 1797 1394 1822 potentes
1411 1794 1533 1816 voluntatis
1549 1800 1605 1816 suae
1624 1794 1667 1816 488
1685 1801 1698 1816 3

1337 1846 1366 1849 —
1383 1835 1444 1856 luxta
1463 1834 1645 1862 uniuscuiusque
1664 1834 1722 1856 Beati
1741 1835 1854 1862 capacita-

1289 1876 1334 1895 tem
1358 1873 1487 1895 infunditur
1509 1873 1608 1896 dulcedo
1631 1876 1653 1895 et
1669 1874 1760 1896 claritas
1777 1874 1822 1895 602
1840 1874 1854 1895 b

1288 1925 1318 1929 —
1337 1913 1455 1935 Beatitudo
1481 1919 1527 1935 non
1553 1917 1681 1935 coarctatur
1708 1913 1855 1936 multitudine

1288 1952 1457 1980 possidentium
1476 1952 1520 1974 409
1533 1958 1544 1974 3
1559 1965 1586 1968 -
1600 1953 1748 1980 singulorum
1761 1953 1855 1980 propria

1288 1998 1329 2020 per
1346 1992 1463 2014 caritatem
1490 1993 1547 2014 liunt
1571 1993 1702 2014 communia
1729 1992 1773 2014 653
1793 1992 1807 2013 b
1824 2004 1855 2008 ——

1288 2032 1350 2054 Beati
1374 2036 1461 2053 tantum
1489 2032 1591 2059 gaudent
1616 2032 1645 2054 de
1671 2031 1731 2053 bono
1756 2032 1854 2059 proximi

1287 2074 1399 2099 quantum
1418 2071 1447 2093 (16
1465 2071 1526 2093 bono
1545 2071 1640 2099 proprio
1659 2071 1701 2093 409
1721 2077 1740 2096 a,
1760 2071 1774 2093 b

1334 2122 1365 2126 —
1383 2110 1568 2138 Uniuscuiusque
1591 2111 1729 2132 conscientia
1753 2110 1781 2132 ab
1800 2117 1855 2132 uno-

1287 2155 1382 2178 quoque
1400 2150 1521 2172 Beatorum
1538 2153 1691 2177 cognoscetur
1709 2151 1752 2171 002
1771 2156 1782 2171 3

1335 2202 1365 2205 -
1384 2189 1444 2211 Beati
1462 2189 1621 2217 susceptibiles
1633 2193 1682 2211 sunt
1697 2189 1801 2216 laetitiae,
1813 2189 1853 2211 sed

1287 2235 1331 2251 non
1351 2229 1453 2251 tristitiae
1478 2229 1523 2250 369
1542 2229 1556 2250 b
1574 2241 1603 2244 μ
1622 2229 1683 2250 Beati
1709 2229 1781 2250 iuvari
1809 2235 1853 2250 nou

1287 2268 1390 2296 indigent
1408 2269 1453 2290 606
1472 2267 1487 2289 b

1333 2320 1362 2323 —
1381 2308 1503 2330 Beatorum
1521 2311 1610 2329 mentes
1627 2314 1652 2329 cx
1671 2308 1767 2329 naturali
1792 2308 1852 2329 incli-

1287 2347 1377 2369 natione
1394 2347 1423 2369 ad
1441 2353 1526 2374 corpus
1543 2347 1695 2373 retardantur,
1712 2353 1741 2368 ne
1753 2349 1812 2368 totae
1824 2348 1853 2368 fe-

1286 2390 1365 2408 rantur
1382 2386 1404 2408 in
1432 2386 1504 2408 Deum
1523 2387 1568 2408 690
1586 2392 1597 2407 3
1615 2398 1646 2402 -
1664 2386 1741 2408 Sancti
1766 2386 1852 2407 habent

1286 2429 1417 2453 respectum
1441 2426 1469 2447 ad
1493 2431 1585 2447 carnem
1611 2428 1705 2452 propter
1723 2425 1850 2452 appetitum

1286 2471 1411 2492 corporum
1434 2471 1530 2487 suorum
1553 2466 1597 2486 283
1615 2471 1626 2486 a
1647 2477 1674 2480 --
1693 2465 1812 2487 Beatitndo
1830 2465 1850 2487 in

1286 2505 1453 2527 resurrectione
1479 2507 1653 2527 consummatur
1681 2505 1725 2525 270
1743 2510 1754 2525 3
1776 2517 1798 2519 -
1822 2505 1851 2526 Ex

1287 2544 1419 2572 plenissima
1437 2543 1578 2566 beatitudine
1596 2544 1685 2565 animae
1703 2544 1818 2565 redundat
1829 2544 1850 2565 in

1285 2590 1370 2611 corpus
1389 2583 1508 2611 plenitudo
1525 2583 1628 2605 sanitatis
1646 2583 1689 2605 419
1708 2589 1719 2604 3
1732 2595 1762 2599 -
1775 2584 1791 2604 Α
1805 2589 1852 2604 cor-

1286 2623 1382 2652 poribus
1400 2624 1520 2645 Beatorum
1541 2623 1561 2644 in
1581 2623 1748 2644 resurrectione
1760 2628 1851 2644 3111016-

1286 2663 1347 2685 bitur
1364 2663 1439 2685 omnis
1456 2663 1559 2684 defectus
1582 2662 1688 2684 miseriae
1706 2662 1733 2683 46
1754 2662 1767 2683 b
1785 2673 1816 2677 —
1833 2664 1849 2683 A

1285 2703 1423 2730 corporibus
1450 2702 1573 2723 electorum
1601 2701 1748 2723 amovebitur
1776 2701 1851 2722 onmis

1285 2742 1427 2767 deformitas,
1455 2741 1555 2767 tarditas,
1582 2741 1708 2766 infirmitas,
1734 2741 1851 2768 corruptio

1286 2782 1330 2804 333
1349 2788 1360 2803 3
1379 2794 1406 2798 -
1429 2781 1486 2803 Vide
1504 2781 1530 2802 V.
1550 2780 1645 2803 Caelum
1664 2784 1686 2802 et
1704 2780 1795 2803 Gloria.

1333 2833 1363 2837 —
1380 2821 1498 2849 Quaenam
1513 2826 1583 2848 regna
1597 2820 1694 2842 vicerint
1705 2820 1767 2841 Beati
1780 2820 1825 2841 607
1838 2826 1849 2841 3

1331 2873 1362 2876 —
1380 2861 1534 2882 Beatitudines
1556 2860 1712 2887 intelliguntur
1735 2866 1776 2887 per
1793 2859 1849 2881 ostia

1284 2900 1376 2922 Assueri
1394 2900 1439 2921 705
1459 2899 1473 2921 b

1332 2939 1454 2961 Bsstissuorn
1472 2951 1502 2955 —-
1520 2943 1553 2961 est
1571 2938 1676 2960 diabolus
1698 2938 1739 2960 194
1757 2945 1768 2960 3

1331 2979 1432 3000 Bathnae
1449 2991 1479 2994 -
1496 2978 1612 3006 quaedam
1636 2978 1738 3000 marinae
1763 2978 1851 3000 catulos

1286 3017 1438 3045 periclitantes
1457 3018 1513 3039 intra
1531 3017 1619 3039 viscera
1638 3018 1760 3045 recipiunt,
1777 3017 1850 3039 donec
