2269 3448
657 214 754 242 INDEX
778 214 1017 242 ALl'llABETlCUS
1040 213 1116 242 NONl
1140 213 1327 241 VOLUMlNlS.

363 255 421 277 Nox

107 296 233 318 adventum
256 294 337 317 Christi
361 294 441 316 falsum
460 296 493 315 est
510 293 599 315 dicere:
619 292 672 314 nihil

108 334 151 357 sub
169 334 216 356 sole
234 340 321 356 novum
343 332 384 355 134
403 333 418 355 1)

154 374 199 396 Nox
218 386 247 389 —-
265 372 379 400 significat
396 372 549 399 ignorantiam
567 371 596 393 20
615 377 627 392 3
643 383 672 387 -

107 413 214 440 ‹tesignat
230 415 314 435 statum
333 411 459 439 praesentis
478 410 583 433 miseriae
601 410 641 432 341
659 409 673 432 b

154 452 268 475 Nutu-:cum
287 463 317 467 —
336 457 361 473 cx
381 454 439 473 terra
451 450 536 478 oritur,
549 450 588 472 sed
601 456 671 477 supra

107 494 191 514 terram
209 491 312 512 eiciatur
325 490 370 512 300
382 497 393 512 a
407 502 437 506 --
449 490 556 516 designat
573 490 673 511 animam

107 531 260 553 continentem
279 529 332 551 ibid.

155 569 226 592 Neues
242 581 272 585 —
289 572 412 596 generatur
429 575 455 590 ex
474 567 601 596 vaporibus
619 567 674 595 igni·

107 609 147 636 us,
166 608 286 631 subtiliatis
303 610 322 629 et
342 607 436 629 clevatis
459 607 503 629 530
523 606 536 629 b
554 619 584 623 —
606 606 675 629 habet

108 649 129 670 in
147 654 171 670 se
188 653 288 675 vapores
301 647 437 673 reconditos,
450 653 477 668 ex
493 646 579 675 quibus
597 652 674 674 proce·

107 688 166 710 dunt
181 687 272 715 pluviae
289 690 311 709 et
328 687 426 709 tonitrua
440 687 484 708 322
498 685 512 708 b
524 698 555 702 —
568 686 674 713 Vapores

107 727 158 750 salsi
176 730 199 749 et
210 726 282 748 amari
295 726 317 748 in
330 732 355 748 ea
369 729 534 748 convertuntur
547 725 569 747 in
582 725 673 747 dulcem

107 766 210 794 pluviam
229 766 273 787 658
288 765 301 787 b
314 778 343 781 -—
357 765 469 793 Distingui
488 767 583 792 possunt
600 764 674 786 nubes

107 805 237 828 materiales
249 808 271 827 ct
283 804 412 832 spirituales
425 804 469 825 226
483 803 497 825 b
509 815 540 820 —
552 804 615 832 Quae
633 809 674 831 per

108 838 169 873 ipsas
195 844 322 866 efficiantur
348 842 401 865 ibid.
428 856 458 859 —
484 843 600 865 Debemus
623 849 673 865 esse

107 883 181 906 nubes
198 883 325 911 gratiosae,
343 889 388 904 non
408 882 547 911 procellosae
559 882 604 904 658
617 881 632 904 b

154 935 185 939 —
202 923 309 950 designat
326 922 449 950 puritatem
473 921 576 949 Virginis
601 921 675 943 conci-

107 962 191 991 pientis
208 963 237 984 32
255 961 270 983 b
288 974 315 977 -—
334 961 391 983 Octo
409 961 497 988 figurae
515 960 583 982 nubis
607 960 675 988 signi-

106 1002 175 1024 flcaut
192 1001 319 1023 adventum
337 1000 419 1023 Christi
433 1000 455 1022 in
468 1003 559 1022 uterum
574 999 674 1027 Virginis

107 1044 129 1063 et
146 1041 175 1063 ad
188 1041 298 1063 iudicium
312 1040 341 1062 40
354 1046 366 1062 a
378 1052 407 1055 —
419 1039 542 1067 designant
560 1039 675 1067 poeniten-

107 1083 141 1103 tes
157 1080 294 1108 incipientes
320 1079 364 1102 529
388 1079 403 1101 b
425 1091 456 1095 —
473 1078 579 1107 designat
603 1079 673 1106 pieta-

107 1123 153 1143 tem
179 1120 224 1142 302
248 1119 263 1142 b
280 1132 311 1136 —
328 1119 434 1147 designat
451 1118 579 1141 doctrinam
598 1118 639 1140 53l
661 1124 673 1140 a

107 1171 137 1176 —
154 1159 260 1187 designat
278 1158 443 1187 plenitudinem
461 1158 548 1186 gratiae
567 1158 595 1180 33
614 1163 626 1179 3

154 1435 327 1458 0000100101-
336 1434 381 1456 Dici
392 1437 531 1462 potest,eam
542 1434 613 1456 solam
624 1439 675 1456 esse

107 1475 216 1497 virtutem
234 1474 297 1496 omni
324 1476 443 1496 creaturae
467 1473 571 1495 rationali
597 1473 674 1501 agenti

107 1514 151 1537 sub
169 1516 281 1542 potestate
304 1513 349 1536 459
374 1519 387 1535 a
412 1525 443 1529 —
461 1513 522 1535 Deus
540 1512 591 1535 fecit
609 1519 672 1535 mun-

107 1553 163 1576 dum
182 1559 227 1576 uno
245 1552 318 1575 verbo
336 1556 358 1575 et
375 1553 454 1575 refecit
471 1558 525 1574 cum
543 1558 626 1580 magna
646 1553 675 1574 fa-

109 1593 230 1621 tigatione,
249 1595 273 1614 ut
289 1592 355 1614 daret
372 1592 503 1620 exemplum
529 1591 674 1614 obedientiae

108 1631 153 1654 504
171 1638 183 1654 a
200 1644 231 1648 —
247 1632 361 1659 originem
380 1630 449 1653 habet
461 1637 487 1653 ex
500 1631 612 1653 memoria
626 1636 674 1658 pas-

107 1671 180 1694 sionis
197 1671 280 1693 Christi
297 1670 350 1693 ibid.
368 1683 399 1686 —
414 1671 471 1699 Quia
483 1670 553 1692 Filius
566 1670 606 1692 Dei
618 1669 675 1691 eius-

107 1717 153 1740 que
170 1711 240 1733 Mater
257 1713 409 1733 servaverunt
424 1709 587 1736 obedientiam,
599 1712 621 1731 et
633 1715 674 1731 nos

107 1756 159 1773 eam
181 1756 275 1773 servare
294 1749 407 1772 debemus
429 1749 474 1771 522
492 1748 507 1771 b
524 1761 555 1765 —
572 1748 675 1771 Christus

108 1789 220 1812 obediens
237 1796 311 1818 usque
329 1789 358 1811 ad
377 1791 474 1811 mortem
487 1788 554 1811 docet
566 1794 609 1810 nos
621 1787 674 1810 obe-

108 1829 218 1852 dientiam
236 1829 266 1851 54
284 1835 295 1850 a

156 1881 186 1885 —
204 1868 283 1891 Mentis
299 1867 427 1890 sollicitudo
445 1873 486 1889 nos
507 1866 572 1895 ponit
589 1867 612 1889 in
637 1866 673 1888 via

109 1907 255 1930 obedientiae
285 1908 325 1929 12⁵3
343 1913 355 1929 a
373 1919 404 1923 —
421 1907 443 1929 in
469 1907 546 1929 anima
564 1912 588 1928 se
606 1905 675 1928 habet

109 1947 139 1970 ad
156 1947 252 1970 modum
270 1947 328 1969 lucis
346 1947 389 1969 Ἰ182
408 1946 423 1968 1)
444 1959 475 1963 -
492 1945 634 1974 significatur
651 1945 675 1967 in

109 1986 172 2009 bove
188 1986 233 2009 648
251 1993 264 2008 a

156 2039 187 2043 —
204 2026 252 2048 Non
270 2029 304 2048 est
321 2028 425 2048 creatura
443 2026 472 2047 ita
491 2024 569 2052 hebes,
582 2024 639 2053 quin
651 2024 672 2046 in

109 2066 177 2094 plena
190 2065 320 2088 obedientia
332 2065 426 2087 obediat
439 2065 497 2092 Deo,
509 2067 603 2092 excepta
615 2070 676 2086 crea-

109 2108 160 2127 tura
186 2105 289 2127 rationali
315 2105 360 2126 504
386 2110 397 2126 3
422 2117 449 2120 -
474 2104 527 2126 Sine
544 2103 675 2126 obedientia

110 2145 180 2166 homo
198 2150 317 2173 nunquam
343 2150 355 2165 a
382 2144 428 2166 Deo
447 2144 585 2170 honoratur,
604 2143 676 2165 immo

110 2190 153 2212 pro
170 2184 239 2206 nihilo
257 2185 376 2211 reputatur
393 2183 438 2205 386
456 2188 469 2204 a
486 2195 515 2198 —
528 2186 589 2204 arcta
602 2185 636 2204 est
652 2182 675 2204 in

111 2223 238 2251 principio,
256 2223 297 2245 sed
314 2222 390 2250 ampla
413 2222 434 2244 in
453 2222 529 2244 medio
551 2222 595 2243 300
614 2220 629 2243 1)
646 2234 676 2236 -

110 2262 239 2291 aliquorum
258 2264 293 2284 est
309 2261 374 2284 tarda
391 2266 413 2283 et
430 2260 552 2283 imbecillis
570 2260 614 2282 440
627 2266 639 2282 a

160 2314 187 2317 —
205 2300 304 2324 debetur
320 2307 366 2323 non
389 2303 476 2322 tantum
500 2300 629 2328 praeceptis
646 2299 677 2321 di-

110 2341 182 2367 vinis,
200 2341 241 2363 sed
259 2341 327 2363 etiam
345 2340 445 2362 consiliis
462 2339 502 2361 Dei
515 2342 537 2361 et
549 2338 677 2366 beneplaci-

112 2380 139 2403 tis
156 2381 201 2402 325
219 2379 234 2401 b
254 2393 279 2395 —
300 2380 399 2407 perfecta
418 2378 520 2401 consistit
539 2378 560 2400 in
582 2378 677 2400 manda-

111 2422 187 2442 torum
204 2419 339 2447 impletione
351 2421 372 2440 et
383 2418 530 2441 consiliorum
544 2418 678 2446 erogatione

112 2459 156 2482 440
174 2465 186 2481 a
199 2471 229 2475 —
242 2459 342 2486 perfecta
361 2458 413 2480 facit
430 2460 564 2485 promptum
582 2456 678 2479 obedire

111 2499 180 2521 etiam
203 2498 302 2521 consiliis
323 2498 364 2519 681
390 2497 405 2519 b
426 2510 457 2513 —
480 2497 542 2519 Hanc
568 2496 679 2525 prompti-

112 2538 215 2561 tudinem
242 2544 288 2559 non
307 2536 376 2559 habet
401 2537 443 2559 nisi
465 2537 506 2565 qui
528 2539 623 2564 paratus
645 2539 678 2558 est

112 2577 208 2600 subesse
233 2577 301 2599 etiam
327 2576 473 2599 inferioribus
498 2575 552 2599 ibid.
577 2588 607 2592 —
632 2576 678 2597 Deo

112 2619 146 2639 est
163 2616 282 2644 potissime
299 2615 468 2642 obediendum,
480 2616 575 2644 quando
586 2622 629 2638 nos
646 2621 678 2637 re-

113 2659 181 2678 vocat
202 2662 214 2677 a
232 2655 397 2684 pompositate,
421 2655 560 2683 cupiditate,
583 2655 677 2677 carnali-

113 2697 158 2717 tate
178 2695 223 2717 507
241 2701 253 2717 3
276 2708 305 2710 -
329 2694 363 2717 Ad
387 2695 443 2716 haec
466 2695 505 2716 tria
529 2695 678 2723 requiruntur

113 2733 168 2757 ibid.

162 2786 190 2789 —
208 2773 257 2795 Non
275 2773 349 2795 solum
368 2773 391 2795 in
408 2773 443 2795 his
460 2779 519 2801 quae
541 2779 678 2801 possumus,

113 2812 155 2835 sed
172 2813 240 2835 etiam
258 2813 281 2834 in
298 2813 333 2834 his
345 2819 405 2841 quae
423 2818 466 2834 non
480 2818 614 2841 possumus,
627 2812 679 2834 obe-

114 2852 164 2874 dire
181 2851 295 2874 debemus
312 2852 356 2874 522
374 2851 397 2874 b.
420 2864 450 2868 —
473 2852 607 2880 Exemplum
625 2851 679 2875 ibid.

95 2899 97 2901 ¹
114 2903 144 2907 —
161 2897 207 2913 non
224 2894 257 2913 est
280 2891 416 2913 dimittenda
439 2893 534 2919 propter
560 2891 680 2913 difficulta-

115 2933 161 2952 tem
186 2930 219 2952 rei
246 2930 364 2953 faciendae
388 2936 431 2952 nec
455 2934 551 2958 propter
576 2929 678 2953 laborem

116 2970 161 2992 507
178 2976 190 2991 a
208 2982 237 2985 —-
256 2976 313 2997 pura
332 2975 378 2992 non
396 2970 487 2998 quaerit
503 2970 606 2997 lucrum,
624 2970 680 2992 sola-

115 3009 184 3036 tium,
202 3009 313 3031 honorem
332 3009 376 3031 439
396 3008 410 3030 b
427 3021 458 3025 —
474 3009 571 3031 Econtra
596 3009 681 3031 faciunt

755 292 828 314 Nunus
839 304 869 308 —
881 292 961 313 Omnis
974 293 1044 313 homo
1057 291 1152 313 haberet.
1165 298 1272 319 maguam

707 331 876 358 confusionem,
889 332 906 353 si
919 334 979 353 esset
997 331 1073 353 nudus
1091 337 1168 353 cormn
1187 331 1273 358 populo

707 370 752 392 572
771 377 782 391 3

754 409 860 432 Numanus
884 421 915 426 —·
939 410 1039 431 Numero
1062 415 1215 437 umiquaequc
1237 415 1274 431 res

707 449 736 471 ab
754 449 795 471 3113
815 449 962 475 distinguitur
980 449 1024 471 353
1044 448 1058 470 b

755 501 785 505 —
802 488 906 510 senarius
923 491 956 510 est
974 488 1049 516 primo
1069 489 1183 515 perfectus
1200 487 1244 509 646
1261 494 1272 509 a

708 540 737 544 —
755 528 859 550 senarius
877 528 961 554 1111111111
980 527 1143 555 perfectionem
1158 527 1178 549 10
1191 528 1272 549 effectu

707 567 752 589 716
771 573 782 588 3
801 579 830 582 —
850 567 890 589 Per
909 572 1032 588 ntunerum
1051 566 1207 593 septenarium
1228 566 1274 587 1101-

708 606 804 628 versitas
822 606 934 633 fignratur
952 606 996 627 562
1014 612 1025 627 3
1045 617 1074 621 -
1092 605 1200 627 denarius
1218 605 1275 627 desi-

708 648 762 673 gnat
786 645 948 673 perfectionem
973 647 1068 667 naturae
1090 645 1134 666 619
1154 644 1168 666 b
1191 656 1222 660 —
1237 644 1275 666 de-

708 685 786 706 narius
802 684 914 712 siguificat
942 685 1066 712 perfectam
1090 684 1273 706 exercitationem

708 724 730 746 111
748 724 877 752 praeceptis
895 723 940 746 646
958 730 969 746 3
988 736 1018 740 -
1034 723 1161 750 vigesimus
1178 726 1275 746 octavus

707 766 742 786 est
758 763 860 786 secundo
884 764 1000 790 perfectus
1023 762 1075 785 ibid.
1093 775 1123 779 --
1142 762 1275 790 trigesimus

708 803 814 830 designat
831 802 939 824 meritum
958 802 1149 829 coniugatorum,
1162 802 1275 830 sexagesi-

707 848 772 870 mus,
789 841 969 868 coutinentium;
987 841 1137 869 centesimus,
1158 841 1274 869 virginum

707 882 752 903 200
770 887 796 908 3,
815 880 829 903 b
846 893 877 897 —
894 880 1094 909 quadragenarius
1112 883 1146 902 est
1163 886 1275 902 numerus

708 920 896 948 transgressionis
923 922 945 942 et
977 926 1089 942 numerus
1122 919 1275 948 poenitentiae

708 961 754 982 635
780 966 791 982 a
816 972 847 976 —
869 959 1084 988 quinquagenarius
1106 962 1141 981 est
1163 965 1275 981 numerus

709 999 807 1028 Spiritus
825 1000 846 1021 S.
874 999 918 1021 646
936 1005 948 1021 3
967 1011 993 1014 —
1014 998 1074 1027 Quid
1097 998 1226 1026 significent
1242 1004 1275 1021 se-

708 1039 799 1067 xaginta
818 1039 899 1066 fortes,
917 1038 957 1067 qui
983 1038 1089 1060 ambiunt
1113 1038 1196 1060 lectum
1214 1038 1275 1060 Salo-

709 1078 784 1101 monis
801 1077 845 1100 482
865 1078 878 1099 b
897 1090 924 1093 —
943 1077 1089 1100 centenarius
1105 1077 1212 1105 designat
1224 1083 1275 1104 per-

710 1118 830 1140 fectionem
848 1117 935 1145 gratiae
952 1117 997 1138 619
1016 1116 1031 1139 b
1045 1129 1073 1132 —
1086 1116 1226 1139 millenarius
1237 1116 1275 1139 de-

708 1157 784 1185 signat
800 1157 966 1185 perfectionem
986 1157 1072 1184 gloriae
1090 1155 1143 1179 ibid.

972 1289 1014 1336 O

708 1433 811 1456 infideles
828 1432 881 1455 ibid.
894 1445 924 1449 —
936 1435 1044 1461 prompta
1060 1432 1115 1454 nihil
1133 1431 1202 1454 habet
1220 1432 1276 1454 falsi-

708 1473 767 1499 tatis,
785 1472 951 1499 imbecillitatis,
969 1472 1081 1494 tarditatis
1097 1470 1152 1494 ibid.
1173 1484 1201 1487 —
1219 1470 1275 1493 Obe-

707 1512 819 1534 diendum
838 1514 872 1534 est
888 1512 937 1534 sine
954 1511 1141 1538 contradictione,
1154 1511 1203 1533 sine
1216 1517 1275 1533 mur-

709 1558 788 1580 mure,
805 1551 855 1574 sine
873 1558 936 1574 mora
955 1551 1000 1573 247
1018 1557 1038 1577 a,
1057 1550 1071 1573 b

755 1603 785 1607 —
819 1591 860 1613 Per
893 1590 1102 1618 obtemperantiam
1140 1590 1275 1612 humilitatis

708 1630 784 1652 omnia
802 1630 965 1653 reordinantur
988 1630 1011 1652 111
1034 1629 1127 1652 homine
1148 1630 1193 1651 588
1213 1628 1227 1651 b
1243 1641 1275 1645 —

708 1669 818 1698 requitur,
832 1672 857 1692 ut
871 1671 941 1692 homo
959 1672 1058 1692 transcat
1070 1675 1082 1691 a
1095 1669 1192 1697 segnitie
1204 1668 1248 1691 648
1262 1674 1274 1690 a

707 1722 738 1725 —
760 1709 818 1731 Nihil
844 1709 904 1731 valet
929 1709 1016 1737 puritas
1042 1711 1064 1730 et
1089 1708 1200 1731 munditia
1226 1708 1275 1730 sine

708 1748 838 1772 obedientia
865 1748 910 1770 522
934 1748 948 1770 b
971 1760 1001 1764 —
1028 1748 1082 1770 Data
1108 1748 1225 1770 voluntate
1246 1747 1275 1769 ad

708 1788 865 1811 obediendum
892 1788 954 1810 alteri
973 1790 1068 1816 propter
1087 1787 1174 1815 Deum,
1191 1792 1276 1809 munus

708 1828 826 1856 perficitur
850 1827 894 1849 1165
912 1834 923 1849 3
944 1840 972 1842 -
990 1833 1038 1855 res,
1055 1833 1115 1855 quae
1138 1827 1161 1848 in
1187 1832 1211 1848 se
1229 1832 1275 1848 non

708 1868 796 1893 valent,
814 1867 867 1890 facit
884 1867 961 1889 valere
978 1869 1000 1889 et
1018 1866 1147 1888 meritorias
1161 1872 1212 1888 esse
1229 1866 1274 1888 522

708 1907 730 1929 b.
749 1907 793 1929 523
811 1913 824 1929 3
843 1919 872 1922 —
890 1906 997 1934 Exempla
1015 1906 1060 1928 522
1080 1905 1094 1927 b
1111 1918 1141 1921 —
1162 1905 1276 1928 Obedien-

708 1947 752 1969 tiae
769 1946 888 1974 Evangelii
914 1945 1075 1974 promptitudo
1092 1948 1203 1973 operatur
1219 1951 1274 1974 qua-

709 1990 760 2009 tuor
777 1986 837 2008 bona
857 1985 901 2008 435
919 1991 940 2012 a,
958 1985 973 2007 b
990 1997 1021 2001 —
1038 1988 1072 2007 est
1089 1990 1213 2013 nummus,
1231 1990 1275 2013 quo

708 2026 830 2054 paradisus
847 2025 950 2047 caelestis
966 2024 1051 2047 emitur
1072 2024 1114 2046 165
1131 2030 1143 2046 3

755 2078 785 2080 -
803 2065 826 2087 Si
843 2065 896 2093 quis
914 2064 1085 2091 universaliter,
1102 2064 1214 2092 celeriter,
1232 2064 1276 2086 vir-

709 2107 787 2131 tuose,
805 2104 941 2132 simpliciter
959 2107 981 2126 et
998 2106 1091 2125 strenue
1109 2102 1189 2125 obedit
1206 2106 1229 2125 et
1245 2103 1277 2125 ni-

709 2144 740 2166 hil
757 2144 840 2166 omittit
857 2143 886 2165 de
903 2143 1093 2169 circumstantiis,
1111 2142 1181 2165 habet
1193 2143 1276 2164 formo⁴

709 2183 798 2206 sitatem
816 2186 838 2205 et
854 2182 1024 2210 speciositatem
1043 2181 1088 2203 504
1106 2188 1119 2203 a
1137 2194 1167 2198 -
1187 2188 1230 2204 005
1248 2182 1276 2203 fa-

708 2222 739 2244 cit
756 2222 845 2244 Christo
862 2222 993 2243 conformes
1009 2221 1169 2243 conformitate
1189 2220 1277 2248 praeci-

710 2267 755 2288 pua
774 2261 818 2283 212
831 2260 846 2282 b
858 2272 888 2277 —-
900 2266 942 2282 nos
958 2260 1011 2282 facit
1026 2261 1105 2282 fratres
1121 2259 1204 2282 Christi
1222 2258 1277 2281 ibid.

710 2313 739 2316 -
756 2300 855 2322 humiles
872 2302 959 2322 tantum
978 2299 1073 2325 extollit,
1092 2301 1116 2320 ut
1138 2298 1215 2326 potius
1236 2298 1276 2320 Dei

710 2339 777 2361 amici
803 2344 873 2367 quam
901 2338 979 2360 famuli
1005 2338 1183 2360 denominentur
1201 2337 1246 2359 386
1264 2343 1276 2359 3

710 2391 739 2395 -—
757 2378 839 2400 exaltat
863 2378 885 2399 in
912 2377 1026 2405 praesenti
1051 2377 1131 2406 quoad
1148 2377 1208 2399 dona
1226 2382 1277 2404 gra-

711 2418 766 2446 tiae,
784 2418 807 2439 in
826 2418 903 2439 futuro
920 2417 999 2445 quoad
1018 2417 1076 2438 dona
1095 2416 1183 2444 gloriae
1200 2415 1254 2439 ibid.

758 2456 853 2479 Ouinio
870 2468 901 2472 —
923 2455 1070 2478 Oblationum
1094 2455 1202 2483 legalium
1226 2455 1277 2477 finis

711 2499 745 2519 est
761 2496 864 2519 Christus
882 2496 922 2518 641
945 2502 956 2518 3

759 2536 884 2562 0051100100
901 2547 931 2551 -
944 2534 997 2557 illud
1011 2537 1045 2557 est
1056 2533 1199 2561 rationabile,
1213 2533 1276 2563 quod

711 2579 744 2598 est
762 2575 899 2601 discretum,
919 2576 1053 2601 honestum,
1071 2574 1197 2601 devotum,
1215 2573 1278 2601 paci-

712 2615 781 2637 ficum
809 2615 849 2636 178
867 2621 892 2642 a,
912 2613 926 2636 b
948 2626 979 2630 —
1002 2613 1109 2636 divinum
1134 2613 1237 2635 consistit
1255 2612 1276 2634 in

711 2655 772 2677 cultu
790 2653 871 2676 beatae
888 2653 1005 2676 Trinitatis
1022 2659 1075 2675 cum
1098 2656 1187 2680 septem
1206 2652 1276 2674 virtu-

711 2693 773 2716 tibus
790 2694 834 2715 619
853 2700 865 2715 a

758 2733 896 2756 ousriwnus
912 2745 943 2748 —
960 2732 1086 2754 trahendus
1111 2734 1145 2754 est
1162 2731 1191 2753 ad
1209 2731 1277 2753 infer-

712 2779 767 2795 num
786 2772 831 2795 550
850 2771 864 2793 b

759 2811 852 2834 Occasm
869 2823 899 2827 —
912 2811 1031 2838 peccandi,
1043 2810 1084 2832 etsi
1098 2810 1204 2832 videatur
1217 2815 1277 2836 cara,

712 2851 862 2879 relinquenda
888 2853 922 2872 est
939 2850 984 2872 725
1003 2849 1018 2871 b
1035 2861 1066 2865 —-
1083 2849 1124 2871 Per
1151 2849 1277 2871 occasionis

712 2890 859 2913 evitationem
881 2889 1033 2916 exstinguitur
1058 2889 1125 2916 culpa
1150 2888 1193 2910 343
1212 2894 1224 2909 3
1247 2899 1277 2903 —

713 2933 766 2952 sunt
783 2929 849 2958 quasi
866 2929 926 2956 ligna
944 2927 1000 2951 ibid.

760 2969 858 2991 Occasus
874 2980 904 2984 —
921 2970 956 2989 est
972 2967 1090 2989 sinistrum
1108 2967 1164 2989 caeli
1182 2966 1225 2988 323
1244 2972 1256 2987 3

761 3008 870 3030 00010005
888 3020 917 3023 m
935 3007 1042 3034 designat
1059 3007 1133 3028 futura
1153 3006 1197 3028 227
1216 3005 1230 3027 b

1818 215 1870 243 1117

1567 254 1620 275 01AE

1355 292 1450 314 Nomius
1466 304 1496 308 ——
1515 293 1596 314 Parum
1616 293 1674 314 valet
1686 293 1735 314 (lies
1749 293 1801 315 honi
1814 300 1871 315 nun·

1309 330 1342 357 tii,
1369 330 1409 352 nisi
1436 337 1461 352 en
1487 337 1546 359 quae
1576 331 1721 359 nuntiantur,
1750 335 1870 354 serventur

1309 369 1352 391 438
1371 376 1382 391 a

1356 409 1451 431 Nurrixe
1464 421 1493 425 —
1503 409 1624 436 designant
1637 409 1816 432 incarnationem
1828 411 1871 432 385

1307 454 1319 469 3
1333 460 1363 463 -
1375 448 1506 475 spirituales
1518 452 1570 470 sunt
1582 449 1611 470 ‹le
1625 449 1721 470 Domino
1739 452 1760 470 et
1775 450 1871 471 Ecclesia

1312 487 1353 508 136
1366 494 1377 508 3
1392 500 1418 503 —
1434 488 1455 509 ln
1469 487 1516 509 istis
1535 488 1619 515 nuptiis
1637 488 1735 509 Ecclesia
1755 489 1778 509 tlt
1795 489 1871 510 ‹lixina

1308 529 1330 548 ct
1342 526 1445 548 caelestis
1459 525 1513 548 ibid.
1525 539 1555 543 —
1568 530 1673 549 aeternae
1692 527 1786 554 implent
1803 534 1873 550 onine

1307 565 1448 587 desiderium
1476 565 1519 587 429
1543 565 1557 587 b
1574 578 1604 582 —
1622 566 1669 588 Non
1696 565 1809 588 debemus
1832 573 1873 589 nos

1308 604 1350 626 illis
1374 605 1482 632 indignos
1510 605 1607 627 reddere
1633 604 1686 627 ibid.
1714 618 1741 620 —
1766 608 1873 627 aeternae

1308 648 1362 667 sunt
1378 645 1505 672 gloriosae,
1530 644 1661 672 speciosae,
1679 644 1802 666 deliciosae
1819 644 1872 667 ibid.

1310 684 1353 706 430
1371 690 1384 706 3

1356 724 1439 746 Nurmx
1458 735 1486 739 —-
1507 723 1608 750 infringit
1626 729 1707 745 vocem
1725 726 1747 745 ct
1764 723 1873 751 linguam,

1309 766 1333 786 ut
1350 763 1475 785 concordet
1493 763 1543 785 voci
1563 763 1627 790 pueri
1646 763 1686 784 281
1708 769 1720 784 a

1356 803 1402 825 Nux
1424 814 1454 818 —
1478 803 1499 824 ln
1523 808 1581 824 nuce
1604 804 1679 824 cortex
1706 804 1740 824 est
1761 802 1873 829 amarior,

1309 844 1364 864 testa
1382 841 1483 868 dulcior,
1503 842 1596 863 nucleus
1618 841 1722 869 sapidior
1748 841 1792 863 285
1811 841 1825 863 b
1844 854 1872 857 —

1308 881 1404 903 interius
1423 881 1492 903 habet
1514 881 1659 903 dulcedinem
1686 880 1784 903 exterius
1809 880 1874 902 corti-

1309 926 1359 942 cem
1377 926 1480 942 amaram
1499 920 1527 942 64
1541 926 1552 942 3
1566 933 1593 936 -
1607 920 1687 942 Manus
1705 919 1818 942 viridibus
1835 926 1874 941 nu-

1308 959 1374 982 cibus
1391 959 1473 981 tinctae
1494 959 1571 981 multis
1594 959 1717 981 lotionibus
1740 965 1787 981 non
1810 965 1874 981 mun-

1308 999 1392 1021 dantur
1409 999 1449 1021 551
1473 998 1487 1020 b
1504 1011 1535 1015 —
1552 999 1627 1027 signat
1646 999 1696 1021 illos
1713 999 1752 1027 qui
1770 999 1874 1021 devotio-

1308 1044 1361 1060 nem
1375 1037 1461 1060 habent
1473 1038 1532 1060 intus
1545 1038 1566 1060 in
1579 1038 1649 1060 corde
1658 1041 1680 1060 et
1692 1038 1790 1060 exterius
1802 1041 1874 1060 auste-

1308 1077 1398 1099 ritatem
1417 1077 1439 1099 in
1457 1083 1526 1099 carne
1548 1077 1576 1099 64
1594 1083 1606 1099 a
1630 1090 1660 1093 —
1682 1078 1766 1099 Hortus
1788 1083 1873 1099 nucum

1308 1123 1402 1144 sumus,
1420 1116 1438 1138 si
1456 1116 1523 1139 nobis
1540 1119 1574 1138 est
1591 1117 1692 1139 mundus
1704 1122 1809 1143 amarus,
1827 1122 1874 1138 cor-

1310 1162 1353 1184 pus
1370 1156 1475 1183 aridum,
1492 1161 1557 1178 mens
1574 1156 1657 1178 devota
1677 1156 1721 1177 285
1740 1155 1754 1177 1)

1356 1431 1497 1454 ΟετΑνιΑΝυ5
1519 1443 1549 1447 ——
1576 1431 1685 1453 Narratur
1707 1431 1793 1453 dictum
1812 1436 1875 1458 egre-

1309 1470 1373 1499 gium
1391 1471 1487 1493 alicuius
1505 1471 1581 1493 militis
1599 1470 1717 1493 Octaviani
1734 1470 1779 1492 554
1796 1470 1811 1492 b

1356 1510 1441 1533 Ocuws
1463 1522 1494 1527 —
1515 1511 1609 1532 insanus
1635 1512 1707 1536 esset,
1730 1509 1769 1538 qui
1787 1509 1875 1531 habens

1309 1550 1388 1572 oculos
1406 1550 1534 1578 lippientes,
1548 1550 1623 1572 mallet
1637 1555 1677 1571 eos
1691 1549 1792 1571 effodere
1804 1555 1875 1578 quam

1309 1596 1391 1612 curare
1409 1590 1453 1612 288
1472 1596 1482 1612 a
1501 1602 1532 1605 —
1549 1592 1635 1618 quanto
1653 1589 1753 1616 amplius
1764 1588 1876 1610 claudun-

1310 1632 1346 1652 tur
1363 1629 1393 1652 ad
1410 1629 1534 1657 exteriora,
1553 1631 1615 1651 tanto
1638 1628 1713 1655 magis
1738 1628 1873 1655 aperiuntur

1309 1669 1339 1691 ad
1356 1668 1481 1697 spiritualia
1508 1668 1552 1690 364
1577 1667 1591 1689 b
1613 1680 1643 1684 —
1668 1667 1743 1695 Caput
1767 1667 1874 1695 dirigitur

1309 1714 1352 1737 per
1369 1708 1461 1730 oculum
1489 1708 1533 1730 452
1557 1707 1572 1729 b
1593 1720 1624 1723 —
1641 1709 1790 1739 exerceantur
1807 1707 1829 1728 in
1847 1707 1875 1728 10-

1309 1747 1425 1770 ctionibus
1442 1747 1513 1770 sacris
1530 1746 1576 1769 725
1593 1753 1605 1768 a
1619 1759 1648 1763 —
1662 1746 1773 1774 accipitur
1791 1752 1832 1774 pro
1845 1746 1875 1768 in-

1309 1788 1408 1809 tentione
1426 1787 1548 1809 voluntatis
1567 1786 1611 1808 436
1630 1786 1645 1808 1)
1667 1798 1698 1802 -
1716 1786 1794 1808 dexter
1818 1785 1876 1807 desi-

1312 1830 1367 1855 gnat
1394 1826 1545 1849 intentionem
1574 1825 1735 1853 respicientem
1769 1828 1873 1851 aeterna;

1309 1866 1412 1894 sinister,
1435 1865 1597 1894 respicientem
1623 1868 1712 1887 terrena
1739 1864 1785 1887 574
1809 1864 1822 1886 b

1358 1919 1386 1922 —
1406 1905 1513 1928 dicuntur
1530 1905 1604 1932 beati,
1617 1905 1670 1933 quia
1689 1906 1741 1926 sunt
1754 1903 1875 1932 purificati,

1309 1945 1416 1972 revelati,
1434 1944 1542 1972 recreati,
1566 1943 1677 1966 honestati
1702 1943 1742 1965 401
1765 1943 1780 1965 b
1797 1955 1827 1959 -—
1845 1942 1876 1964 di-

1309 1988 1393 2007 cuntur
1411 1984 1483 2012 beati,
1496 1984 1536 2012 qui
1554 1983 1633 2005 vident
1650 1983 1752 2005 divinam
1771 1982 1877 2004 maiesta-

1311 2026 1369 2051 tem,
1395 2023 1534 2050 claritatem,
1559 2023 1709 2049 suavitatem,
1733 2022 1875 2044 sanctitatem

1309 2062 1363 2086 ibid.

1357 2103 1430 2125 001011
1448 2115 1477 2118 -
1495 2104 1530 2124 est
1547 2102 1582 2123 via
1602 2101 1631 2123 ad
1650 2104 1747 2123 mortem
1766 2100 1796 2122 54
1814 2100 1828 2122 b
1848 2112 1875 2115 —

1310 2143 1364 2165 nulli
1381 2145 1416 2164 est
1441 2142 1507 2168 utile,
1533 2141 1574 2163 sed
1600 2141 1709 2163 nocivum
1736 2142 1758 2162 et
1780 2140 1877 2162 mortale

1310 2184 1431 2210 peccatum
1458 2181 1503 2202 289
1522 2180 1536 2202 1)
1553 2193 1583 2196 -
1602 2180 1644 2208 Qui
1670 2180 1719 2201 odit
1744 2179 1875 2207 proximum

1310 2221 1425 2243 homicida
1445 2224 1479 2242 051
1496 2220 1541 2241 396
1560 2226 1572 2241 3

1357 2259 1420 2281 Onon
1440 2272 1468 2274 —
1486 2259 1549 2286 pomi
1567 2258 1663 2286 proiecti
1682 2258 1739 2280 inter
1762 2257 1875 2279 cadavera

1310 2299 1443 2321 animalium
1462 2297 1600 2320 absorbetur
1619 2304 1659 2325 per
1671 2303 1752 2319 eorum
1764 2297 1875 2318 foetorem

1311 2338 1356 2360 542
1374 2337 1389 2360 b
1410 2350 1440 2353 -
1465 2337 1576 2359 Homines
1599 2337 1672 2359 solent
1694 2342 1769 2358 novos
1790 2336 1877 2357 fructus

1310 2377 1410 2399 odorare
1427 2377 1471 2398 209
1489 2383 1501 2398 3

1358 2429 1388 2432 -
1405 2415 1509 2439 Christus
1525 2414 1677 2443 respergebat
1694 2414 1807 2436 mundum
1825 2417 1876 2436 octo

1312 2455 1467 2484 fragrantibus
1484 2454 1595 2477 odoribus
1613 2454 1658 2476 230
1677 2453 1699 2476 b.
1717 2454 1757 2475 231
1780 2459 1792 2475 3

1358 2495 1477 2517 0001111105
1492 2507 1523 2510 —
1546 2493 1696 2516 refrenandus
1719 2496 1753 2515 est
1778 2499 1820 2520 per
1846 2493 1876 2514 fu-

1311 2540 1365 2562 gam
1383 2540 1464 2556 eorum
1482 2539 1542 2562 quae
1554 2538 1647 2555 carnem
1660 2532 1791 2554 accendunt
1802 2531 1847 2553 724
1861 2530 1876 2552 b

1358 2573 1458 2595 Offensa
1475 2585 1507 2588 —
1524 2575 1585 2594 tanta
1601 2574 1648 2598 est,
1665 2574 1766 2600 quantus
1790 2574 1824 2593 est
1842 2570 1877 2592 ille

1310 2613 1349 2641 qui
1368 2612 1490 2634 offenditur
1520 2611 1560 2633 188
1587 2611 1609 2633 b.
1637 2611 1681 2633 383
1706 2610 1727 2632 b.
1751 2610 1796 2632 405
1815 2609 1829 2631 b
1846 2622 1877 2625 -—

1311 2652 1359 2674 Non
1381 2651 1476 2674 offendit
1498 2651 1537 2679 qui
1560 2651 1607 2673 duo
1630 2650 1729 2672 custodit
1755 2649 1794 2671 471
1817 2656 1828 2671 a
1848 2661 1876 2664 —

1311 2691 1411 2720 Quilibet
1428 2690 1527 2717 laboret,
1545 2693 1569 2712 ut
1587 2689 1718 2718 proximum
1740 2695 1787 2710 non
1809 2689 1877 2710 offen-

1311 2731 1350 2753 dat
1367 2730 1396 2753 ib.
1414 2730 1429 2752 b
1446 2742 1476 2747 —
1494 2730 1515 2752 Si
1534 2731 1590 2752 haec
1607 2730 1692 2751 offensa
1717 2728 1740 2750 fit
1763 2734 1788 2750 ex
1815 2728 1876 2755 igno-

1311 2771 1390 2798 rantia,
1409 2772 1443 2792 est
1459 2769 1596 2792 excusabilis
1613 2768 1667 2791 ibid.
1686 2780 1716 2784 —
1733 2767 1821 2795 peccati
1839 2773 1876 2788 ex-

1311 2810 1369 2838 piari
1395 2816 1439 2832 non
1466 2811 1552 2836 potest,
1575 2808 1616 2830 nisi
1640 2807 1776 2829 interveniat
1798 2806 1876 2828 divina

1312 2849 1469 2872 misericordia
1487 2848 1531 2869 662
1550 2854 1561 2869 3

1359 2888 1436 2910 Oteun
1455 2900 1483 2902 —
1501 2890 1535 2909 est
1546 2886 1660 2914 lucidum,
1673 2892 1744 2907 suave
1757 2888 1779 2907 et
1790 2885 1878 2912 pingue

1312 2927 1357 2949 457
1375 2926 1390 2948 b
1402 2939 1433 2943 —-
1444 2928 1469 2948 ut
1481 2925 1646 2948 nutrimentum
1665 2924 1757 2947 luminis
1774 2924 1877 2951 illustrat,

1312 2966 1448 2994 impinguat,
1469 2967 1602 2993 supernatat
1621 2964 1665 2986 547
1682 2963 1697 2986 b
1718 2977 1748 2979 —
1767 2964 1827 2992 lenit,
1845 2969 1878 2985 sa-

1311 3009 1355 3033 nat,
1371 3005 1444 3033 pascit
1461 3007 1483 3027 et
1500 3004 1612 3026 illuminat
1629 3004 1673 3026 532
1692 3003 1707 3025 b
1724 3015 1754 3020 —
1772 3004 1832 3026 valet
1849 3003 1878 3025 ad
