2269 3448
714 225 755 253 DE
778 225 852 252 VI'I'A
875 224 1040 252 sintarine!
1064 224 1235 252 DOC'I'OIIIS.
1816 230 1847 257 (51

97 304 254 333 immediate
277 308 337 341 post
359 305 476 332 relatum
499 304 656 340 Capitulum
678 306 776 331 auctor
798 303 948 331 Chronico-

96 359 159 380 rum
183 351 262 379 xxiv
284 351 458 380 Generalium
489 353 583 379 narret
611 350 644 378 de
672 350 790 387 qnadffln
815 350 946 378 reforma-

96 398 168 426 tione
191 406 240 434 pro
262 397 438 426 studentibus
460 397 651 425 Universitatis
671 397 712 425 his
728 396 857 425 verbis¹z
876 396 947 424 «llic

95 444 236 473 Generalis
259 444 378 473 Parisius
399 444 537 472 ordinavit
560 452 609 480 pro
631 444 808 472 studentibus
830 443 894 471 illuc
914 443 946 471 de

96 495 153 520 toto
174 491 276 520 Ordine
308 491 518 524 accedentibus,
541 491 614 528 quod
647 490 799 519 secundum
824 494 945 527 quatuor

95 538 233 567 octavaria
256 538 478 570 Provinciaruu‘i,
500 538 604 566 scilicet
627 538 819 574 IIispai'iorum,
842 537 947 565 Alama-

96 594 213 618 norum,
246 585 463 613 bombardorum
496 588 523 613 et
556 585 758 618 Romanorum,
787 588 878 612 essent
911 583 945 611 ibi

94 636 216 669 quatuor
237 632 404 666 assistentes,
427 633 473 669 qui
496 640 545 668 pro
561 631 737 660 studentibus
753 631 831 659 utilia
848 639 947 667 propo-

96 683 193 708 nerent
215 683 241 707 et
257 679 399 707 humiliter
417 681 600 715 procurarent
617 690 642 706 υ.
659 678 773 706 Aliunde
790 678 866 706 valde
883 686 946 714 pro-

97 726 185 755 babile
213 729 270 759 est,
294 726 512 754 Ilonaventurain
545 726 655 762 proprie
688 726 739 753 lioc
767 733 838 753 anno
873 725 945 753 1269

95 773 243 801 confecisse
275 773 375 801 librum
407 773 550 809 Apoloyz'a
579 773 751 809 Pompei-mn
779 776 875 800 contra
896 771 946 800 Ge-

95 820 203 848 raldnm
225 819 258 848 de
281 819 472 853 Abbatisvilla,
494 819 540 856 qui
564 819 671 848 sedatas
699 823 779 847 antea
801 819 861 847 lites
884 819 946 848 Uni-

97 866 234 894 versitatis
256 866 357 894 iterum
380 866 498 902 quodam
532 866 686 903 pernicioso
709 866 779 894 libro
800 866 945 900 excitavit,

96 916 126 941 ut
147 920 233 949 supra
254 912 379 941 diximus
391 913 410 940 2'.
433 913 494 941 Fuit
517 913 601 949 igitur
623 912 742 941 Parisiis.

174 959 347 988 Censendum
370 963 493 988 ceterum
509 963 559 994 est,
575 960 795 988 Bonaventuram
814 960 946 988 mansisse

94 1005 200 1034 diutius
230 1006 338 1034 Parisiis
367 1006 537 1034 insistentem
570 1006 702 1042 operibus
727 1006 945 1040 conscribendis,

96 1053 343 1089 praelectionibus,
365 1053 558 1087 sermonibus,
581 1061 665 1082 curae
694 1053 805 1082 Ordinis
836 1061 867 1082 ac
890 1053 946 1090 pie-

96 1100 160 1133 tati,
183 1108 245 1128 cum
268 1100 381 1128 demum
415 1103 537 1129 exeunte
570 1108 642 1128 anno
677 1102 746 1129 1271
772 1100 946 1129 inveniamus

95 1155 158 1176 eum
181 1151 262 1176 extra
285 1147 414 1181 Parisios,
436 1151 463 1176 et
488 1147 599 1184 quidem
623 1147 747 1176 Viterbii.

174 1196 220 1223 22.
236 1195 344 1224 Mortuo
358 1195 497 1223 Clemente
514 1195 564 1228 lV.,
580 1195 662 1223 Sedes
679 1195 828 1232 apostolica
841 1195 946 1224 diutius

95 1242 174 1271 solito
187 1250 284 1270 vacare
295 1242 393 1278 coepit.
405 1242 563 1271 Cardinales
575 1242 688 1271 Viterbii
704 1242 814 1271 adunati
831 1243 903 1271 inter
918 1250 946 1271 se

95 1289 247 1318 convenire·
258 1297 311 1317 non
327 1292 453 1326 poterant
464 1289 537 1318 circa
549 1290 709 1318 electionem
725 1291 786 1318 novi
801 1290 945 1318 Pontificis.

95 1336 202 1370 Omnia,
215 1336 295 1364 etiam
311 1344 417 1373 regum,
430 1336 462 1365 ad
475 1337 681 1365 accelerandam
693 1337 853 1366 electionem
865 1345 947 1366 cona-

95 1383 169 1411 mina
185 1387 379 1411 remanserunt
395 1383 481 1412 irrita.
496 1383 576 1412 Venit
591 1392 702 1420 quoque
718 1384 744 1412 in
760 1384 831 1412 hanc
847 1384 944 1412 urbem

96 1430 305 1464 Bonaventura,
327 1430 374 1467 qui
407 1431 515 1459 tandem
549 1431 653 1465 effecit,
676 1434 707 1459 ut
727 1439 764 1460 ex
786 1439 834 1459 sex
857 1431 946 1459 candi-

96 1477 166 1506 datis
189 1477 337 1514 propositis
358 1485 408 1514 per
430 1479 660 1514 compromissum
683 1478 810 1506 celeriter
831 1478 946 1515 eligere—

96 1527 142 1552 tur
165 1524 278 1552 consilio
300 1524 360 1553 eius
382 1524 557 1553 Theobaldus
576 1525 761 1558 Placentinus,
777 1524 945 1553 archidiaco-

96 1580 148 1600 nus
170 1572 334 1605 Leodiensis,
356 1572 426 1600 bene
448 1576 531 1600 notus
552 1572 761 1601 Bonaventurae
782 1575 809 1600 et
830 1573 946 1609 Legatus

95 1619 263 1656 apostolicus
284 1619 311 1647 in
334 1619 412 1655 Syria
423 1619 443 1647 ³.
467 1620 530 1647 Rem
554 1619 591 1647 ita
610 1622 703 1647 narrat
720 1619 946 1647 Bartholomaeus

96 1667 246 1695 Pisanus⁴z
275 1666 353 1703 «Qui
377 1666 593 1702 (Bonaventura)
627 1670 717 1695 tantae
749 1665 945 1703 reputationis,

95 1713 161 1742 dum
183 1717 255 1742 esset
276 1713 433 1747 Generalis,
455 1713 507 1741 fuit
528 1713 600 1750 apud
623 1713 791 1747 cardinales,
813 1715 858 1747 ut,
880 1712 945 1741 dum

95 1761 129 1789 de
150 1761 282 1789 electione
303 1760 407 1789 Summi
432 1760 569 1789 Pontificis
591 1761 617 1788 in
641 1760 753 1789 Perusio
774 1760 866 1796 (debet
887 1767 947 1788 esse

102 1807 236 1842 Vz'terbz'o,
252 1808 347 1836 eodem
363 1807 443 1836 modo
458 1807 640 1844 corrigendus
656 1807 828 1844 Rodulphus)
843 1807 947 1836 discor—

96 1854 212 1888 darent,
234 1854 319 1883 tibere
340 1862 436 1883 omnes
457 1855 484 1883 in
506 1862 570 1883 eum
593 1858 656 1883 vota
677 1862 728 1883 sua
749 1854 946 1891 compromise-

97 1905 179 1935 runt,
202 1905 241 1935 nt,
264 1901 284 1930 si
308 1909 337 1930 se
360 1901 401 1930 vel
423 1901 508 1930 alium
531 1902 557 1929 in
574 1901 672 1938 Papam
688 1901 852 1935 nominaret,
868 1901 945 1929 illum

96 1948 188 1984 ipsum
210 1948 351 1985 eligerent.
375 1948 406 1976 Et
427 1947 486 1984 ipse
507 1947 659 1976 nominavit
680 1947 883 1976 sanctissimum
906 1947 947 1975 vi-

96 2003 160 2024 rum
181 1995 324 2024 dominum
352 1994 516 2032 Gregorium
538 1995 573 2029 X,
595 1995 642 2032 qui
672 1995 767 2023 multis
791 1994 947 2023 coruscavit

97 2042 239 2071 miraculis
260 2045 287 2071 et
308 2042 377 2071 iacet
398 2042 480 2071 Aretii
513 2042 540 2070 in
573 2042 688 2071 ecclesia
709 2042 805 2070 maiori
827 2041 855 2070 in
876 2041 947 2070 dioe-

96 2090 149 2118 cesi
173 2089 282 2118 Aretina
297 2101 323 2117 ».
339 2090 397 2118 Non
419 2089 589 2118 sustinemus
604 2089 759 2126 opinionem
778 2089 875 2123 Pisani,
890 2096 947 2117 car-

96 2137 201 2165 dinales
229 2136 297 2165 adeo
328 2136 567 2173 compromisisse,
590 2140 621 2165 ut
642 2136 713 2165 seria
735 2136 876 2165 voluntate
898 2136 947 2164 Bo-

99 2187 270 2213 naventurae
284 2184 424 2213 dedissent
439 2184 594 2212 libertatem
609 2184 690 2212 etiam
705 2192 734 2211 se
749 2183 906 2211 nominandi
919 2183 930 2200 ⁵
939 2194 946 2218 3

97 2231 228 2260 sustineri
251 2234 342 2259 tamen
365 2234 463 2267 potest,
479 2231 688 2259 Bonaventurae
709 2230 823 2259 consilio
843 2230 946 2259 factum

98 2286 166 2312 esse,
185 2281 216 2306 ut
237 2278 390 2306 cardinales
411 2278 544 2315 eligerent
569 2277 767 2306 Theobaldum.
790 2277 843 2305 Hoc
866 2279 947 2305 testa-

98 2327 145 2353 tur
167 2325 331 2362 gravissima
351 2325 517 2358 auctoritas,
540 2324 660 2361 Baptista
673 2324 707 2352 de
722 2323 870 2357 Iudicibus,
885 2331 947 2351 ver-

99 2372 254 2401 satissimus
275 2371 301 2399 in
324 2379 455 2408 processu
488 2371 701 2400 canonizationis
723 2371 947 2403 Bonaventurae,

99 2419 145 2456 qui
168 2418 271 2447 dicitff:
293 2418 388 2446 «Cum
410 2418 563 2447 cardinales
585 2418 698 2447 Viterbii
721 2421 812 2446 essent
833 2425 948 2454 congre-

162 2528 170 2541 ¹
188 2529 290 2551 Analect.
309 2528 429 2556 Francisc.,
447 2530 503 2551 tom.
521 2529 553 2551 lll.
571 2534 624 2556 pag.
643 2528 695 2551 351.

163 2566 171 2580 2
189 2568 244 2596 pag.
262 2567 291 2589 46
309 2567 352 2589 col.
371 2567 385 2589 Ι.
402 2570 424 2589 et
442 2568 465 2589 ll.

163 2606 171 2619 ³
189 2607 289 2634 Bonelli,
306 2607 460 2634 Prodromus,
483 2607 525 2629 col.
552 2607 593 2635 49;
618 2606 714 2634 Paufllo,
740 2606 813 2628 Storia
839 2611 949 2634 compen-

100 2646 179 2674 diosa,
196 2647 242 2668 vol.
261 2647 276 2668 l.
296 2652 350 2674 pag.
367 2646 425 2674 6363
444 2646 578 2674 Wadding.,
595 2646 625 2668 ad
643 2652 679 2668 an.
699 2646 754 2668 1271
776 2651 798 2667 n.
817 2645 839 2667 1.

163 2684 173 2697 ⁴
190 2685 377 2713 Consormitates,
393 2685 433 2707 lib.
451 2685 464 2707 l.
483 2686 549 2708 fruct.
574 2688 596 2707 et
618 2686 730 2707 conform.
752 2685 773 2706 8.
796 2686 854 2712 part.
872 2684 892 2706 2.
912 2684 949 2706 sol.

102 2726 146 2747 129
165 2725 225 2754 (cod.
243 2725 300 2753 cit).

164 2763 173 2776 ⁵
191 2765 221 2787 Ex
238 2764 344 2792 pluribus
361 2763 522 2792 scriptoribus,
539 2763 579 2793 qui
594 2763 700 2786 Pisanum
717 2762 802 2791 secuti,
820 2762 875 2785 illud
891 2762 950 2784 affir-

102 2806 225 2826 maverunt
243 2803 353 2832 (Bonetti,
371 2803 520 2830 Prodromus,
537 2803 579 2825 col.
598 2802 634 2825 49.
652 2805 699 2825 not.
717 2803 738 2824 6.
756 2804 826 2824 vocat
842 2801 903 2824 istud
920 2801 950 2823 hi-

102 2843 212 2865 storicum
229 2842 352 2871 sphalma),
369 2843 485 2865 notandus
497 2843 622 2871 praecipue
639 2845 673 2864 est
689 2842 808 2864 Galesinus
821 2841 884 2870 (Acta
898 2841 951 2862 San-

102 2885 206 2909 ctorum,
227 2882 253 2904 it
274 2882 334 2909 Iulii,
357 2881 408 2904 Vita
431 2882 452 2903 S.
475 2882 658 2909 Bonaventurae,
675 2887 727 2909 cap.
744 2881 766 2902 6.
788 2886 811 2902 n.
836 2879 893 2908 76.).
918 2879 951 2901 De

103 2921 201 2944 diversis
217 2920 367 2949 opinionibus
384 2921 479 2943 consule
496 2920 632 2948 Wadding„
654 2920 765 2947 Annales,
786 2919 815 2942 ad
835 2925 871 2941 an.
890 2918 946 2940 1271

103 2967 126 2983 n.
147 2961 152 2982 l
174 2967 247 2989 seqq„
265 2960 305 2989 qui
323 2960 346 2981 in
363 2960 469 2988 eligenda
486 2960 598 2982 sententia
615 2959 790 2987 castigatissime
807 2957 920 2986 procedit.

166 2998 176 3012 θ
193 2999 261 3027 Apud
287 3000 366 3027 Steph.
389 2999 480 3026 Baluzi,
506 2999 660 3025 Miscellanea,
683 3001 738 3020 tom.
765 2997 802 3020 IV.
825 3002 880 3025 pag.
907 2996 950 3019 476

104 3039 147 3061 col.
165 3039 188 3061 ll.
207 3039 290 3067 (Lucae
309 3038 388 3067 1764).

1003 303 1057 338 gati
1081 311 1130 339 pro
1153 303 1213 331 novi
1236 303 1368 331 electione
1392 305 1543 338 I’ontisicis,
1565 309 1592 334 ct
1615 307 1669 334 Deo
1685 308 1783 335 melius
1804 308 1852 336 ali-

1002 350 1067 386 quid
1090 350 1267 386 disponente,
1290 350 1399 378 duobus
1420 352 1499 379 annis
1531 352 1556 380 in
1590 361 1675 380 unum
1705 355 1851 383 convenire

1004 405 1057 424 non
1080 399 1205 432 possent,
1227 400 1355 433 essetque
1378 398 1568 427 bonaventura
1591 403 1656 427 tunc
1677 400 1788 429 Ordinis
1802 402 1851 429 (le-

1004 443 1104 471 neralis
1134 443 1159 471 in
1192 452 1223 471 ea
1256 444 1340 477 urbe,
1363 445 1443 472 cuins
1464 446 1615 473 sanctitatis
1640 449 1666 474 et
1689 447 1852 483 integritatis

1004 491 1075 518 fama
1098 499 1146 526 per
1167 499 1216 518 ora
1237 491 1360 519 omnium
1384 492 1530 524 volitabat,
1548 492 1697 528 inspirante
1713 494 1776 527 Deo,
1794 498 1851 522 tan-

1005 540 1058 565 tam
1082 537 1179 565 habuit
1200 538 1233 566 de
1257 538 1301 566 illo
1325 542 1411 567 totum
1434 539 1584 575 Collegium
1608 540 1704 573 tidem,
1723 544 1851 578 tantaque

1003 585 1074 621 apud
1100 585 1192 613 Patres
1214 585 1273 613 eius
1296 585 1347 613 l'uit
1361 586 1526 620 auctoritas,
1542 587 1618 624 qiam(
1633 587 1673 615 od
1688 587 1767 615 illius
1781 597 1852 616 sna-

1002 632 1096 660 sz'ones
1117 635 1144 661 et
1165 632 1387 667 exhortationes,
1409 641 1504 661 omnes
1519 634 1675 670 congregati
1699 635 1851 663 cardinales

1003 679 1184 713 unanimiter,
1207 679 1315 708 nemine
1343 680 1532 716 discrepante,
1555 681 1718 709 sanctiorem
1742 682 1850 715 virum,

1003 733 1085 762 quem
1108 729 1320 763 cognoscerent,
1342 727 1502 763 elegerunt,
1531 736 1613 765 quem
1636 728 1677 756 eis
1700 729 1730 756 B.
1755 729 1850 757 Bona-

1002 776 1127 801 ventnrct
1158 773 1364 802 iunninaocrat
1394 778 1480 812 atquc
1510 779 1723 811 proposuerat,
1753 776 1777 804 id
1810 779 1851 804 est

1002 820 1190 848 Theobaldum
1211 820 1406 854 Placentinum,
1425 821 1649 849 archidiaconum
1666 822 1850 855 Leodiensem,

1002 870 1029 895 et
1050 866 1160 904 quidem
1183 867 1323 896 absentem
1346 870 1420 903 (nam
1452 871 1517 896 tunc
1545 872 1604 896 erat
1626 868 1652 896 in
1674 869 1780 905 Syria),
1802 869 1848 905 qui

1003 917 1096 951 postea
1116 914 1266 950 Gregorius
1288 914 1318 942 X.
1341 915 1495 951 appellatus
1517 919 1599 943 est».

1082 961 1158 989 Falso
1178 964 1266 989 tamen
1283 961 1394 995 dicitur,
1410 961 1639 995 Bonaventuram,
1656 965 1686 990 nt
1701 962 1774 990 fama
1788 962 1850 995 sert,

1002 1007 1192 1036 advenientem
1215 1008 1383 1041 Viterbium,
1405 1008 1524 1036 suasisse
1546 1008 1667 1041 civibus,
1690 1012 1721 1037 nt
1741 1009 1851 1037 claude-

1002 1057 1065 1083 rent
1086 1058 1179 1091 portas
1201 1058 1227 1083 et
1249 1055 1366 1083 civitatis
1387 1058 1414 1083 et
1437 1055 1537 1091 palatii,
1561 1063 1593 1083 ne
1614 1055 1767 1084 cardinales
1783 1059 1850 1083 tem-

1003 1109 1069 1138 pore
1091 1101 1232 1130 electionis
1252 1102 1343 1138 egredi
1368 1106 1478 1138 possent
1499 1105 1527 1130 et
1547 1102 1665 1130 celerius
1690 1102 1850 1131 electionem

1003 1149 1137 1185 perficere
1158 1152 1324 1185 cogerentur
1338 1149 1363 1183 ¹;
1385 1157 1468 1186 quam
1491 1149 1671 1178 inclusionem
1691 1149 1849 1186 eligentium

1003 1204 1105 1224 novum
1129 1196 1285 1224 Pontificem
1308 1196 1442 1224 conclave
1462 1196 1583 1224 vocitare
1605 1196 1734 1225 solemus.

1081 1243 1257 1271 Theobaldus
1279 1243 1385 1280 itaque,
1409 1246 1552 1279 postquam
1575 1243 1658 1271 Sedes
1673 1243 1779 1271 vacavit
1793 1243 1851 1271 sere

1004 1294 1060 1319 tres
1081 1298 1184 1323 annos,
1206 1289 1249 1318 die
1275 1291 1285 1318 1
1311 1290 1481 1326 Septembris
1504 1291 1573 1318 1271
1600 1293 1641 1318 est
1662 1290 1781 1323 electus,
1804 1290 1850 1318 sed

1002 1337 1113 1366 demum
1129 1337 1173 1365 die
1190 1338 1225 1365 10
1240 1337 1380 1365 Februarii
1400 1338 1473 1365 1272
1487 1344 1523 1365 ex
1538 1336 1663 1371 Oriente,
1679 1345 1694 1365 a
1709 1337 1852 1365 Fratribus

1005 1383 1241 1412 Praedicatoribus
1262 1387 1289 1412 et
1310 1383 1462 1412 Minoribus
1487 1384 1654 1417 accersitus,
1675 1383 1786 1412 advenit
1807 1383 1851 1411 Vi-

1004 1431 1137 1464 terbium,
1153 1430 1199 1458 ubi
1216 1430 1369 1459 cardinales
1391 1430 1480 1466 ipsum
1503 1430 1715 1467 exspectabant,
1738 1433 1765 1458 et
1785 1430 1851 1458 Gre-

1002 1478 1097 1514 gorius
1112 1477 1142 1505 X.
1159 1477 1249 1505 vocari
1267 1477 1361 1505 voluit.
1385 1477 1447 1505 Inde
1463 1477 1574 1505 Romam
1591 1477 1739 1513 profectus,
1755 1477 1799 1505 die
1813 1478 1849 1505 27

1002 1525 1090 1553 Martii
1109 1526 1182 1553 1272
1198 1528 1346 1553 coronatus
1361 1528 1402 1553 est
1415 1525 1434 1552 2.
1457 1524 1687 1558 Bonaventuram,
1701 1532 1717 1552 a
1732 1532 1787 1561 quo
1802 1524 1851 1552 ali-

1003 1575 1140 1608 quatenus
1154 1571 1251 1600 electio
1266 1571 1333 1600 haec
1348 1571 1527 1608 dependebat,
1543 1579 1636 1600 secum
1653 1571 1765 1599 Romam
1787 1579 1851 1599 con-

1003 1618 1085 1647 duxit
1106 1626 1195 1646 novus
1217 1618 1357 1652 Pontifex,
1380 1618 1531 1654 plurimum
1559 1617 1671 1646 consilio
1692 1618 1752 1646 eius
1773 1617 1849 1646 fisus.

1004 1666 1042 1694 Ita
1062 1666 1164 1694 factum
1186 1669 1240 1700 est,
1264 1668 1294 1694 ut
1315 1666 1406 1694 statim
1423 1666 1448 1693 in
1465 1665 1650 1702 assignandis:
1674 1665 1779 1701 Legatis
1801 1673 1851 1701 pro

1004 1712 1105 1740 unione
1126 1712 1294 1740 Graecorum
1310 1712 1479 1741 sollicitanda
1494 1715 1581 1740 totum
1604 1711 1743 1748 negotium
1766 1711 1851 1739 Bona-

1006 1763 1137 1788 venturae
1159 1759 1352 1788 committeret.
1372 1759 1470 1787 Narrat
1491 1759 1563 1787 enim
1585 1761 1681 1786 auctor
1702 1757 1852 1786 Chronico-

1004 1814 1067 1835 rum
1089 1806 1169 1835 XXIV
1191 1806 1366 1835 Generalium
1380 1806 1406 1834 3:
1436 1805 1548 1834 «Huius
1569 1805 1732 1841 (Generalis)
1747 1808 1852 1841 tempo-

1005 1853 1083 1882 ribus
1113 1853 1183 1881 idem
1214 1853 1343 1882 dominus
1375 1853 1445 1889 Papa
1476 1852 1626 1889 Gregorius
1647 1852 1677 1879 X.
1703 1851 1737 1879 ad
1758 1853 1851 1888 partes

1004 1900 1133 1929 Graeciae
1153 1900 1301 1928 destinavit
1322 1900 1396 1928 viros
1418 1899 1547 1936 providos
1569 1901 1596 1927 et
1618 1898 1747 1935 probatos
1769 1898 1795 1926 in
1811 1897 1851 1926 of-

1004 1947 1073 1975 ficiis
1093 1946 1213 1980 Ordinis,
1230 1946 1355 1975 videlicet
1371 1946 1492 1974 Fratrem
1508 1945 1703 1981 Hieronymum
1721 1944 1755 1973 de
1770 1944 1852 1972 Escu-

1004 1994 1030 2022 lo
1041 1995 1061 2028 4,
1084 1997 1150 2022 tunc
1172 1993 1328 2022 Ministrum
1350 1993 1505 2027 Slavoniae,
1522 2000 1586 2021 cum
1601 1992 1682 2020 sociis
1697 1991 1767 2025 suis,
1783 1999 1853 2028 quos

1004 2041 1080 2070 idem
1106 2040 1258 2069 Generalis
1278 2040 1335 2069 sibi
1365 2039 1524 2073 obtulerat,
1546 2043 1578 2068 ut
1599 2038 1716 2067 Graecos
1738 2042 1764 2067 et
1786 2039 1853 2066 Tar-

1003 2091 1079 2117 taros
1100 2087 1281 2121 reducerent,
1304 2087 1407 2116 relictis
1428 2086 1589 2120 erroribus,
1605 2086 1638 2114 ad
1654 2086 1790 2114 Romanae
1804 2085 1853 2114 Ec-

1004 2135 1102 2164 clesiae
1123 2135 1256 2163 unitatem
1273 2146 1299 2162 ».
1322 2134 1408 2171 Quam
1430 2133 1610 2162 assertionem
1632 2133 1753 2161 auctoris
1767 2132 1853 2161 Chro-

1005 2182 1132 2211 nicorum
1153 2181 1234 2210 XXIV
1256 2181 1431 2210 Generalium
1460 2181 1620 2209 historicam
1649 2188 1724 2214 esse,
1752 2180 1853 2209 contir-

1005 2232 1080 2257 mant
1108 2229 1195 2265 ipsius
1226 2228 1349 2265 Gregorii
1373 2228 1403 2256 X.
1430 2228 1537 2256 litterae
1552 2228 1571 2262 ⁵,
1594 2228 1621 2256 in
1653 2227 1756 2264 quibus
1787 2227 1853 2256 socii

1069 2368 1076 2381 ¹
1095 2369 1191 2396 Panfllo,
1209 2369 1223 2390 l.
1240 2374 1259 2390 c.
1277 2374 1331 2396 pag.
1349 2367 1403 2389 636.

1068 2407 1076 2421 ²
1094 2408 1183 2435 Hesele,
1204 2407 1455 2435 Conciliengeschichte
1480 2405 1603 2434 (Freiburg
1620 2406 1636 2428 i.
1661 2406 1686 2427 B.
1704 2405 1785 2433 1890),
1807 2405 1852 2427 vol.

1006 2447 1043 2470 Vt.
1060 2453 1115 2475 pag.
1133 2447 1169 2469 41.

1068 2486 1077 2499 ²³
1094 2486 1201 2508 Analecta
1218 2485 1340 2512 Francisc.,
1357 2487 1413 2507 tom.
1430 2485 1462 2506 Ill.
1480 2490 1534 2512 pag.
1553 2483 1606 2506 352.

1068 2525 1077 2538 ⁴¹
1095 2525 1150 2548 lbid.
1170 2531 1223 2553 pag.
1241 2525 1293 2553 352,
1311 2527 1356 2546 not.
1376 2524 1397 2546 1.

1068 2564 1077 2577 ⁵
1095 2565 1209 2593 Epistulae
1227 2564 1341 2586 pontificis
1358 2565 1400 2586 hac
1418 2563 1441 2585 in
1453 2569 1478 2585 re
1489 2565 1555 2584 erant
1571 2562 1715 2589 complures,
1731 2567 1789 2590 quas
1801 2561 1854 2583 Fra-

1006 2608 1052 2628 tres
1068 2605 1122 2627 dicti
1140 2605 1199 2626 serre
1216 2603 1344 2631 debebant,
1361 2606 1384 2625 et
1408 2603 1431 2624 in
1453 2601 1539 2630 quibus
1562 2601 1666 2624 omnium
1683 2604 1784 2629 quatuor
1800 2600 1853 2622 Fra-

1005 2647 1066 2667 trum
1080 2644 1104 2666 fit
1117 2643 1210 2666 mentio.
1223 2643 1298 2664 Prima
1311 2642 1341 2664 ad
1353 2642 1485 2664 michaelem
1499 2640 1669 2668 palaeologum,
1682 2640 1853 2667 imperatorem,

1006 2683 1090 2706 emissa
1107 2685 1141 2705 est
1158 2682 1220 2710 apud
1238 2681 1325 2704 Urbem
1343 2683 1445 2703 veterem
1464 2679 1576 2708 (Orvieto)
1594 2679 1630 2701 IX.
1649 2679 1697 2701 Kal.
1716 2678 1854 2700 Novembris

1008 2723 1067 2744 1272
1086 2722 1231 2750 (Wadding.,
1248 2720 1278 2743 ad
1296 2726 1331 2742 an.
1354 2720 1413 2742 1272
1431 2726 1454 2741 n.
1471 2719 1515 2747 4.);
1533 2718 1634 2741 secunda
1651 2718 1680 2740 ad
1698 2718 1853 2746 patriarcham

1006 2762 1156 2788 Graecorum,
1173 2760 1274 2783 invitans
1291 2765 1343 2782 eum
1362 2759 1392 2781 ad
1409 2758 1537 2781 Concilium
1555 2757 1621 2786 (ibid.
1638 2764 1663 2779 n.
1680 2757 1722 2785 5.);
1741 2757 1805 2779 tertia
1823 2757 1854 2779 in-

1007 2801 1091 2828 scripta
1110 2800 1165 2828 ipsis
1182 2798 1310 2823 Fratribus
1328 2798 1472 2828 Hieronymo
1489 2797 1516 2820 de
1533 2796 1633 2824 Escnlo,
1656 2795 1796 2826 Raymzmdo
1814 2796 1854 2819 Be-

1006 2839 1122 2869 renqariz',
1140 2837 1301 2868 Bonam-oliae
1318 2837 1346 2860 de
1362 2837 1450 2861 Sancto
1476 2837 1564 2859 Ioanne
1580 2836 1605 2858 in
1628 2835 1757 2863 Pei-siceto,
1775 2836 1796 2858 et
1813 2836 1855 2858 Bo-

1007 2880 1155 2902 naventzo‘oe
1172 2878 1199 2901 de
1216 2876 1320 2906 Muqello
1337 2876 1364 2899 de
1382 2875 1471 2899 Ordine
1488 2875 1610 2899 Minor-um
1626 2873 1770 2904 apostolicae
1787 2874 1854 2898 Sedis

1008 2917 1117 2945 Nuntz'is,
1135 2917 1254 2940 continens
1272 2916 1454 2943 Instructionem,
1466 2917 1500 2937 est
1513 2915 1567 2937 data
1579 2914 1641 2942 apud
1654 2913 1739 2936 Urbem
1752 2916 1853 2936 veterem

1008 2957 1126 2979 Vlll.Kal.
1140 2954 1279 2978 Novembris
1297 2954 1357 2976 1272
1376 2953 1441 2982 (ibid.
1459 2960 1482 2976 n.
1500 2954 1547 2982 6.);
1565 2956 1645 2982 quarta
1663 2952 1747 2980 scripta
1764 2952 1855 2980 iisdem,

1008 2996 1138 3018 concedens
1156 2995 1182 3017 iis
1199 2994 1329 3017 facultatem
1355 2993 1425 3015 dandi
1448 2993 1539 3015 salvum
1557 2993 1712 3019 conductum,
1729 2992 1784 3014 item
1802 2992 1855 3015 data

1008 3037 1043 3057 est
1059 3034 1121 3062 apud
1140 3033 1225 3056 Urbem
1244 3035 1346 3055 veterem
1364 3032 1433 3054 Nonis
1450 3031 1589 3054 Novembris
1609 3031 1669 3054 1272
1688 3030 1754 3060 (ibid.
1770 3038 1794 3053 n.
1810 3031 1855 3060 7.);
