2269 3448
385 184 423 213 54
1134 183 1348 212 DISSERTATlO
1371 184 1399 212 lt.

384 263 451 292 mihi
474 266 613 292 constaret
634 266 662 292 et
682 263 794 297 clarius,
816 262 911 292 adiens
926 263 1016 292 locum
1032 262 1156 299 originis,
1171 270 1236 290 con-

385 310 549 339 versationis
570 313 597 338 et
619 309 754 338 transitus
774 309 825 338 viri
848 310 952 344 sancti,
974 317 1038 338 cum
1053 308 1237 337 familiaribus

384 357 444 386 eius
465 357 557 386 adhuc
579 357 824 393 superviventibus
856 357 1028 385 collationem
1062 356 1145 385 habui
1175 356 1236 384 dili-

384 407 511 441 gentem,
532 408 559 432 et
580 404 702 433 maxime
723 412 786 432 cum
808 403 991 440 quibusdam,
1014 404 1061 440 qui
1083 403 1237 432 sanctitatis

384 451 444 480 eius
465 455 492 480 et
513 451 614 480 conscii
637 451 752 480 fuerunt
773 453 799 479 et
821 453 972 479 sectatores
993 450 1152 487 praecipui,
1174 450 1236 486 qui-
1266 479 1267 483 ,

384 498 437 527 bus
459 501 573 535 propter
594 498 715 535 agnitam
739 498 885 527 veritatem
907 497 975 526 fides
989 501 1031 526 est
1046 497 1237 525 indubitabilis
1266 531 1267 534 Ἰ

383 545 539 574 adhibenda
555 558 581 573 n.

463 593 581 629 Quinam
603 596 695 621 essent
717 592 743 620 hi
766 592 848 625 socii,
870 600 941 629 quos
966 591 1160 625 consuluerat,
1182 599 1236 619 non

384 642 499 668 constat.
514 639 655 668 Probabile
670 642 721 672 est,
733 647 797 667 eum
812 647 916 672 omnes,
928 639 975 675 qui
992 638 1121 667 vivebant
1135 637 1236 671 adhuc,

384 685 500 719 adiisse,
522 686 685 722 praesertim
707 688 800 714 autem
823 685 864 713 Fr.
887 685 1014 718 Leonem,
1036 685 1078 712 Fr.
1096 684 1236 713 1111110100-

384 736 444 761 tum
465 735 492 761 et
514 732 650 768 imprimis
672 732 698 760 Β.
715 732 865 769 Aegfflium,
881 732 914 760 de
929 739 985 768 quo
1000 732 1105 768 pluries
1121 731 1237 760 mentio-

382 787 444 808 nem
467 779 531 807 facit
552 782 578 808 et
600 787 663 807 cum
686 787 742 816 quo
763 779 869 815 pluries
890 783 931 807 est
953 779 1095 807 locutus¹.
1118 778 1237 807 Enume-

383 833 446 854 rare
469 829 558 854 tamen
583 825 775 854 bonaventura
796 834 843 854 eos
865 826 891 854 in
914 833 964 854 sua
981 825 1103 862 Legenda
1119 834 1173 854 non
1189 833 1237 862 po-

383 873 445 907 tuit,
461 873 608 910 prudentia
624 876 725 907 motus,
741 881 804 902 cum
820 873 972 910 Legendam
988 881 1048 902 esse
1063 873 1144 902 vellet
1164 873 1237 910 paci-

382 920 537 949 ficationem
559 916 732 955 animorum,
753 920 915 949 destinatam
945 929 996 957 pro
1021 921 1150 949 omnibus
1173 921 1236 949 Fra-

383 967 473 996 tribus
495 968 688 1004 cuiuscunque
711 968 806 1004 partis.

462 1015 603 1051 Expeditis
625 1015 710 1043 rebus
732 1015 922 1052 indagationis,
939 1024 1069 1045 reversus
1088 1019 1128 1044 031
1150 1016 1235 1044 Bona—

382 1066 501 1091 ventura
529 1062 663 1096 Parisios,
686 1066 716 1091 ut
745 1066 800 1091 tam
833 1070 869 1091 ex
899 1063 1080 1092 relationibus
1104 1067 1236 1092 oretenus

382 1109 501 1146 acceptis
516 1117 598 1146 quam
621 1117 658 1138 ex
679 1110 808 1139 omnibus
831 1110 962 1147 Legendis
983 1115 1047 1139 ante
1066 1111 1155 1147 ipsum
1172 1119 1236 1139 con-

382 1156 460 1184 fectis
492 1164 576 1184 unam
608 1157 774 1193 genuinam,
796 1157 957 1191 officialem,
980 1161 1010 1186 ut
1036 1157 1073 1186 ita
1093 1157 1235 1191 dicamus,

382 1203 467 1231 vitam
488 1203 658 1239 compilaret.
680 1203 825 1238 Narratur,
848 1204 931 1241 quod,
953 1204 1019 1233 dum
1042 1204 1236 1233 Bonaventura

382 1250 532 1287 praefatam
551 1250 702 1287 Legendam
718 1252 915 1288 componebat,
930 1252 1048 1289 quadam
1064 1252 1107 1281 die
1123 1253 1148 1280 S.
1164 1253 1235 1281 Tho-

382 1306 456 1332 mas,
478 1299 526 1335 qui
558 1298 650 1327 adhue
683 1299 792 1327 Parisiis
813 1302 888 1333 erat,
912 1300 1007 1328 videns
1032 1308 1095 1328 eum
1119 1300 1144 1328 111
1168 1300 1235 1328 cella

383 1349 493 1382 raptum
531 1346 776 1382 contemplatione,
808 1347 928 1375 edixerit
958 1347 992 1375 de
1023 1355 1075 1376 eo:
1107 1348 1236 1376 Sinamus

382 1393 526 1426 Sanctum,
542 1393 606 1430 quia
630 1393 735 1422 laborat
752 1402 802 1431 pro
817 1395 915 1422 Sancto
927 1395 946 1422 2.
964 1395 1096 1431 Quamvis
1111 1395 1235 1431 Legenda

382 1440 522 1476 praedicta
545 1440 640 1468 maiori
664 1448 699 1469 ex
722 1445 801 1477 parte
822 1449 894 1469 anno
919 1442 989 1470 1261
1019 1442 1122 1478 scripta
1147 1446 1234 1476 esset,

382 1491 472 1516 tamen
496 1488 619 1524 expolita
641 1496 730 1525 usque
751 1488 785 1517 ad
809 1489 937 1517 ultimum
954 1489 1042 1517 hilum
1062 1489 1173 1518 demum
1189 1498 1233 1518 an.

386 1536 468 1568 1262,
491 1535 574 1563 immo
596 1543 661 1564 vero
682 1544 725 1564 an.
753 1536 835 1570 1263,
860 1539 983 1573 tempore
1004 1537 1121 1573 Capituli
1146 1537 1232 1565 Pisani

382 1582 463 1619 primi
487 1582 571 1611 fuisse
604 1583 729 1616 videtur;
751 1591 814 1611 nam
844 1583 1037 1612 Bonaventura
1059 1584 1183 1621 loquitur
1206 1584 1233 1612 in

381 1629 463 1657 citata
478 1629 603 1665 Legenda
617 1629 651 1658 de
666 1629 693 1657 B.
710 1630 829 1667 Aegidio,
844 1638 875 1659 ac
890 1631 911 1658 si
934 1630 987 1659 iam
1008 1635 1116 1659 mortus
1130 1631 1233 1660 033013.

445 1748 451 1760 ¹
472 1749 646 1776 Bonavemura,
664 1754 759 1771 narrans
777 1749 874 1771 virtutes
891 1752 914 1771 et
929 1749 1134 1773 sursumactiones
1152 1750 1175 1772 B.
1194 1750 1234 1772 Ae-

382 1788 437 1816 gidii
455 1794 563 1816 expresse
590 1790 696 1810 testatur:
717 1797 727 1808 ει
740 1789 941 1817 quemadmodum
960 1791 982 1811 et
999 1795 1041 1818 eqo
1064 1789 1112 1818 ipse
1138 1789 1234 1812 oculata

382 1827 427 1857 fide
444 1827 592 1856 conspexi».
609 1827 665 1850 lbid.
693 1834 746 1856 pag.
773 1828 818 1850 510
843 1834 864 1850 n.
883 1828 904 1850 4,
927 1829 948 1850 111
967 1829 1012 1851 vita
1036 1829 1058 1850 Β.
1083 1829 1173 1856 Aegidii
1197 1829 1234 1851 ad-

381 1867 465 1894 scripta
483 1867 553 1889 Fratri
572 1867 640 1889 Leoni
658 1866 757 1890 babetur
775 1867 881 1895 dialogus
904 1868 962 1890 inter
980 1868 1103 1896 Aegidium
1122 1872 1143 1890 et
1160 1869 1235 1891 Bona-

380 1909 518 1932 venturam,
535 1912 606 1934 quem
624 1906 661 1928 hic
679 1906 796 1934 integrum
814 1909 906 1934 portare
918 1910 1031 1935 praestat:
1047 1916 1058 1927 α
1071 1908 1145 1930 Semel
1156 1908 1234 1930 Frater

381 1945 492 1973 aegidius
509 1945 565 1967 dixit
582 1946 686 1967 Generali
703 1946 775 1968 Fratri
795 1946 980 1968 Bonaventurae:
1004 1948 1068 1969 Pater
1087 1947 1130 1974 mi,
1152 1948 1234 1970 multas

381 1985 466 2012 gratias
484 1985 536 2007 fecit
553 1984 621 2007 vohis
641 1985 708 2007 Deus.
725 1985 771 2007 Nos
788 1985 922 2014 insipientes
939 1988 961 2008 et
978 1986 1075 2014 idiotae,
1093 1987 1132 2015 qui
1146 1987 1232 2008 unllam

381 2025 541 2047 sufficientiam
560 2025 706 2053 accepimus,
724 2025 780 2053 quid
804 2026 932 2053 poterimus
950 2027 1036 2054 facere,
1056 2029 1080 2048 ut
1096 2027 1233 2049 salvemur?

381 2063 509 2091 Respondit
526 2064 657 2085 Generalis:
684 2064 706 2085 Si
730 2064 791 2086 Deus
817 2065 903 2086 0111Ιο01
928 2065 1025 2092 gratiam
1051 2065 1116 2087 daret
1132 2066 1232 2094 homini,

382 2103 424 2124 nisi
442 2103 505 2131 quod
523 2106 601 2130 posset
623 2109 677 2125 eum
703 2103 811 2131 diligere,
837 2104 960 2126 sufficeret.
983 2105 1008 2126 Et
1028 2105 1106 2127 Frater
1124 2105 1233 2133 Aegidius

382 2142 425 2164 ait:
443 2142 519 2164 Potest
537 2142 606 2164 idiota
624 2143 698 2164 Deum
712 2146 800 2165 tantum
813 2143 909 2171 diligere
921 2144 980 2166 sicut
992 2144 1120 2166 litteratus?
1132 2146 1233 2173 Respon-

382 2181 415 2203 dit
432 2181 561 2204 Generalis:
580 2181 655 2203 Potest
675 2188 719 2203 una
737 2182 813 2203 vetula
831 2182 883 2210 plus
900 2183 968 2204 etiam
995 2189 1065 2212 quam
1084 2184 1194 2212 magister
1211 2184 1233 2206 in

382 2220 505 2248 theologia.
522 2221 589 2242 Tune
605 2221 683 2242 Frater
706 2221 817 2249 aegidius
840 2221 863 2243 in
890 2223 980 2244 fervore
1002 2222 1096 2250 3111111113
1122 2224 1233 2250 surrexit,

381 2259 470 2282 vadens
488 2260 508 2282 in
526 2260 619 2282 hortum
637 2266 719 2282 versus
736 2263 837 2289 partem,
861 2267 921 2290 quae
946 2261 1039 2289 respicit
1065 2262 1193 2289 civitatem,
1211 2265 1233 2285 et

383 2299 502 2321 clamavit:
521 2299 602 2321 Vetula
622 2300 774 2328 paupercula,
792 2300 889 2328 simplex
913 2303 935 2323 01
957 2301 1039 2328 idiota,
1058 2301 1140 2329 diligas
1159 2302 1233 2324 Domi-

383 2344 439 2360 num
454 2339 535 2366 Deum,
548 2342 569 2360 et
582 2339 667 2366 poteris
684 2345 735 2361 esse
752 2339 826 2362 maior
843 2346 913 2368 quam
927 2341 1005 2363 Frater
1024 2341 1191 2364 Bonarentura.
1208 2343 1233 2364 Et

382 2379 414 2400 sie
432 2378 474 2400 suit
491 2381 583 2405 raptus,
602 2378 728 2401 immobilis
745 2385 787 2407 per
804 2383 848 2402 tres
866 2381 934 2402 horas
946 2389 968 2402 n.
984 2381 1092 2402 Analecta
1110 2381 1231 2408 francisc„

383 2421 439 2439 tom.
457 2418 488 2439 lll.
508 2423 560 2445 pag*
584 2418 633 2439 101.

445 2455 454 2468 ⁴2
472 2457 608 2484 Wadding„
631 2457 659 2478 ad
683 2463 718 2479 an.
746 2457 803 2479 1260
827 2464 849 2479 n.
876 2458 909 2479 18.
932 2458 979 2480 Hac
1005 2459 1126 2481 occasione
1149 2459 1232 2482 (lamus

382 2495 450 2517 aliam
469 2495 526 2517 inter
544 2496 565 2517 5Δ
585 2495 699 2517 'rhomam
718 2499 740 2518 et
758 2497 943 2518 Bouarenturam
962 2497 1124 2524 narrationem,
1142 2504 1168 2520 ex
1186 2505 1231 2527 qua

382 2537 435 2556 neta
451 2534 543 2557 videtur
562 2535 652 2557 traditio
670 2535 699 2557 de
717 2541 792 2562 eruce,
810 2536 839 2557 ad
857 2536 930 2563 pedes
947 2537 1012 2558 cuius
1029 2537 1188 2559 Bonaventura
1201 2540 1232 2559 to-

382 2576 429 2595 tam
446 2574 583 2601 sapientiam
601 2574 708 2596 hauserit.
734 2575 812 2597 Frater
838 2576 933 2597 loannes
958 2576 1053 2603 I-Iaghen
1072 2576 1094 2598 in
1113 2576 1160 2599 suis
1178 2577 1232 2599 anti-

384 2613 436 2641 quis
453 2612 573 2635 Chronicis
591 2619 626 2635 an.
645 2613 705 2635 ’1467
724 2614 855 2641 completis,
873 2614 914 2636 sed
937 2614 975 2636 diu
999 2618 1052 2637 ante
1074 2615 1184 2643 inceptis,
1202 2617 1232 2638 ita

383 2655 471 2674 narrat:
493 2660 503 2671 α
517 2652 542 2674 Et
559 2654 655 2674 vocatus
672 2655 706 2674 est
728 2653 890 2675 Bonaventura
916 2653 959 2675 alio
977 2654 1071 2675 nomine
1088 2655 1232 2677 Eustachius.

383 2691 490 2719 Quodam
509 2694 621 2718 tempore,
633 2691 777 2718 respondens
795 2691 862 2714 beato
876 2692 987 2719 Thomae,
1001 2693 1091 2715 Parisiis
1108 2694 1232 2722 occupavit

382 2736 407 2752 se
425 2730 604 2759 (Bouaventura)
623 2731 674 2758 plus
690 2730 714 2752 in
731 2731 838 2758 passione
850 2731 941 2759 Christi,
953 2738 1023 2760 quam
1037 2733 1057 2754 in
1070 2733 1155 2755 studio.
1168 2734 1232 2756 Unde

383 2769 465 2792 beatus
476 2770 579 2791 Thomas
591 2770 648 2792 vidit
659 2776 729 2797 super
742 2773 811 2798 caput
824 2771 873 2793 eius
885 2771 999 2793 Christum
1018 2774 1041 2794 et
1057 2772 1086 2794 de
1098 2772 1233 2795 vulneribus

384 2809 433 2831 eius
456 2809 527 2830 ssuere
550 2809 572 2830 in
598 2815 624 2831 os
649 2809 836 2836 Bonaventurae;
854 2810 905 2832 ideo
927 2811 1027 2838 amplius
1050 2817 1094 2833 non
1111 2814 1146 2833 est
1162 2818 1233 2834 ausus

383 2853 482 2875 arguere
507 2850 588 2870 contra.
611 2848 687 2876 illum,
713 2848 799 2871 scilicet
824 2855 850 2871 ex
875 2849 1024 2872 veneratione
1040 2849 1123 2873 Christi
1137 2858 1157 2873 11.
1176 2851 1232 2874 Bibl.

383 2886 481 2908 Berolin.
500 2887 556 2914 Reg.
574 2887 625 2909 Mss.
644 2888 711 2909 theol.
728 2888 766 2910 lat.
785 2887 837 2910 1115.
860 2888 991 2911 membran.
1009 2889 1029 2911 in
1049 2890 1085 2912 101.
1103 2896 1163 2912 saec.
1180 2891 1232 2912 XV.

386 2925 422 2947 101.
440 2926 484 2948 353
503 2932 526 2947 v.
544 2926 584 2948 col.
603 2927 625 2948 ll.
644 2927 673 2948 ad
691 2933 726 2949 an⁴
745 2928 813 2949 1271.

447 2964 456 2976 ³
478 2965 623 2993 attegiditis,
641 2965 676 2988 vir
694 2966 774 2994 utique
792 2967 839 2988 Deo
862 2967 944 2994 plenus
966 2970 988 2989 et
1010 2967 1096 2990 celebri
1116 2968 1233 2991 memoria

384 3003 470 3030 dignus
482 3012 502 3025 n.
520 3004 628 3031 Legenda
646 3005 729 3033 Maior,
748 3008 803 3027 tom.
822 3006 875 3028 Vlll.
893 3012 948 3033 pag.
965 3007 1010 3028 510
1029 3013 1050 3028 n.
1071 3007 1090 3029 4.

1292 262 1420 290 Mortuus
1442 265 1483 291 est
1504 266 1614 295 autem,
1638 265 1668 290 ut
1700 261 1837 290 Chronica
1868 262 1948 291 XXIV
1970 262 2146 291 Generalium

1293 312 1430 337 testantur
1444 310 1463 342 ¹,
1484 309 1528 337 die
1550 309 1587 337 23
1610 309 1710 345 Aprilis
1734 310 1818 337 1262.

1372 356 1414 384 Ex
1436 356 1487 385 ista
1508 356 1604 384 maiori
1637 356 1762 393 Legenda
1792 356 1910 385 confecit
1940 357 2032 386 adhuc
2064 358 2148 386 Bona-

1294 406 1412 431 110011]Γο
1432 403 1513 431 011001
1536 403 1691 432 breviorem
1714 403 1747 431 ad
1780 411 1862 432 usum
1890 404 1984 438 chori,
2007 408 2038 433 ut
2060 413 2146 442 supra

1292 450 1319 478 in
1342 450 1467 478 adductis
1488 450 1604 479 testibus
1636 450 1839 479 chronicorum
1866 451 1947 480 XXIV
1968 452 2144 481 Generalium

1293 500 1320 524 et
1342 496 1428 525 Pisani
1451 497 1573 526 diximus
1584 497 1604 525 2.

1371 544 1408 572 Ad
1430 544 1482 573 hoc
1505 547 1614 581 tempus
1636 548 1762 581 spectant
1783 545 1853 574 duae
1876 546 1970 575 Bullae
1985 547 2087 575 Urbani
2104 547 2146 581 lV,

1293 590 1341 627 qui
1363 591 1550 619 Alexandrum
1576 591 1618 619 lV.
1648 592 1675 620 in
1701 592 1769 621 Sede
1801 593 1952 629 apostolica
1982 598 2146 631 exceperat:

1293 645 1349 666 una
1369 637 1413 666 die
1434 639 1467 666 21
1494 639 1555 666 Maii
1580 640 1663 673 1262,
1680 639 1795 668 Viterbii
1809 640 1829 674 ³,
1851 640 1939 669 altera
1960 641 2004 670 die
2026 642 2062 670 29
2086 642 2145 670 Μο11

1296 685 1380 719 1262,
1402 685 1466 713 ilem
1489 685 1635 714 Viterbii4.

1376 732 1418 760 13.
1441 733 1517 761 Anno
1543 733 1615 762 1263
1638 734 1796 763 invenimus
1818 735 2038 764 Bonaventuram
2055 737 2147 773 primo

1294 779 1408 813 Romae,
1431 780 1522 808 serius
1549 781 1659 809 Patavii.
1692 782 1746 810 Hoc
1774 790 1846 810 anno
1880 783 1953 812 1263
1984 784 2037 812 «in
2066 784 2147 820 pleno

1293 826 1457 856 consistorio
1482 835 1574 856 coram
1605 828 1792 858 cardinalibus
1813 838 1863 858 nec
1885 839 1938 859 non
1963 832 2070 859 Fratre
2092 832 2146 860 Bo-

1292 878 1460 902 naventurct
1482 875 1606 904 Ministro
1627 877 1747 913 generali
1771 877 1882 906 Ordinis
1897 878 2033 907 Minorum
2048 890 2061 903 »
2081 887 2146 907 ron-

1293 921 1422 950 stitutum
1447 921 1497 950 fuit
1520 923 1597 951 iussu
1621 923 1758 952 Pontificis
1779 924 1881 953 Urbani
1904 925 1946 959 lV,
1968 928 2001 954 ut
2021 926 2146 954 commit-

1293 971 1401 997 teretur
1424 969 1623 1007 inquisitionis
1651 972 1798 1008 nepotalem
1826 972 1972 1001 Guillelmo
1997 976 2023 1002 et
2050 973 2146 1002 Rorico

1292 1015 1326 1044 de
1347 1015 1451 1044 Ordine
1473 1017 1599 1045 Fratrum
1623 1018 1759 1046 Minorum
1773 1019 1792 1046 ⁵.
1814 1019 1940 1048 Fortasse
1962 1020 2012 1049 hae
2034 1028 2147 1057 quoque

1293 1063 1435 1091 occasione
1457 1063 1559 1092 sactum
1582 1068 1638 1098 est,
1661 1065 1735 1102 quod
1759 1066 1829 1094 idem
1852 1066 1980 1095 Urbanus
2003 1067 2043 1095 lV.
2060 1068 2145 1096 Bona-

1293 1114 1427 1139 venturae
1456 1111 1537 1139 «(1110
1565 1112 1710 1149 Evangelia
1740 1113 1887 1149 glossanda
1917 1114 2069 1148 dimiserit,
2099 1114 2146 1143 sed

1293 1164 1432 1186 excusans
1463 1166 1492 1187 se
1525 1163 1639 1196 propter
1667 1160 1805 1194 officium,
1828 1161 1901 1198 quod
1924 1162 2058 1196 habebat,
2081 1162 2146 1199 quia

1293 1205 1421 1241 Magister
1442 1206 1579 1242 generalis
1600 1209 1675 1241 erat,
1699 1207 1799 1236 Doctor
1821 1212 1934 1237 sanctus
1959 1209 2054 1238 Frater
2074 1210 2146 1238 Tho-

1294 1259 1353 1280 mas
1374 1253 1514 1288 supplevit
1527 1253 1538 1269 6
1551 1264 1577 1281 ».

1372 1299 1426 1327 1010
1450 1308 1515 1328 vero
1536 1301 1713 1337 generalatus
1734 1301 1856 1330 officium
1879 1303 1998 1340 urgebat
2019 1311 2092 1337 eum,
2115 1306 2146 1332 ut

1292 1346 1400 1375 adesset
1421 1348 1612 1376 exhumationi
1635 1349 1739 1377 ossium
1755 1350 1840 1378 sancti
1857 1350 1980 1385 Antonii;
2003 1359 2074 1388 quae
2096 1359 2145 1380 ex-

1293 1394 1418 1422 bumatio
1441 1395 1540 1423 Patavii
1563 1395 1607 1424 die
1629 1396 1646 1424 8
1669 1396 1769 1433 Aprilis
1803 1397 1877 1426 1263
1907 1398 1997 1426 locum
2031 1398 2144 1432 habuit,

1292 1449 1345 1469 non
1368 1441 1411 1470 die
1427 1443 1453 1475 7,
1470 1446 1501 1470 ut
1520 1442 1712 1479 Waddingus⁷
1734 1444 1836 1481 aliique
1858 1444 1969 1479 dicunt,
1992 1446 2065 1482 quod
2092 1446 2144 1474 iam

1292 1488 1496 1517 BollandistaeS
1527 1493 1554 1518 et
1583 1490 1708 1519 Bonelli⁹
1730 1495 1905 1520 notaverunt.
1940 1493 2143 1521 Solemnitatem

1292 1535 1333 1564 bis
1346 1536 1369 1552 ¹⁰
1392 1536 1517 1565 referunt
1538 1537 1596 1566 fere
1617 1537 1712 1566 iisdem
1736 1539 1828 1567 verbis
1848 1539 1985 1568 Chronica
1999 1540 2079 1569 xxiv
2095 1540 2145 1569 Ge-

1292 1582 1444 1611 neralium:
1472 1595 1485 1608 a
1500 1585 1576 1612 Anno
1600 1584 1705 1613 Domini
1724 1585 1798 1614 1263
1821 1586 1847 1613 10
1870 1585 1972 1614 Octava
1987 1587 2144 1615 Dominicae

1294 1629 1514 1659 Resurrectionis
1537 1632 1601 1666 (hoc
1622 1640 1694 1660 anno
1717 1633 1820 1661 Pascha
1841 1633 1939 1661 cecidit
1960 1633 2004 1662 die
2028 1635 2039 1662 1
2066 1634 2143 1670 Apri-

1292 1676 1340 1711 lis,
1362 1685 1394 1706 ac
1416 1677 1531 1714 proinde
1563 1678 1667 1707 Octava
1687 1679 1731 1708 die
1756 1681 1773 1708 8
1796 1680 1871 1717 Apr.)
1893 1681 2059 1709 translatum
2092 1681 2144 1709 11111

1292 1732 1394 1761 eorpus
1416 1725 1485 1753 beati
1509 1726 1615 1754 Antonii
1638 1727 1671 1755 ad
1694 1727 1895 1764 praegrandem
1927 1728 2070 1757 ecclesiam
2094 1736 2144 1765 per

1294 1772 1435 1801 paduanos
1464 1773 1490 1802 in
1518 1773 1578 1802 eius
1609 1774 1743 1803 honorem
1771 1778 1975 1810 constructam,
1998 1779 2143 1813 praesente

1292 1819 1426 1848 Generali.
1445 1820 1475 1848 Et
1490 1821 1550 1849 eins
1573 1821 1679 1858 lingua,
1701 1830 1773 1859 quae
1795 1831 1844 1859 per
1867 1822 1903 1851 32
1917 1824 1939 1840 11
1961 1823 1999 1858 (id
2014 1827 2055 1852 est
2069 1832 2085 1852 a
2099 1823 2143 1852 die

1295 1867 1328 1894 17
1352 1867 1419 1895 lunii
1446 1868 1538 1902 1231,
1560 1876 1591 1897 00
1621 1869 1735 1906 proinde
1757 1869 1793 1898 32
1815 1878 1918 1904 annos,
1940 1874 1997 1899 tres
2019 1879 2141 1905 menses,

1291 1914 1385 1943 decem
1408 1915 1478 1949 dies)
1500 1924 1586 1944 annos
1608 1916 1660 1945 sub
1683 1920 1757 1945 terra
1778 1917 1882 1951 fuerat,
1906 1920 2016 1954 reperta
2044 1922 2084 1947 est
2105 1918 2143 1946 ita

1355 2024 1362 2037 ¹
1384 2034 1394 2045 (ι
1407 2025 1506 2047 Transiit
1524 2026 1594 2054 igitur
1611 2032 1636 2048 ex
1656 2028 1699 2049 hoc
1717 2027 1805 2049 mundo
1822 2027 1851 2049 ad
1875 2028 1963 2049 patrem
1982 2030 2075 2049 sanctus
2092 2027 2143 2049 Fra-

1292 2068 1325 2086 ter
1342 2064 1453 2092 Aegidius
1470 2071 1530 2087 011110
1548 2066 1679 2088 dominicae
1697 2066 1859 2088 incarnationis
1881 2066 1937 2088 1262
1956 2067 1977 2088 111
1999 2067 2143 2089 solemnitate

1290 2104 1361 2126 sancti
1379 2104 1471 2132 Georgii
1489 2105 1517 2127 (10
1535 2108 1615 2131 nocte,
1633 2111 1644 2126 a
1671 2111 1712 2127 sua
1735 2106 1888 2128 conversione
1910 2112 1970 2128 anno
1988 2106 2025 2128 52.
2044 2106 2076 2128 De
2094 2112 2141 2135 quo

1290 2142 1382 2165 dicebat
1399 2144 1509 2166 dominus
1531 2144 1608 2166 Frater
1626 2145 1799 2172 Beneventum,
1817 2146 1931 2172 generalis
1948 2145 2047 2168 Minister
2064 2148 2086 2167 et
2104 2151 2142 2173 po-

1291 2184 1337 2204 stea
1355 2182 1487 2209 cardinalis,
1506 2183 1568 2211 quod
1587 2183 1608 2205 in
1627 2183 1663 2205 liis
1680 2189 1740 2212 quae
1757 2184 1786 2205 ad
1804 2184 1905 2205 aniinam
1923 2184 2048 2212 pertinent,
2061 2191 2087 2206 ex
2100 2184 2140 2206 Dei

1290 2221 1385 2249 speciali
1402 2221 1444 2244 sibi
1464 2222 1515 2244 data
1539 2223 1611 2250 gratia
1635 2223 1740 2251 adiuvat,
1758 2223 1843 2245 devote
1860 2223 1994 2250 invocatus,
2013 2226 2141 2251 praestante

1290 2261 1388 2283 Domino
1407 2265 1484 2284 nostro
1503 2262 1551 2284 lesu
1570 2261 1667 2290 Christo,
1685 2262 1724 2291 qui
1743 2262 1765 2284 in
1793 2262 1903 2285 Trinitate
1926 2264 2027 2291 perfecta
2045 2263 2102 2285 vivit
2119 2266 2141 2285 et

1289 2304 1371 2328 regnat
1392 2301 1413 2323 in
1438 2302 1529 2323 saecula
1552 2302 1698 2324 saeculorum
1710 2310 1733 2324 n.
1758 2302 1863 2324 Analecta
1882 2302 2003 2330 Francisc.,
2027 2305 2082 2324 tom.
2109 2302 2139 2324 lll.

1290 2345 1345 2367 pag.
1363 2340 1371 2361 11
1379 2340 1416 2362 v14.

1353 2377 1361 2390 ²
1381 2379 1435 2406 rag.
1451 2379 1479 2401 53
1499 2380 1541 2401 col.
1560 2380 1584 2402 ll.

1353 2417 1362 2429 ³
1380 2418 1499 2446 Sbaralea,
1518 2420 1642 2442 Bullarium
1660 2420 1782 2446 Francisc„
1800 2423 1854 2442 tom.
1882 2421 1906 2442 11.
1930 2426 1983 2448 pag.
2003 2420 2055 2442 443.
2080 2420 2140 2442 Bulla

1290 2457 1434 2480 inscribitur.-
1452 2457 1540 2481 Dilecto
1558 2458 1619 2481 Filio
1642 2459 1752 2482 Ministro
1775 2459 1882 2489 (Jenerali
1905 2459 2002 2482 Ordinis
2023 2459 2141 2482 Fratrum

1289 2496 1420 2520 Minorum.

1353 2535 1362 2549 4
1380 2536 1436 2559 lbid.
1454 2542 1507 2564 pag.
1526 2536 1583 2564 44&
1603 2537 1663 2559 Bulla
1680 2538 1802 2560 confirmat
1819 2538 1839 2560 01
1865 2538 1941 2560 omnia
1960 2538 2081 2566 privilegia
2099 2537 2140 2560 Or-

1290 2576 1357 2599 dinis.

1352 2614 1362 2627 ⁵
1379 2615 1424 2638 Csr.
1442 2616 1538 2642 Bonelli,
1557 2616 1711 2643 Prodromus,
1729 2617 1771 2639 col.
1790 2617 1818 2639 33
1836 2623 1890 2639 cum
1912 2616 2013 2639 relativis
2031 2616 2138 2639 tontibus.

1353 2654 1362 2667 ὃ
1379 2655 1523 2677 Ptolomaeus
1540 2655 1656 2683 Lucensis,
1674 2656 1730 2678 Hist.
1749 2657 1808 2678 Eccl.
1825 2656 1875 2678 Lib.
1897 2657 1933 2678 22.
1952 2662 2003 2684 cap.
2021 2657 2057 2678 24.
2076 2656 2139 2683 apud

1289 2694 1375 2716 Bonelli
1394 2693 1449 2715 ibid.

1353 2731 1362 2745 ⁷
1380 2733 1414 2755 Ad
1431 2739 1468 2755 an.
1490 2733 1546 2755 1263
1565 2740 1586 2755 n.
1610 2734 1647 2761 ¹45
1666 2737 1738 2757 totum
1756 2735 1877 2762 exponitur
1894 2741 1916 2757 n.
1934 2735 1955 2757 8.
1974 2741 2039 2763 seqq.

1353 2772 1362 2785 Β
1379 2773 1433 2795 Acta
1453 2774 1601 2801 Sanctorum,
1629 2773 1654 2795 11
1681 2774 1741 2802 lulli,
1760 2774 1810 2796 Vita
1837 2776 1858 2797 S,
1880 2775 2067 2803 Bonaventurae,
2085 2775 2098 2803 ¹3
2117 2774 2138 2796 Δ1.

1290 2819 1313 2834 n.
1332 2812 1370 2834 35.
2128 2812 2135 2814 ‘

1353 2850 1362 2863 ⁹
1379 2852 1528 2878 Prodromus,
1546 2852 1589 2874 col.
1607 2852 1644 2874 33.

1353 2890 1373 2903 ¹⁰
1390 2891 1495 2913 Analecta
1513 2891 1634 2918 From-ise,
1652 2894 1707 2913 tom.
1725 2892 1758 2914 ΙΙΙ.
1776 2898 1830 2920 pag.
1848 2893 1893 2915 (157
1910 2895 1932 2915 01
1949 2892 1994 2914 328
2011 2898 2060 2920 seq.

1354 2929 1371 2942 ¹¹
1391 2931 1419 2952 lta
1438 2929 1508 2952 habet
1525 2932 1605 2952 auctor
1623 2930 1789 2953 Chronirorum
1802 2938 1856 2959 pag.
1870 2932 1927 2958 328,
1945 2932 2002 2954 dum
2021 2938 2074 2959 pag.
2093 2931 2137 2953 1157

1290 2968 1380 2991 scribit:
1407 2975 1488 2997 «quac
1513 2975 1554 2996 per
1580 2969 1662 2992 xxvlt
1688 2976 1761 2992 annos
1786 2971 1807 2993 et
1831 2970 1935 2999 mnplius
1961 2969 2005 2992 sub
2027 2973 2086 2992 terra
2109 2970 2138 2991 ia-

1291 3011 1369 3030 cuerat
1380 3016 1402 3030 1).
