2269 3448
376 188 432 217 144

632 226 690 249 uos

422 267 508 289 1110οΝ01
526 278 556 283 --
573 267 694 293 Supernae
712 265 831 287 ierusalem
850 267 943 286 aeterna

374 305 485 329 stabilitas
502 312 543 334 per
560 306 651 327 moenia
669 304 804 332 designatur
821 304 861 325 601
883 309 895 325 a

423 345 515 367 1110011011
533 357 564 361 -
581 347 615 366 051
631 344 697 366 (10101-
714 344 743 365 de
760 342 861 371 peccatis
879 348 942 370 prae-

376 385 448 407 teritis
466 385 510 407 393
529 391 540 406 11
559 396 588 399 -
606 386 640 405 051
657 383 772 411 optimum
785 382 900 404 motivum
914 381 943 403 ad

375 424 527 446 bumilitatem
546 422 598 446 ibid.

424 464 508 485 Momm
526 475 557 478 —
575 462 650 489 flevit,
673 468 700 483 eo
726 461 788 490 quod
813 460 872 483 filius
896 462 945 482 erat

377 502 506 525 haereticus
523 505 545 524 et
563 502 637 523 malus
655 501 700 523 557
718 507 729 522 a

424 542 485 564 11111115
501 554 532 558 -
549 545 583 563 051
600 541 688 563 situalis
700 540 850 565 eminentiae,
865 539 944 560 immo-

377 581 428 603 bilis
446 580 605 609 persistentiae
622 583 644 601 et
661 579 761 601 liberalis
775 578 946 601 communican-

376 621 421 643 tiae
433 621 478 642 217
491 626 503 642 3
516 632 546 637 -
559 618 707 641 immobiliter
718 621 771 640 sunt
782 617 878 645 expositi
891 623 944 638 ven-

377 660 413 687 tis,
431 659 610 688 impulsionibus
627 658 687 680 aeris
704 660 726 679 et
743 656 866 685 grandium
883 655 911 678 ib.
930 655 945 677 b

376 712 407 715 —
423 699 514 725 omnia,
531 703 695 727 quaecumque
721 696 846 724 recipiunt,
868 695 944 717 statim

377 738 509 761 diffundunt
526 736 580 760 ibid.
597 749 628 753 —
647 737 668 758 in
695 736 815 764 pulverem
839 734 945 762 redigen-

378 781 414 800 tur
430 778 453 799 in
472 777 517 799 fine
535 777 615 799 mundi
633 776 662 797 35
680 781 691 797 3

424 829 455 833 —-
472 816 575 838 Christus
592 815 675 837 dicitur
692 820 799 836 summus
816 819 883 835 mons
901 812 945 835 455

377 862 390 878 a
401 869 432 872 —
445 856 552 883 designat
563 855 678 878 Christum
692 854 737 876 535
750 860 763 875 a
780 865 810 869 —
822 853 946 880 designant

377 895 478 923 Angelos
496 895 541 917 400
559 901 570 917 a
583 907 613 910 —
625 896 738 916 vocantur
756 892 832 919 Maria,
851 892 944 914 Patriar-

378 936 442 961 chae,
460 935 587 962 Prophetae
605 937 627 955 et
644 933 746 960 Apostoli
765 932 809 954 688
829 931 843 953 b
860 943 891 947 —
908 931 946 953 de-

378 975 470 1002 signant
496 973 638 995 Patriarclias
663 975 685 994 et
707 978 774 999 reges
800 971 844 993 432
871 970 885 993 b
915 982 946 986 -—-

378 1014 499 1041 designant
518 1015 607 1034 mentes
624 1012 747 1034 Beatorum
767 1010 810 1032 449
829 1009 844 1032 b
861 1022 892 1026 —
909 1010 946 1032 de-

378 1052 455 1080 signat
473 1053 600 1080 praelatum
614 1051 659 1073 217
677 1057 689 1072 11
700 1063 731 1066 -
749 1050 863 1077 significat
880 1055 947 1077 prae-

379 1092 521 1120 parationem
540 1091 704 1119 praclatorum,
716 1090 845 1111 activorum
858 1092 879 1111 et
897 1094 947 1110 eon·

381 1131 568 1159 templativorum
590 1129 644 1153 ibid.
663 1142 688 1145 —u
709 1129 814 1157 designat
833 1127 947 1156 superbos

380 1170 425 1193 432
443 1169 458 1192 b
475 1182 505 1186 —
532 1170 554 1192 111
577 1176 624 1198 quo
647 1168 750 1190 Christus
771 1167 948 1195 transfiguratus

379 1213 426 1237 est,
443 1209 558 1237 significat
576 1209 698 1230 let-usalem
718 1207 808 1229 beatam
827 1207 872 1229 219
890 1213 901 1228 a
916 1219 947 1222 —

379 1249 487 1277 designat
503 1248 667 1276 poenitentiam
686 1247 730 1269 540
746 1253 758 1268 a

427 1301 458 1304 —
476 1287 565 1310 Domini
584 1287 640 1315 qnid
653 1286 768 1314 significet
786 1287 810 1308 31
833 1292 845 1307 a
862 1298 892 1302 —
905 1286 947 1307 Sex

380 1331 433 1350 sunt
451 1327 555 1350 eiusdem
575 1326 696 1354 privilegia
715 1325 769 1348 ibid.
787 1338 815 1340 —
833 1325 867 1347 Ad
886 1331 948 1347 mon-

380 1371 424 1390 tem
445 1366 533 1389 Domini
552 1365 724 1388 ascendendum
743 1368 777 1387 est
796 1371 836 1392 per
847 1367 948 1393 quatuor

379 1406 486 1429 exercitia
504 1405 533 1428 ib.
552 1405 566 1427 b
585 1418 613 1420 —
631 1407 760 1427 aromatum
773 1407 808 1426 est
824 1407 896 1426 status
908 1404 948 1425 Re-

380 1446 484 1474 ligionis,
502 1444 625 1473 patientiae
648 1447 670 1466 et
692 1443 846 1471 poenitentiae
865 1442 905 1465 541
934 1442 948 1464 b

379 1497 410 1502 —
428 1485 493 1507 lsrael
511 1484 617 1512 designat
630 1483 823 1511 contemplativos
835 1483 879 1504 218
893 1488 905 1504 3
918 1495 947 1497 -

379 1524 497 1552 caliginosi
515 1527 568 1546 sunt
584 1524 613 1545 illi
634 1523 674 1552 qui
692 1523 747 1545 dant
762 1522 815 1544 falsa
829 1522 947 1549 dogmata,

381 1564 474 1586 consilia
490 1564 526 1585 rel
545 1563 629 1585 iudicia
647 1562 692 1583 689
710 1568 722 1584 a
744 1575 769 1577 —
787 1560 874 1583 Gelboe
891 1561 948 1583 desi-

381 1606 453 1631 gnaut
470 1606 661 1631 praesumtuosos
678 1602 723 1623 229
741 1607 753 1623 3
767 1614 795 1617 -—
809 1600 894 1623 Gelboe
906 1600 947 1622 de-

380 1642 473 1671 signant
489 1642 573 1669 elatos,
591 1641 696 1668 invidos,
713 1641 835 1662 indevotos
852 1640 897 1662 689
914 1646 926 1661 a

429 1695 457 1697 —
476 1682 560 1710 Quales
582 1683 672 1703 montes
694 1686 744 1702 esso
761 1679 901 1707 debeamus,
924 1682 948 1701 ut

380 1721 457 1743 divina
477 1720 548 1748 gratia
568 1720 589 1742 in
606 1726 649 1742 nos
665 1719 791 1742 descendat
807 1718 862 1742 ibid.

429 1761 490 1782 lllons
506 1772 538 1776 —
554 1763 587 1782 est
607 1759 694 1787 triplex,
712 1759 798 1781 scilicet
815 1759 904 1786 culpae,
916 1758 948 1779 vi-

381 1803 416 1822 tae
433 1799 559 1828 praesentis
577 1802 599 1821 et
616 1805 704 1826 poenae
721 1798 855 1826 gehennalis
873 1798 917 1819 608
935 1803 946 1819 3

381 1852 411 1855 -
429 1842 521 1861 aeterna
539 1845 594 1861 vere
612 1845 674 1860 mors
691 1841 726 1860 est
744 1837 787 1860 473
806 1837 821 1859 b
843 1849 874 1853 -—
895 1837 947 1859 Nul-

380 1878 416 1900 lus
433 1877 541 1900 liberatur
559 1884 570 1900 a
589 1880 662 1899 morte
680 1880 786 1904 aeterna,
807 1877 848 1898 nisi
872 1877 947 1904 primo

381 1917 490 1940 liberetur
508 1924 519 1939 a
539 1920 612 1939 morte
630 1917 755 1945 iniquitatis
773 1917 817 1938 239
836 1922 847 1938 a
860 1928 890 1932 —
903 1916 948 1937 Me-

381 1957 424 1979 lius
441 1960 500 1979 esset
518 1956 614 1978 interfici
632 1956 782 1983 corporaliter
804 1961 874 1984 quam
897 1955 947 1977 neci

383 1995 549 2018 consentiendo
574 1995 670 2017 interfici
693 1995 840 2022 spiritualiter
862 1994 906 2016 465
933 1993 947 2015 1)

383 2036 444 2057 -10
464 2038 537 2056 morte
555 2035 689 2062 intelligitur
706 2034 823 2056 tolerantia
842 2034 947 2055 dolorum

382 2073 410 2096 48
428 2080 441 2096 a

423 2126 453 2129 -—
471 2113 555 2135 occidit
568 2118 654 2140 corpus
666 2112 822 2140 temporaliter
840 2112 884 2133 396
897 2118 908 2133 a
920 2124 949 2126 —

382 2153 484 2174 animam
503 2158 515 2174 a
528 2158 625 2180 corpore
637 2151 760 2173 crudeliter
772 2154 864 2179 separat
877 2150 900 2172 41
912 2152 916 2171 1
935 2150 949 2172 b

381 2203 411 2208 —
429 2194 463 2213 est
476 2191 589 2213 maximus
606 2191 662 2213 inter
680 2196 760 2213 omnes
777 2190 880 2212 defectus
898 2195 949 2217 poe-

384 2231 481 2252 nalitatis
500 2230 543 2252 273
562 2237 582 2252 a.
601 2230 640 2252 411
664 2229 678 2252 b
697 2243 724 2245 —
743 2233 776 2252 est
797 2230 892 2251 materia
910 2229 950 2251 de-

382 2270 498 2292 solationis
516 2270 555 2292 271
578 2276 599 2292 a.
617 2270 661 2292 273
680 2276 691 2291 a
714 2282 745 2286 —
767 2270 808 2291 Per
832 2269 950 2297 poeniten-

384 2309 438 2331 tiam
456 2308 571 2331 debemus
594 2309 651 2331 mori
678 2309 701 2330 in
727 2310 769 2330 11110
795 2309 840 2330 vita
864 2311 886 2330 et
908 2314 950 2336 per

383 2351 481 2371 mortem
500 2351 595 2370 naturae
607 2348 696 2370 eximus
713 2347 742 2370 ab
755 2349 798 2370 liae
815 2348 861 2370 vita
880 2347 924 2369 270
937 2353 949 2369 3

429 2400 460 2404 -
472 2388 524 2409 licet
535 2394 547 2409 a
559 2387 605 2409 Deo
620 2387 647 2409 sit
659 2387 750 2414 inflicta,
760 2388 809 2409 eius
822 2393 890 2409 causa
903 2393 949 2408 non

383 2430 417 2449 est
430 2427 497 2454 Deus²
510 2427 549 2449 sed
564 2427 670 2448 voluntas
686 2426 772 2449 cadens
784 2432 795 2448 a
813 2426 950 2448 rectitudine

382 2466 480 2488 iustitiae
503 2466 546 2488 273
567 2472 587 2488 a.
606 2465 646 2487 411
669 2465 683 2487 b
701 2478 731 2482 —
748 2472 793 2487 non
811 2468 845 2488 est
865 2466 894 2487 de
914 2472 950 2487 na-

383 2508 433 2527 tura
449 2505 549 2527 hominis
562 2505 664 2531 instituti,
676 2505 716 2527 sed
730 2511 805 2532 poena
818 2504 950 2527 inobedien-

384 2544 428 2566 tiae
446 2544 547 2566 hominis
569 2544 625 2572 lapsi
644 2544 684 2566 271
715 2550 727 2565 a
749 2556 779 2560 —-
801 2544 852 2566 licet
877 2545 951 2565 trahat

383 2584 527 2605 occasionem
537 2590 549 2605 a
561 2583 711 2605 fraudulentia
723 2583 801 2610 hostis,
812 2586 887 2604 tamen
897 2588 951 2604 cau-

384 2629 432 2644 sam
446 2622 515 2644 habet
527 2622 556 2644 ab
569 2623 700 2650 arrogantia
714 2622 797 2644 1000115
809 2625 830 2643 01
842 2628 950 2644 00051101-

384 2662 510 2683 mationem
528 2668 540 2683 a
564 2661 750 2688 concupiscentia
772 2661 847 2683 carnis
870 2661 914 2682 273
937 2666 949 2682 3

384 2712 414 2716 -
432 2701 485 2722 Ε1115
503 2700 569 2727 origo
592 2703 626 2721 cst
650 2700 717 2722 elatio
741 2700 823 2721 mentis
849 2699 951 2722 mulieris

385 2739 424 2761 411
448 2739 462 2761 b
482 2752 508 2755 —-
527 2746 572 2761 non
591 2742 624 2761 est
637 2739 718 2761 inflicta
732 2739 775 2761 11151
788 2742 882 2766 propter
900 2745 951 2766 pec-

385 2782 462 2801 catum
481 2778 525 2800 647
544 2785 556 2800 a
568 2791 599 2794 —
617 2778 669 2800 Eius
687 2778 809 2800 necessitas
827 2778 951 2800 incurritur

386 2821 479 2845 propter
502 2817 643 2839 debilitatem
670 2817 797 2844 potentiae,
817 2817 950 2839 caecitatem

384 2857 540 2884 ignorantiae⁷
562 2856 724 2884 poenalitatem
747 2857 853 2878 miseriae
871 2856 915 2878 432
938 2862 950 2877 3

384 2908 414 2912 -
431 2895 523 2918 durabit
549 2902 623 2924 usque
645 2896 673 2917 ad
698 2896 827 2923 generalem
852 2901 951 2917 resurre-

385 2935 483 2957 ctionem
504 2934 531 2956 48
550 2942 561 2956 11
581 2947 609 2950 —
628 2935 738 2957 llomincs
755 2941 837 2957 omnes
854 2937 907 2957 ante
920 2935 949 2956 ul·

386 2973 467 2995 timum
487 2974 596 2996 iudicium
616 2974 742 2996 morientur
760 2974 788 2995 35
806 2980 818 2995 a

1024 276 1054 280 ——-
1072 263 1129 286 Nihil
1147 266 1181 285 est
1198 263 1283 285 certius
1300 266 1387 289 morte,
1402 262 1457 284 nihil
1474 262 1545 284 10001·

977 303 1022 325 tius
1039 303 1089 325 eius
1106 303 1161 324 hora
1175 302 1218 324 606
1237 308 1249 324 3
1261 314 1293 318 -
1304 302 1367 324 Hanc
1380 302 1491 323 Dominus
1503 307 1544 323 vo-

977 342 1018 365 luit
1030 348 1080 364 esse
1093 342 1211 368 incertam,
1226 344 1250 363 ut
1262 347 1354 369 semper
1367 341 1474 363 timeatur
1491 339 1544 362 ibid.

977 394 1008 397 —
1035 381 1144 410 Quotidie
1169 380 1283 403 morimur
1310 386 1351 402 nec
1377 380 1404 402 ad
1433 382 1544 407 punctum

977 424 1039 443 stare
1056 427 1182 449 possumus
1200 420 1245 442 545
1263 419 1278 441 b
1304 432 1333 435 —
1352 419 1412 441 tttnlti
1432 418 1546 441 intrabant

977 461 1061 482 lectum
1079 460 1127 482 sani
1146 462 1168 482 et
1190 460 1212 481 10
1233 459 1334 481 crastino
1351 458 1381 480 ibi
1399 457 1546 480 invenieban-

979 502 1015 521 tur
1032 499 1117 521 mortui
1135 499 1180 521 525
1198 498 1213 521 b
1229 510 1261 514 —
1284 498 1350 526 Quod
1372 498 1442 520 Semel
1464 496 1494 519 ab
1519 503 1545 519 ea

978 539 1076 567 capitur,
1094 544 1213 567 nunquam
1232 538 1353 560 dimittitur
1372 537 1411 559 421
1434 537 1448 559 b

1026 590 1056 594 —
1074 577 1154 600 Omnis
1172 583 1213 605 per
1235 580 1341 599 naturam
1360 579 1464 598 creatura
1483 576 1545 598 timet

979 620 1001 639 et
1019 617 1076 645 fugit
1091 620 1188 639 mortem
1202 617 1246 639 523
1260 616 1275 638 1)
1292 628 1323 632 -
1341 616 1441 638 10005510
1459 615 1547 637 timoris

979 656 1060 679 mortis
1077 662 1104 678 ex
1121 658 1221 685 quatuor
1238 658 1329 678 creatur
1346 655 1391 677 607
1405 654 1420 677 b
1437 667 1467 671 —
1480 655 1548 677 Medi-

980 696 1034 718 tatio
1051 695 1132 717 mortis
1144 698 1245 717 mentem
1256 695 1354 717 multum
1365 694 1470 716 humiliat
1479 694 1523 716 676
1534 700 1545 716 a

978 747 1009 751 —
1022 734 1129 757 Memoria
1144 735 1224 756 mortis
1236 734 1312 761 efficit,
1325 740 1353 756 00
1365 734 1491 756 0005013110
1504 733 1547 755 dis-

979 774 1081 796 soh-atur
1094 773 1116 795 in
1129 773 1236 795 laetitiam
1251 773 1295 795 273
1308 779 1320 794 3
1332 786 1363 789 —
1375 773 1418 801 Qui
1433 779 1548 795 memores

979 816 1032 835 sunt
1050 813 1130 835 mortis
1147 813 1290 835 visitationes
1311 813 1403 835 divinas
1419 812 1548 839 suscipiunt

980 853 1024 874 676
1040 858 1053 874 a
1070 865 1101 868 —
1118 852 1195 874 Mortis
1213 852 1331 874 meditatio
1346 851 1489 879 significatur
1507 857 1548 878 per

979 892 1106 914 sessionem
1117 891 1223 914 Abrahae
1236 892 1257 913 in
1270 891 1328 913 ostio
1342 890 1480 913 tabernaculi
1493 889 1547 913 ibid.

1027 944 1057 948 —
1075 931 1119 960 Qui
1136 932 1186 953 vult
1204 930 1263 953 bene
1281 930 1340 952 mori
1358 930 1427 952 debet
1444 930 1547 958 cogitare

980 971 1009 994 de
1027 971 1086 993 bona
1111 970 1156 993 vita
1175 971 1220 992 618
1238 976 1250 992 3
1276 982 1307 986 -
1332 969 1442 992 Medicina
1467 970 1547 991 mortis

980 1013 1116 1038 praeparata
1134 1013 1168 1032 est
1187 1016 1227 1038 per
1239 1009 1322 1032 Christi
1335 1009 1465 1037 passionem
1477 1009 1521 1031 273
1534 1015 1546 1030 3

1026 1062 1057 1066 -
1075 1050 1193 1077 Tempore
1204 1049 1284 1071 mortis
1296 1055 1341 1071 non
1360 1049 1405 1070 iam
1424 1054 1548 1076 possumus

980 1089 1072 1117 operari
1088 1089 1116 1111 ad
1135 1088 1322 1111 satisfaciendum
1341 1088 1386 1110 387
1404 1094 1415 1109 a
1439 1100 1469 1104 —
1493 1089 1549 1109 Ante

982 1132 1079 1150 mortem
1105 1134 1151 1150 non
1177 1130 1211 1150 est
1235 1127 1402 1156 quiescendum
1426 1127 1471 1149 574
1488 1133 1499 1148 a
1519 1139 1549 1143 —

982 1168 1039 1189 Ante
1061 1170 1160 1189 mortem
1184 1173 1253 1189 nemo
1275 1169 1309 1188 est
1330 1167 1397 1194 plene
1419 1166 1550 1188 landandus

983 1207 1024 1229 271
1047 1206 1062 1228 b

1029 1259 1059 1262 —
1086 1249 1199 1274 qnantum
1229 1249 1263 1267 est
1287 1245 1316 1267 de
1341 1252 1379 1271 se,
1403 1248 1437 1267 est
1462 1245 1548 1272 peccati

984 1292 1069 1313 poena,
1087 1290 1109 1307 et
1127 1285 1179 1307 ideo
1198 1285 1330 1311 toleranda,
1346 1285 1400 1313 qnia
1418 1283 1550 1306 inobedien-

983 1325 1036 1347 tiam
1055 1325 1127 1352 punit,
1146 1330 1270 1352 personam
1288 1330 1334 1346 non
1361 1324 1458 1351 accipit,
1481 1324 1550 1345 nemi-

982 1370 1034 1386 nem
1052 1364 1193 1392 impunitum
1212 1364 1319 1392 relinquit
1337 1363 1377 1385 271
1401 1370 1413 1385 a
1432 1375 1463 1379 —
1480 1369 1550 1391 quan-

981 1407 1029 1426 tum
1048 1406 1082 1425 est
1098 1403 1128 1425 de
1145 1404 1234 1425 ratione
1250 1403 1348 1425 iustitiae
1366 1403 1500 1429 adiunctae,
1517 1405 1551 1424 est

981 1443 1090 1465 transitus
1112 1443 1141 1465 ad
1160 1443 1245 1470 vitam,
1268 1445 1290 1464 et
1314 1442 1366 1464 ideo
1391 1441 1457 1464 bonis
1482 1448 1550 1470 appe-

982 1483 1062 1510 tenda,
1080 1482 1134 1511 quia
1157 1482 1196 1504 dat
1222 1482 1290 1504 finem
1309 1481 1438 1504 actionibus
1455 1481 1550 1503 laborio-

981 1523 1019 1550 sis,
1037 1522 1201 1544 tentationibus
1218 1522 1361 1550 periculosis,
1387 1520 1550 1543 afflictionibus

982 1562 1090 1584 taediosis
1108 1561 1137 1585 ib.
1155 1568 1176 1589 a,
1189 1561 1203 1583 b
1222 1574 1250 1577 -
1269 1561 1315 1583 Nou
1334 1560 1448 1583 debemus
1465 1561 1550 1582 contri-

981 1602 1035 1624 stari
1058 1601 1087 1624 de
1111 1603 1184 1623 morte
1207 1601 1335 1628 bonorum,
1360 1600 1413 1629 quia
1437 1599 1550 1622 babemus

981 1641 1090 1663 fiduciam
1109 1640 1284 1663 resurrectionis
1302 1640 1346 1662 274
1364 1646 1376 1661 3
1394 1652 1424 1656 —-
1438 1641 1458 1662 10
1478 1640 1550 1661 Thra-

981 1680 1015 1703 cia
1033 1681 1087 1703 olim
1107 1686 1157 1702 mos
1174 1680 1215 1702 fuit
1234 1681 1256 1702 in
1270 1683 1342 1702 morte
1360 1679 1479 1701 hominum
1493 1685 1550 1707 gau-

981 1720 1047 1747 dere,
1071 1720 1125 1748 quia
1145 1719 1225 1741 mundi
1243 1720 1302 1741 mala
1321 1719 1448 1746 effugerent
1471 1718 1516 1740 545
1534 1717 1549 1739 1)

1032 1772 1058 1775 —-
1077 1759 1131 1781 lllori
1150 1759 1172 1781 10
1191 1758 1298 1781 manibus
1321 1759 1411 1780 Domini
1437 1762 1471 1780 est
1491 1757 1548 1780 mori

983 1799 1005 1821 in
1023 1798 1085 1821 bono
1111 1801 1169 1821 statu
1189 1798 1218 1820 55
1236 1804 1246 1820 a
1265 1810 1296 1814 —
1313 1798 1355 1826 Qui
1375 1798 1504 1820 moriuntur
1527 1798 1548 1818 in

982 1838 1090 1860 manibus
1115 1838 1217 1865 Domini,
1235 1840 1353 1859 transeunt
1375 1837 1398 1858 in
1424 1836 1548 1858 continenti

982 1877 1009 1899 ad
1029 1883 1127 1904 regnum
1145 1876 1200 1899 ibid.
1217 1889 1247 1893 -
1265 1877 1344 1898 Anima
1364 1876 1387 1898 in
1405 1876 1550 1903 separatione

982 1923 993 1938 a
1004 1922 1102 1944 corpore
1112 1916 1246 1944 perducitur
1256 1916 1284 1938 ad
1293 1915 1459 1943 possidendum
1469 1915 1549 1941 Deum,

982 1958 1022 1978 aut
1039 1955 1158 1977 diabolum
1177 1956 1221 1977 630
1242 1954 1255 1977 b
1275 1968 1301 1970 —
1321 1955 1404 1976 iniusto
1427 1957 1461 1976 est
1484 1957 1549 1982 porta

983 1995 1064 2017 mortis
1081 1998 1187 2017 aeternae
1207 1994 1251 2016 603
1270 2001 1281 2015 11

1030 2034 1186 2056 ittonrmcnio
1204 2046 1234 2049 —
1252 2034 1369 2061 restringIt
1389 2033 1551 2060 concupiscen-

984 2074 1046 2100 113111,
1064 2076 1141 2095 0101115
1158 2076 1180 2094 et
1197 2073 1311 2095 desideria
1330 2073 1405 2094 carnis
1424 2072 1467 2093 417
1485 2078 1496 2093 a
1520 2084 1551 2088 --

984 2113 1025 2134 Per
1044 2113 1116 2140 ipsam
1135 2112 1234 2134 servitur
1253 2112 1299 2134 Deo
1312 2111 1356 2133 3373
1371 2111 1385 2133 1)
1397 2124 1426 2127 -
1445 2111 1486 2133 Per
1499 2117 1551 2139 poe-

984 2152 1101 2173 nitentiam
1119 2151 1234 2173 debemus
1250 2157 1343 2173 carnem
1363 2153 1464 2173 nostram
1482 2151 1552 2172 sacri-

985 2191 1054 2212 ficare
1072 2197 1113 2218 pro
1131 2190 1221 2213 Christo
1239 2191 1284 2212 304
1304 2189 1317 2211 b
1335 2203 1365 2206 —
1383 2190 1472 2212 Nervus
1497 2190 1551 2211 dici-

985 2234 1020 2252 tnr
1038 2236 1189 2257 marcescere,
1208 2229 1303 2258 quando
1330 2230 1480 2251 mortificatur
1497 2235 1551 2251 caro

984 2269 1028 2291 578
1047 2275 1058 2291 3
1081 2282 1110 2285 -
1136 2268 1251 2291 Debemus
1277 2269 1415 2291 mortificare
1441 2269 1552 2290 vanitates

984 2309 1126 2336 spirituales,
1144 2309 1274 2336 voluptates
1299 2309 1401 2330 carnales
1419 2310 1441 2329 et
1463 2307 1552 2335 cupidi-

984 2350 1041 2370 tates
1059 2348 1198 2375 temporales
1215 2347 1259 2369 246
1274 2347 1288 2369 b
1300 2360 1329 2363 —
1341 2347 1417 2369 carnis
1428 2347 1552 2375 aliquando

984 2387 1089 2415 perditur
1107 2393 1148 2415 per
1160 2386 1303 2415 superbiam,
1316 2386 1439 2415 aliquando
1458 2392 1498 2414 per
1510 2392 1552 2413 gn-

984 2427 1029 2448 lam
1047 2426 1092 2448 375
1110 2433 1121 2448 a

1032 2466 1117 2487 1110111111
1136 2477 1166 2481 ——
1184 2465 1325 2487 Mortuorum
1345 2468 1389 2487 tres
1411 2467 1463 2486 sunt
1489 2464 1553 2486 diffe-

984 2504 1070 2526 rentiae
1088 2504 1133 2526 608
1152 2503 1166 2526 b
1187 2517 1213 2519 —
1240 2504 1265 2526 Hi
1289 2504 1448 2531 significantur
1470 2503 1490 2525 in
1515 2503 1552 2524 Pa-

985 2543 1059 2565 tribus
1075 2543 1160 2565 veteris
1179 2543 1318 2565 Testamenti
1337 2542 1391 2565 ibid.

1032 2583 1134 2605 lilortvuu
1151 2595 1181 2598 -
1199 2582 1232 2604 Ad
1253 2582 1382 2604 faciendum
1405 2581 1490 2610 aliquid
1510 2587 1551 2608 per

984 2625 1084 2650 quatuor
1103 2627 1225 2643 movemur
1243 2621 1287 2642 558
1306 2620 1328 2642 b.
1347 2621 1390 2643 ³559
1410 2626 1422 2642 a

1033 2661 1107 2683 Mo'rus
1124 2673 1154 2676 —-
1180 2660 1235 2683 dicit
1261 2659 1384 2682 terminum
1412 2660 1456 2681 320
1483 2659 1497 2680 1)
1520 2672 1549 2674 -

985 2700 1060 2722 001015
1077 2702 1111 2722 051
1129 2702 1223 2727 propter
1240 2699 1342 2727 quietem
1361 2699 1405 2720 267
1425 2698 1439 2720 b
1464 2711 1490 2713 —
1509 2698 1551 2720 011·-

985 2739 1068 2761 cularis
1086 2745 1132 2761 non
1149 2742 1224 2761 cessat
1242 2739 1287 2760 612
1306 2738 1320 2759 b

1032 2779 1120 2800 lilorses
1138 2791 1166 2793 —
1184 2778 1311 2800 occultatus
1334 2780 1367 2799 est
1390 2783 1401 2799 a
1421 2777 1477 2799 facie
1495 2777 1552 2798 Pha-

986 2817 1062 2839 raonis
1079 2817 1125 2839 665
1142 2823 1153 2838 a
1172 2829 1203 2833 —
1220 2817 1266 2839 Cur
1285 2817 1396 2838 Dominus
1419 2816 1462 2843 ipsi
1479 2822 1552 2843 appa—

985 2857 1056 2879 ruerit
1073 2858 1094 2878 in
1113 2857 1205 2878 flamma
1218 2855 1270 2878 rubi
1284 2856 1328 2878 030
1341 2862 1352 2877 11
1370 2868 1400 2871 -
1414 2855 1455 2877 fuit
1467 2855 1552 2877 electus

985 2896 1006 2917 in
1025 2896 1151 2923 praelatum
1170 2895 1249 2923 populi
1268 2897 1363 2922 propter
1381 2895 1505 2922 perfectam
1518 2894 1552 2915 iu-

984 2935 1068 2957 stitiam
1079 2935 1124 2957 516
1137 2934 1151 2956 b
1166 2947 1193 2950 —-
1206 2935 1315 2957 exaltatus
1324 2936 1365 2960 est,
1375 2933 1428 2962 quia
1441 2939 1465 2955 se
1478 2933 1551 2955 1111011-

985 2974 1048 2995 liavit
1065 2973 1110 2995 577
1129 2973 1143 2995 b
1160 2985 1190 2989 —
1209 2973 1319 2995 Dominus
1337 2972 1420 2999 voluit,
1439 2972 1551 3000 populum

929 185 1029 214 INDEX
1051 184 1291 213 ALPHABETlCUS
1312 184 1390 212 NONl
1413 183 1600 212 VOLUMlNlS.

1835 221 1893 244 111οΝ

1578 267 1654 283 suum⁴
1664 260 1715 289 regi
1732 267 1773 289 per
1791 261 1883 288 Moysen
1902 260 1948 282 525
1961 259 1976 282 b
1995 273 2023 276 ——
2041 259 2147 282 liberavit

1578 301 1691 328 populum
1710 300 1829 332 captivum
1848 300 1893 322 665
1905 306 1918 321 3
1932 313 1960 315 -
1973 300 2002 322 ad
2019 301 2070 328 1100,
2082 300 2147 329 quod

1578 339 1694 367 acciperet
1705 340 1799 367 Legem,
1812 339 1924 362 ieiunavit
1934 339 2087 367 quadraginta
2101 339 2147 361 die-

1579 379 1623 401 bus
1641 379 1686 401 635
1704 378 1719 401 b
1741 391 1771 395 —-
1792 379 1815 401 ln
1837 380 1881 401 1100
1905 379 1990 400 10111010
2013 378 2148 406 designatur

1579 418 1709 446 purificatio
1727 418 1806 446 legalis
1823 417 1878 440 ibid.
1890 430 1921 434 —
1933 418 2023 440 audivit
2040 424 2147 440 socerum

1580 458 1651 480 multo
1669 457 1802 479 inferiorem
1820 460 1843 479 et
1860 457 1913 479 ideo
1931 457 2057 485 sapientior
2075 458 2147 479 factus

1579 500 1614 519 est
1632 497 1675 519 456
1694 496 1709 519 b

1626 548 1657 552 --
1676 537 1697 558 111
1715 536 1766 564 ipso
1783 538 1832 558 erat
1849 535 1978 558 obedientia
1998 542 2055 564 pura
2075 536 2118 558 439
2133 535 2148 558 b

1580 588 1610 592 —
1628 575 1668 597 fuit
1685 581 1784 603 magnus
1801 576 1874 598 cultor
1892 575 2020 597 Divinitatis
2039 575 2066 597 48
2086 574 2100 596 b
2117 587 2148 591 —

1580 617 1629 636 erat
1646 614 1827 642 gratiosissimus
1850 615 1872 636 in
1890 614 1963 637 oculis
1985 614 2024 636 Dei
2047 613 2100 637 ibid.
2117 626 2149 630 —

1580 654 1635 676 011111
1654 653 1804 681 principalius
1821 653 1955 682 requirebat
1977 659 1988 675 3
2013 653 2059 676 Deo
2077 659 2147 682 quam

1581 693 1661 715 videre
1679 693 1760 715 faciem
1779 692 1860 715 Christi
1878 692 1936 715 ibid.
1951 705 1981 709 —
1999 693 2022 714 in
2039 692 2149 715 omnihus

1581 732 1660 754 verbis
1677 732 1725 754 suis
1742 733 1834 754 oculum
1854 731 1935 754 habuit
1951 732 1980 754 ad
1997 732 2044 754 Filii
2064 732 2103 754 Dei
2116 732 2149 754 in-

1581 772 1737 794 carnationem
1760 772 1801 794 128
1820 778 1831 793 3
1850 784 1879 787 -
1902 771 2010 799 designat
2032 771 2147 794 Christum

1582 811 1626 834 548
1645 817 1657 833 a

1629 851 1711 873 lllumus
1724 851 1868 879 (Monachus)
1878 862 1909 866 —
1921 850 1992 872 solem
2005 850 2035 872 ad
2047 850 2149 872 occasio-

1581 896 1634 913 nem
1652 890 1802 913 deelinantem
1821 890 1907 912 diutius
1925 892 1985 912 stare
2002 889 2054 912 fecit
2071 889 2111 911 551
2134 888 2148 911 b

1630 930 1713 952 Matisa
1730 942 1761 946 —
1778 932 1812 952 est
1829 929 1908 952 timida
1926 935 1953 951 ex
1971 932 2052 951 natura
2072 929 2116 951 1173
2134 928 2149 951 b

1581 982 1611 985 —
1629 975 1710 991 omnes
1731 975 1784 991 cum
1808 969 1994 997 concupiscentia
2016 969 2150 996 concipiunt

1583 1009 1627 1031 135
1640 1015 1651 1031 a
1669 1022 1700 1025 —
1718 1008 1823 1036 designat
1835 1008 1936 1031 divinam
1951 1008 2091 1036 Sapientiam
2104 1008 2148 1029 369

1582 1055 1594 1070 a
1612 1061 1642 1064 —
1661 1048 1769 1076 designat
1785 1054 1877 1070 carnem
1897 1048 1937 1070 261
1960 1054 1972 1069 11

1629 1100 1660 1104 -
1678 1088 1794 1116 Quantum
1814 1087 1899 1109 malum
1912 1087 1941 1109 sit
1958 1087 2040 1109 mulier
2057 1089 2079 1109 01
2090 1080 2150 1115 quae

1583 1127 1641 1149 mala
1660 1133 1701 1155 per
1720 1127 1793 1154 ipsam
1813 1127 1867 1148 liant
1889 1126 1932 1149 459
1951 1133 1962 1148 3
1981 1138 2011 1143 -
2029 1126 2149 1148 Cat-nalem

1582 1167 1726 1189 affectionem
1752 1166 1782 1189 ad
1807 1166 1915 1188 mulieres
1939 1166 2058 1194 deponere
2079 1165 2150 1188 debe-

1583 1212 1635 1228 mus
1653 1206 1693 1228 591
1716 1205 1731 1228 b
1748 1218 1779 1222 —
1797 1205 1882 1228 insania
1906 1208 1940 1228 est
1957 1211 2042 1233 corpus
2060 1208 2082 1227 et
2098 1211 2150 1227 500-

1583 1251 1622 1267 5115
1644 1251 1760 1273 exponere-
1782 1245 1811 1267 ad
1834 1245 1961 1267 videndum
1980 1245 2087 1267 mulieres
2105 1244 2149 1266 476

1583 1291 1594 1306 a
1618 1297 1650 1300 —
1672 1284 1802 1307 Similitudo
1826 1283 1880 1307 ibid.
1907 1297 1938 1300 —
1960 1284 1978 1306 si
2004 1284 2096 1306 videtur
2120 1283 2150 1305 ad

1583 1324 1810 1351 concupiscendum,
1828 1323 1900 1351 gratia
1921 1323 2025 1351 perditur
2042 1326 2065 1345 et
2086 1323 2150 1345 letale

1584 1363 1669 1385 vulnus
1686 1363 1798 1390 accipitur
1815 1361 1869 1385 ibid.
1886 1375 1915 1378 —
1933 1368 2034 1391 nequam
2052 1362 2113 1390 capit
2129 1366 2151 1384 01

1584 1403 1652 1425 trahit
1674 1402 1776 1425 lubricos
1799 1402 1827 1424 ad
1851 1402 2004 1424 carnalitatem
2029 1402 2073 1424 396
2090 1408 2101 1423 a
2120 1414 2150 1418 —

1585 1448 1684 1470 nequam
1697 1442 1781 1464 occidit
1792 1448 1878 1470 eorpus
1890 1444 1909 1464 et
1929 1441 2029 1463 animam
2048 1444 2151 1463 aeterna-

1584 1482 1633 1504 liter
1651 1480 1703 1504 ibid.
1721 1493 1752 1497 —
1769 1484 1804 1503 est
1821 1482 1917 1509 laqueus
1935 1481 2075 1503 daemonum
2094 1479 2149 1502 ibid.

1632 1533 1661 1537 -—
1681 1522 1702 1543 10
1720 1521 1800 1543 muudi
1819 1520 1987 1542 deformatione
2007 1520 2088 1542 mulier
2111 1519 2152 1542 fuit

1587 1561 1607 1582 in
1626 1563 1805 1586 nocumentum;
1834 1560 1855 1581 in
1883 1559 1963 1581 mundi
1988 1559 2151 1581 reformatione

1584 1599 1702 1627 proposita
1728 1602 1762 1621 est
1787 1598 1853 1621 nobis
1880 1598 1961 1620 mulier
1983 1598 2005 1620 in
2029 1598 2149 1626 speculum

1584 1639 1726 1661 innocentiae
1742 1641 1764 1660 et
1781 1638 1913 1666 exemplum
1934 1638 2087 1666 poenitentiae
2105 1637 2149 1659 558

1585 1685 1596 1699 a
1614 1690 1645 1694 —
1662 1678 1772 1706 Legimus
1789 1678 1896 1700 mulieres
1913 1677 1943 1699 ab
1962 1676 2095 1699 homiuibus
2114 1675 2151 1698 be·

1583 1718 1686 1740 nedictas
1704 1720 1798 1745 propter
1818 1717 1890 1739 decus
1907 1717 2051 1744 integritatis,
2066 1722 2150 1738 munus

1584 1757 1729 1779 fecunditatis
1745 1760 1767 1779 et
1784 1762 1844 1784 opus
1861 1756 1973 1778 virilitatis
1990 1756 2035 1777 683
2053 1762 2065 1777 3

1630 1809 1660 1813 -
1678 1799 1739 1818 tanto
1765 1802 1845 1818 amore
1867 1795 2011 1824 quaerebant
2035 1794 2150 1817 Christum

1586 1835 1756 1862 resuscitatum,
1774 1838 1798 1857 ut
1815 1835 1883 1857 etiam
1902 1835 1924 1857 10
1942 1837 2009 1857 nocte
2026 1840 2071 1856 uon
2090 1833 2152 1862 quie-

1583 1878 1673 1898 scerent
1694 1875 1734 1897 173
1753 1881 1765 1896 a

1630 1926 1661 1930 —-
1679 1916 1725 1936 tres
1741 1915 1870 1942 allegantur
1887 1913 1909 1935 iu
1927 1913 2019 1941 siguum
2034 1912 2151 1941 praedica-

1584 1954 1658 1980 tionis,
1682 1953 1841 1980 confessionis,
1859 1952 1968 1975 orationis
1982 1953 2026 1974 213
2045 1958 2066 1979 a,
2085 1951 2098 1973 b
2120 1963 2151 1967 —

1583 1997 1671 2021 septem
1691 1993 1813 2021 designant
1831 1997 1919 2020 septem
1939 1991 2053 2014 mirabiles
2070 1997 2152 2019 opera-

1584 2033 1670 2060 tiones,
1688 2039 1748 2061 quae
1766 2033 1787 2054 10
1807 2032 1845 2054 (110
1858 2031 2013 2059 conceptionis
2025 2031 2152 2058 apprehen-

1584 2072 1667 2094 derunt
1685 2071 1799 2094 Christum
1823 2071 1862 2092 108
1876 2077 1887 2092 a
1906 2083 1936 2087 —-
1948 2071 2053 2092 inclinata
2066 2070 2095 2092 ad
2109 2072 2152 2091 ter-

1584 2117 1633 2133 ram
1652 2110 1766 2138 significat
1783 2110 1884 2132 animam
1904 2110 1985 2132 merito
1998 2108 2152 2137 corruptionis

1584 2150 1705 2177 originalis
1721 2150 1803 2177 culpae
1816 2149 1932 2177 alligatam
1951 2149 1978 2170 ad
1993 2152 2080 2170 terrena
2101 2147 2128 2170 46
2138 2153 2151 2169 a

1584 2201 1615 2205 —
1633 2189 1736 2211 inclinata
1754 2189 1861 2216 designat
1878 2187 1991 2210 lubricum
2010 2188 2054 2209 397
2075 2193 2087 2208 3

1634 2229 1801 2250 Μυιτιρωωτιο
1819 2240 1848 2243 -
1865 2227 1941 2249 omnis
1964 2229 1997 2249 est
2019 2226 2048 2248 ab
2067 2226 2152 2248 unitate

1587 2267 1630 2289 352
1649 2273 1661 2289 a

1634 2307 1749 2329 Munoa‘rto
1767 2318 1797 2322 —
1816 2305 1931 2328 Debemus
1954 2305 2061 2327 mundari
2083 2305 2105 2326 111
2122 2305 2152 2326 af-

1586 2346 1690 2374 sectione,
1708 2345 1830 2373 locutione,
1848 2345 2022 2367 couversatione
2035 2344 2079 2366 620
2097 2350 2108 2365 3
2121 2355 2152 2360 -

1587 2386 1724 2408 Mundamus
1739 2391 1780 2407 uos
1798 2384 1827 2406 ab
1840 2384 1902 2407 omni
1920 2384 2093 2412 inquinamento
2105 2389 2153 2405 ear-

1586 2425 1628 2452 nis,
1645 2425 1662 2446 si
1682 2430 1767 2452 corpus
1785 2424 1898 2446 0100111101
1916 2423 2061 2445 custodimus
2078 2425 2099 2444 et
2117 2428 2152 2444 511-

1586 2463 1691 2492 perbiam
1710 2464 1811 2485 vitamus
1829 2463 1873 2485 646
1892 2462 1906 2484 b

1635 2503 1742 2524 llluaorrta
1760 2514 1791 2518 —
1808 2502 1910 2524 consistit
1927 2502 1949 2523 in
1962 2501 2047 2523 unitate
2065 2501 2151 2528 gratiae

1586 2546 1607 2564 01
1625 2542 1724 2564 trinitate
1742 2541 1852 2563 virtutum
1871 2541 2053 2568 theologicarum
2072 2540 2111 2562 201
2139 2546 2150 2561 3

1585 2593 1616 2597 -
1645 2581 1722 2603 cordis
1754 2580 1848 2607 respicit
1880 2580 1957 2602 cordis
1983 2579 2151 2607 simplicitatem

1585 2620 1662 2648 quoad
1682 2620 1754 2642 Deum
1772 2620 1816 2642 568
1830 2625 1841 2641 a
1860 2632 1889 2635 —
1907 2619 2059 2641 conscientiae
2077 2618 2106 2640 ab
2119 2618 2152 2640 111-

1586 2659 1642 2681 timo
1660 2659 1723 2680 venit
1735 2659 1780 2680 507
1794 2658 1809 2680 b
1828 2671 1855 2674 -—
1874 2658 1917 2681 Ubi
1935 2661 1968 2680 est
1981 2658 2091 2680 munditia
2104 2663 2152 2680 cor-

1586 2698 1634 2724 dis,
1652 2697 1684 2719 ibi
1701 2701 1735 2720 est
1758 2698 1869 2720 munditia
1893 2697 1940 2719 oris
1957 2698 1998 2718 681
2020 2703 2031 2718 a
2055 2708 2085 2713 —·
2108 2695 2150 2719 Ubi

1586 2739 1642 2759 haec
1659 2740 1719 2764 suut,
1737 2741 1771 2759 est
1793 2740 1815 2759 et
1841 2736 1952 2759 munditia
1970 2736 2075 2763 corporis
2097 2734 2151 2758 ibid.

1585 2788 1616 2792 -—
1633 2777 1676 2804 Qui
1695 2776 1764 2798 habet
1776 2776 1913 2798 munditiam
1931 2775 2031 2797 exterius
2048 2775 2151 2796 incarne

1586 2815 1655 2837 debet
1671 2815 1748 2837 lavare
1765 2816 1871 2837 affectum
1891 2815 1934 2837 470
1953 2813 1968 2836 b

1634 2867 1661 2870 —
1685 2854 1766 2877 Cordis
1792 2854 1926 2876 munditiam
1951 2859 2043 2880 semper
2066 2852 2151 2875 habere

1585 2896 1676 2921 oportet
1693 2893 1738 2916 534
1752 2893 1766 2915 b
1780 2906 1807 2908 —
1822 2893 1853 2914 De
1865 2892 1976 2915 munditia
1995 2898 2079 2920 magna
2095 2897 2150 2913 cura

1585 2935 1619 2954 est
1631 2932 1736 2954 habenda
1749 2931 1804 2954 ibid.
1816 2944 1846 2947 —
1856 2931 1932 2954 cordis
1944 2934 1978 2953 est
1990 2931 2149 2957 custodienda,

1585 2978 1614 2993 ue
1627 2977 1668 2999 per
1680 2971 1797 2993 lasciviam
1810 2971 1940 2993 clt'undatur
1950 2970 1993 2992 476
2005 2969 2019 2991 1)
2031 2982 2058 2985 -
2069 2969 2150 2991 111011115
