2269 3448
743 218 783 245 DE
808 218 880 245 Vl'l'A
905 218 1068 247 stitttt’tttct
1093 219 1264 249 [ioc't'outs.

204 294 220 322 ί.
240 295 351 323 Pravis
366 295 539 332 discipliuae
550 300 575 324 ec
587 295 774 333 ριν-1661101115
785 303 819 323 ex
833 296 974 332 opusculis

126 342 155 369 D.
173 342 380 370 bonaventurae
398 342 507 377 selecta,
522 346 636 371 auctore
653 343 677 371 Ι).
694 342 838 370 Francisco
855 343 972 371 l'othron

124 389 155 417 Ο.
172 389 203 417 Μ,
220 394 295 424 (cum
313 390 438 418 versione
459 389 560 418 Gallica
576 390 643 418 l'acta
660 398 672 417 a
692 390 716 417 Ρ.
735 389 972 418 Victore-lterum*-

1843 230 1878 255 :311

1034 298 1278 333 19111011111111116
1308 300 1421 328 latinum
1451 303 1633 338 c‹·»iuposituni
1656 306 1698 331 est
1728 313 1741 331 a
1773 305 1880 333 laudato

1002 370 1003 379 ἵ
1032 344 1058 371 l’.
1076 345 1207 378 l‘othron,
1230 348 1343 373 auctore
1365 354 1434 375 saec.
1451 348 1527 375 xvii.
1551 349 1634 376 Maior
1657 358 1720 385 pars
1740 350 1880 379 ‹toi-trina<-

1001 406 1003 430 3
1030 392 1132 427 egregii
1150 392 1210 420 libri
1234 396 1324 420 sumta
1340 397 1379 421 cst
1395 402 1428 422 ex
1450 396 1581 431 operibus
1600 405 1652 424 non
1672 397 1798 431 genuinis
1814 398 1880 434 Spe-

124 435 187 464 dino
202 445 217 464 a
234 437 422 473 Rhotomagol.
440 437 547 469 Romae,
563 437 839 470 Ι’;11·151115,1011111161,
853 437 972 467 Desclce.
1001 433 1003 470 1
1030 437 1091 465 enti
1111 438 1284 474 discipliuae
1304 442 1331 467 ct
1352 441 1478 476 opusculi
1496 442 1545 469 Fr.
1565 443 1660 470 liam'd
1681 443 1716 470 ab
1734 446 1878 479 «1119116111.

831 568 1107 602 Dls'SERTATtO
1135 570 1172 602 ΙΙ.

503 686 572 719 Vita
600 685 748 731 seraphici
776 686 914 719 Doctoris
941 697 995 731 per
1021 687 1146 720 modum
1174 688 1328 721 annalium
1357 696 1506 723 enarrata.

201 817 398 854 Quantumvis‚
421 820 475 845 tam
499 817 607 846 vivente
629 818 653 845 S.
678 817 868 845 bonaventura
890 825 972 853 quam

122 873 154 893 eo
176 864 261 900 magis
283 864 342 900 ipso
364 871 378 892 e
400 864 469 892 vivis
483 864 605 898 sublato,
621 864 692 892 fama
707 864 767 892 eius
785 864 889 900 ubique
911 872 973 900 pcr-

122 911 290 945 crebuisset,
313 914 402 939 tamen
434 914 559 939 exactam
589 911 671 939 vitam
702 911 824 939 eiusdem
848 911 973 939 Dortoris

122 967 203 987 nemo
225 966 259 986 cx
282 958 390 986 coaevis
411 958 558 994 autquasi
582 958 689 986 coaevis
710 958 859 994 posteritati
884 961 973 985 trans-

123 1006 210 1038 misit;
233 1013 304 1042 quae
320 1005 391 1033 enim
416 1005 565 1033 traduntur
580 1005 613 1033 de
628 1013 660 1034 eo
681 1013 696 1033 a
718 1005 804 1033 fratre-
819 1005 972 1033 Salimljiene
1000 1004 1001 1011 ¹

122 1053 276 1086 Parmensi,
299 1053 442 1080 Francisco
464 1052 656 1086 Fabrianeusi,
680 1052 818 1081 Beruardo
833 1052 866 1080 de
883 1052 971 1086 bessa,

123 1100 253 1129 Ubertiuo
267 1108 283 1128 a
297 1100 393 1131 Casali,
409 1100 509 1136 Δ»1110610
531 1100 655 1134 (Uareno,
671 1103 697 1128 et
714 1103 805 1136 postea
829 1100 972 1128 Bartholo-

122 1156 198 1175 maeo
213 1147 307 1175 l'isano
323 1147 352 1175 z'ii
367 1146 629 1183 Conforiiiiiatibzts
644 1150 709 1175 sunt
725 1155 811 1183 pauca
826 1147 971 1183 obiterque
999 1160 1000 1176 1

122 1198 200 1223 tacta.
217 1195 331 1231 Scripsit.
345 1194 456 1231 quidem
473 1202 591 1223 coaevus
606 1194 638 1222 sr.
657 1195 769 1222 loannes
781 1194 907 1230 aegidius
922 1194 971 1222 Za·
999 1209 1000 1214 =

121 1250 214 1270 morra
232 1243 240 1259 ¹
263 1242 408 1274 maiorem,
432 1244 462 1269 ut
478 1241 596 1275 videtur,
613 1241 695 1269 vitam
712 1242 736 1269 S.
753 1241 970 1274 Bonawffnturae,

120 1293 147 1317 at
169 1297 200 1317 ea
222 1284 375 1317 calamitate
397 1292 553 1324 temporum
577 1288 619 1316 vel
641 1288 752 1316 omnino
773 1288 903 1324 deperiit,
929 1289 969 1316 vel
998 1324 999 1327 Ἰ

120 1336 210 1365 adhuc
226 1344 307 1364 suum
330 1335 487 1372 diligentem
510 1335 677 1364 detectorem
701 1335 725 1363 in
746 1335 839 1372 aliquo
857 1336 970 1363 archivo
998 1342 999 1359 i

120 1386 270 1419 exspectat.
297 1382 373 1419 Quod
404 1386 533 1410 nontam
563 1382 691 1411 oblivioni
720 1390 751 1410 ac
781 1382 968 1418 ingratitudini

120 1431 298 1460 tribuendum
328 1433 368 1459 est
393 1438 475 1467 quam
506 1430 597 1466 potius
625 1430 690 1458 sorti
721 1430 765 1458 illa
793 1432 881 1458 aetate
913 1430 970 1458 sere

119 1478 253 1507 constanti
283 1477 374 1514 quoad
406 1485 519 1514 magnos
547 1477 712 1514 scriptores,
740 1485 860 1514 quorum
884 1478 970 1514 magis

119 1525 221 1562 scripta
243 1524 414 1553 admirabilia
435 1532 518 1561 quam
540 1524 611 1552 vitae
633 1524 755 1561 privatae
774 1527 849 1561 gesta
871 1527 897 1552 et
920 1533 969 1560 pu-

120 1572 206 1601 blicae
221 1579 385 1600 coaevorum
407 1579 438 1599 ac
461 1573 635 1607 posterorum
655 1571 832 1599 attentionem
848 1571 969 1599 attrahe-

121 1619 185 1647 bant
206 1618 474 1654 exhauriebantque.
496 1617 558 1645 Plus
579 1625 661 1654 quam
686 1617 776 1646 coaevi
800 1620 847 1645 aut
866 1625 967 1653 suppa·
997 1650 999 1660 Α

997 1664 999 1670 ’
1027 1668 1117 1693 ratum
1143 1666 1329 1702 promotione3
1353 1666 1382 1694 3⁰
1398 1666 1431 1695 (le
1453 1666 1512 1695 eius
1535 1667 1560 1695 in
1583 1667 1737 1695 Ministrum
1758 1669 1877 1696 Genera-

119 1675 163 1695 res
189 1666 292 1694 habent
320 1665 353 1694 de.
380 1665 435 1693 vita
463 1665 487 1692 S.
511 1665 720 1693 Bonaventurae
741 1665 872 1693 chronica
894 1665 967 1692 clau-

119 1714 228 1747 stralia,
252 1713 398 1750 praecipue
421 1721 491 1749 quae
514 1715 648 1741 vocantur
669 1712 804 1740 Chronica
824 1712 903 1740 XXlV
919 1712 968 1740 Ge-

119 1761 264 1790 neralium.
294 1761 361 1789 Fieri
392 1763 482 1788 tamen
512 1768 566 1788 non
596 1760 700 1796 potuit,
722 1760 788 1796 quin
818 1767 966 1796 progressu

119 1808 251 1844 temporis
272 1811 355 1844 atque.
371 1807 501 1836 historica
522 1810 581 1836 arte
600 1807 696 1836 critica
710 1807 871 1843 proficiente
886 1806 966 1834 etiam

118 1855 189 1884 vitae
211 1855 360 1883 ederentur
376 1855 462 1891 magis
483 1858 597 1883 exactae
612 1855 636 1882 S.
658 1854 881 1887 Bonaventurae,
898 1854 968 1882 inter

119 1911 239 1940 quorum
267 1906 395 1931 auctores
422 1902 501 1930 facile
530 1901 659 1930 omnibus
688 1901 858 1938 praeeminet
887 1901 968 1929 Wad-
997 1925 998 1939 ἶ

118 1950 218 1986 dingus
230 1954 332 1978 noster.
348 1949 472 1986 Sequiori
489 1949 580 1977 adhuc
595 1951 683 1977 aetate
698 1948 842 1985 splendent
857 1948 967 1985 quidem
997 1970 998 1984 1

119 1997 214 2033 plures
229 1996 315 2025 critici
339 1996 461 2024 historici
477 1999 509 2024 ut
523 1997 643 2024 Arturus
659 1995 891 2028 Δ11011051611611515,
908 1996 968 2024 Phi-

120 2044 211 2080 lippus
233 2043 389 2077 Labhaeus,
421 2043 572 2071 Casimirus
594 2042 735 2076 Oudinus,
766 2042 879 2071 loannes
901 2043 968 2079 llya-

119 2091 230 2119 cinthus
262 2091 405 2124 Sbaratea,
437 2091 470 2119 cl.
500 2090 593 2119 Patres
624 2089 805 2118 Bollandistae
837 2091 861 2117 S.
890 2090 906 2117 1.
938 2097 969 2118 ac

119 2138 227 2166 tandem
250 2142 276 2167 et
299 2138 459 2174 praesertim
483 2137 645 2166 Benedictus
661 2137 761 2166 Bonelli
785 2146 801 2165 a
821 2137 967 2166 Cavalesio.

119 2184 302 2213 Nihilominus
324 2193 420 2213 eorum
449 2185 552 2221 scripta
579 2184 613 2213 de
640 2184 723 2220 gestis
749 2185 774 2211 S.
797 2184 969 2213 8011016010-

119 2239 166 2260 rae
188 2240 240 2259 non
264 2231 448 2268 praetendunt
469 2231 561 2259 omnia
582 2231 665 2259 dubia
686 2230 720 2259 de
742 2231 831 2259 medio
858 2231 968 2265 tollere,

119 2283 167 2307 aut
189 2287 246 2307 rem
270 2278 394 2306 funditus
420 2279 445 2306 111
475 2278 581 2306 obiecto
614 2278 775 2306 exhaurire.
810 2278 968 2314 Negandum

119 2325 229 2362 quidem
252 2333 305 2353 nou
329 2327 385 2359 est,
406 2324 491 2353 fuisse
513 2327 623 2360 praeter
653 2332 738 2360 supra
763 2324 896 2352 adductos
917 2332 969 2352 nu-

119 2380 228 2401 merum
251 2380 315 2401 vere
337 2371 469 2408 grandem
492 2371 658 2407 scriptorum
681 2371 809 2405 aliorum,
825 2371 871 2408 qui
894 2375 969 2408 gesta

119 2420 144 2447 S.
157 2420 365 2448 Bonaventurae
378 2422 473 2447 texere
488 2418 575 2447 conati
592 2421 656 2446 sunt
669 2418 710 2446 vel
725 2418 834 2454 speciali
848 2418 918 2446 libro
929 2419 968 2446 vi-

119 2470 174 2494 tam
192 2466 281 2494 Sancti
298 2469 454 2499 enarrante,
467 2465 507 2494 vel
524 2465 549 2493 in
567 2465 682 2494 historia
695 2465 773 2494 medii
790 2465 848 2494 aevi
864 2466 969 2502 agendo

119 2513 199 2541 etiam
222 2513 255 2541 de
278 2513 470 2541 Bonaventura
492 2512 584 2549 aliquo
607 2516 735 2541 tractatu.
758 2513 789 2540 At
814 2513 909 2541 maiori
932 2521 967 2541 ex
996 2539 998 2550 Ξ

120 2563 197 2597 parte
220 2560 246 2588 hi
270 2560 419 2596 scriptores
444 2559 551 2588 nonnisi
574 2559 639 2588 trita
666 2567 702 2588 ex
732 2559 877 2587 traditione
898 2560 969 2588 sacta
996 2595 997 2598 Ἰ

120 2607 280 2644 repetebant
301 2610 384 2642 atque
405 2606 438 2634 de
460 2609 552 2635 cetero
568 2606 630 2643 plus
651 2609 747 2634 ornate
768 2614 850 2643 quam
874 2607 968 2635 critice

120 2654 212 2682 thema
234 2662 316 2682 suum
339 2653 503 2681 historicum
526 2653 663 2689 prosecuti
687 2656 760 2681 sunt.

200 2701 303 2733 Finem,
320 2700 375 2728 Deo
396 2699 558 2734 auxiliante,
573 2699 745 2736 imponentes
766 2699 876 2728 editioni
893 2708 967 2728 com-

120 2747 208 2784 pletae
229 2755 344 2783 operum
372 2747 396 2774 S.
420 2746 628 2775 Bonaventurae
649 2747 774 2783 aequitas
799 2750 880 2783 urget
901 2755 966 2781 nos,

184 2877 190 2889 ¹
210 2878 230 2899 ln
249 2877 306 2899 libro
324 2877 446 2905 inscripto:
462 2877 494 2900 De
509 2877 571 2900 Viris
588 2877 722 2901 illustribus
739 2878 789 2900 six-e
808 2878 913 2901 Historia
931 2884 967 2901 cri-

120 2916 206 2939 uouicu
223 2918 243 2939 ct
255 2916 337 2943 ceritis,
354 2916 469 2945 [olisiimes
481 2916 592 2946 Aeyidius
604 2918 731 2946 Zamorrci,
747 2918 800 2941 Ord.
815 2918 876 2946 Min„
888 2918 966 2945 Hispa-

119 2962 170 2983 nus,
182 2955 278 2977 confecit
292 2955 434 2982 praedictam
448 2955 528 2982 vitam,
541 2958 566 2977 ut
579 2955 627 2983 ipse
640 2959 727 2984 auctor,
742 2956 780 2985 qui
794 2960 845 2979 ante
857 2963 893 2978 an.
910 2957 966 2978 1300

121 2995 203 3022 floruit,
216 2997 310 3017 testatur
328 2995 349 3016 in
368 2994 411 3016 atio
429 3000 471 3016 suo
483 3000 554 3022 opere
567 2995 660 3017 inedito.
671 2995 715 3018 Csr.
731 2999 786 3018 tom.
801 2997 814 3024 Ι,
828 2997 898 3018 l‘raet.
911 2997 968 3019 Gen.

121 3039 174 3060 pag.
192 3033 296 3060 XXXVl,
316 3036 368 3055 nota
387 3034 408 3055 2.

1031 821 1062 845 ut
1083 818 1115 846 ad
1138 819 1239 847 calcem
1265 819 1348 848 huius
1370 820 1496 849 editionis
1517 825 1593 858 gesta
1608 830 1719 859 quoque
1742 824 1877 860 seraphici

1031 864 1156 893 Doctoris
1178 866 1255 894 brevi
1278 867 1382 895 calamo
1404 868 1595 897 exhibeamus.
1618 870 1649 897 At
1672 870 1722 898 hoc
1754 870 1779 898 in
1802 874 1879 899 ante-

1030 920 1138 940 cessum
1155 916 1250 941 notare
1265 917 1395 950 praestat,
1411 915 1490 943 nobis
1506 916 1616 944 minime
1631 924 1690 945 esse
1706 918 1876 954 propositum

1029 962 1127 987 ornato
1149 959 1210 988 stilo
1225 960 1381 997 diffusoque
1396 962 1487 989 vitam
1504 963 1614 999 proprie
1633 963 1797 992 intellectam
1815 973 1878 993 con-

1030 1006 1161 1040 scribere,
1177 1006 1222 1035 5611
1240 1007 1331 1043 potius
1352 1008 1384 1036 ad
1408 1008 1493 1036 instar
1515 1010 1654 1038 annalium
1673 1011 1782 1039 brevem
1800 1020 1878 1047 prae-

1030 1053 1095 1081 bere
1117 1057 1294 1089 conspectum
1326 1054 1396 1083 vitae
1429 1059 1511 1092 atque
1542 1064 1658 1092 operum
1691 1058 1715 1085 S.
1740 1057 1878 1086 bonaven-

1030 1103 1117 1128 turae.
1140 1101 1315 1137 Quapropter
1337 1105 1462 1130 nostrum
1496 1106 1536 1131 est
1568 1103 1660 1139 potius
1685 1105 1761 1132 arida
1794 1105 1879 1133 docu-

1029 1152 1119 1176 menta
1142 1148 1247 1176 detecta
1269 1149 1381 1182 afferre,
1403 1150 1555 1186 composita
1576 1150 1713 1184 ordinare,
1736 1160 1818 1188 (piam
1842 1160 1876 1180 ex

1029 1194 1123 1224 iisdem
1146 1195 1279 1223 ordinatis
1301 1195 1450 1232 fulgentem
1474 1197 1619 1233 imaginem
1648 1199 1674 1225 S.
1697 1198 1822 1227 Doctoris
1843 1200 1878 1228 ol]

1027 1242 1122 1270 oculos
1144 1250 1261 1278 ponere,
1284 1243 1357 1279 quod
1379 1243 1523 1277 studiosis,
1546 1245 1592 1281 qui
1610 1245 1828 1282 psychologicam
1853 1247 1877 1274 S.

1029 1288 1237 1317 Bonaventurae
1260 1290 1340 1318 telam
1363 1293 1459 1319 texere
1474 1291 1574 1324 velint,
1597 1292 1788 1328 relinquimus.
1814 1293 1877 1321 ltem

1028 1340 1164 1371 notamus,
1187 1345 1236 1365 nos
1258 1337 1404 1365 elenchum
1425 1338 1661 1374 biographiarum,
1678 1348 1748 1375 quae
1763 1348 1797 1368 cx
1815 1348 1878 1377 pro-

1027 1382 1098 1410 fesso
1120 1382 1153 1410 de.
1175 1383 1199 1410 S.
1224 1383 1416 1412 Bonaventura
1437 1388 1532 1421 agunt,
1548 1384 1658 1413 demum
1676 1386 1772 1414 ipsine
1795 1387 1878 1415 huius

1027 1433 1138 1458 nostrae
1158 1430 1358 1459 dissertationis
1380 1432 1605 1468 suppeditaturos
1627 1440 1694 1460 esse.

1106 1477 1181 1513 Quae
1203 1485 1265 1505 cum
1294 1478 1341 1517 ita,
1358 1478 1427 1511 sint,
1451 1478 1502 1506 iam
1533 1479 1564 1507 ad
1595 1487 1653 1507 rcm
1684 1481 1875 1516 praestandam

1026 1524 1170 1560 gradimur
1192 1528 1218 1553 et
1240 1524 1350 1561 quidem
1373 1525 1422 1557 ita,
1446 1529 1476 1553 ut
1500 1529 1664 1554 tractemus:
1690 1528 1717 1554 1⁰
1738 1527 1771 1555 de
1786 1527 1810 1554 S.
1829 1527 1877 1555 Bo-

1028 1574 1197 1599 naventurae
1219 1575 1282 1599 ortu
1309 1574 1392 1608 atque
1422 1572 1446 1600 in
1476 1572 1605 1601 Ordinem
1635 1574 1810 1610 seraphicum
1837 1574 1877 1602 in-

1026 1626 1139 1654 gressu;
1163 1619 1192 1647 2⁰
1214 1618 1246 1647 de
1268 1618 1365 1647 studiis
1387 1619 1446 1647 eius
1468 1623 1495 1647 et
1517 1620 1673 1656 magisterio
1689 1624 1715 1648 et
1730 1620 1762 1648 ad
1784 1621 1877 1649 docto-

1028 1712 1079 1740 lem
1102 1712 1235 1741 electione
1256 1716 1282 1741 et
1305 1713 1404 1741 ceteris
1425 1716 1550 1749 tempore
1577 1714 1753 1750 generalatus
1777 1715 1875 1751 gestis3

1026 1759 1056 1786 lr‘
1088 1759 1121 1787 de
1153 1759 1212 1787 eius
1243 1759 1276 1787 ad
1309 1759 1468 1796 dignitatem
1501 1760 1699 1788 cardinalium
1729 1761 1876 1795 electione,

1025 1806 1059 1834 de
1082 1806 1222 1835 laboribus
1244 1806 1303 1835 eius
1330 1806 1355 1834 in
1378 1807 1497 1835 Concilio
1520 1807 1693 1843 Lugdunensi
1711 1808 1740 1835 ll.
1759 1809 1877 1844 peractis

1026 1856 1052 1881 et
1073 1853 1106 1881 de
1130 1853 1208 1881 beato
1229 1853 1288 1881 eius
1309 1853 1402 1887 obitu;
1426 1854 1455 1881 5⁰
1469 1853 1502 1882 de
1523 1854 1583 1882 eius
1605 1854 1745 1891 reliquiis,
1767 1855 1876 1883 canoni-

1026 1900 1131 1928 zatione
1152 1903 1235 1937 atque
1257 1900 1283 1928 in
1307 1900 1451 1929 Doctorem
1476 1901 1609 1929 Ecclesiae
1630 1901 1777 1929 evectione.

1382 1994 1475 2023 CAPUT
1498 1995 1514 2022 t

1115 2089 1153 2116 De
1174 2093 1241 2116 ortu
1264 2088 1292 2117 S.
1318 2089 1540 2116 Bouaveiitiirae
1562 2093 1648 2126 atque
1670 2089 1703 2117 (le
1724 2089 1787 2117 eius

1165 2135 1195 2163 iii
1220 2135 1357 2163 Ordinem
1380 2134 1566 2172 seraphicmu
1590 2135 1734 2172 inpressu.

1109 2229 1131 2256 1.
1145 2228 1338 2256 Bonaveutura
1350 2231 1431 2256 natus
1443 2233 1484 2256 est
1495 2228 1686 2265 Batneoreyii,
1699 2228 1799 2265 oppido
1811 2237 1876 2265 quo—

1024 2275 1087 2303 dam
1111 2275 1137 2302 in
1160 2276 1237 2303 Statu
1259 2275 1443 2303 ecclesiastico
1459 2275 1510 2303 sito
1525 2275 1582 2303 sive
1599 2275 1679 2303 hodie
1702 2275 1727 2303 in
1748 2275 1875 2303 districtu

1029 2322 1191 2350 viterbiensi
1214 2326 1298 2359 atque
1320 2330 1394 2350 nunc
1416 2322 1555 2358 Bagnorea
1571 2326 1674 2350 vocato.
1691 2322 1800 2350 Constat
1824 2323 1875 2350 hoc

1026 2377 1059 2397 ex
1083 2377 1166 2405 quam
1184 2369 1311 2405 plurimis
1332 2369 1530 2405 scriptoribus,
1552 2369 1624 2397 inter
1645 2377 1715 2406 quos
1737 2370 1808 2397 omni
1826 2377 1875 2397 ex-

1026 2416 1150 2453 ceptione
1172 2416 1259 2444 maior
1281 2419 1322 2444 est
1343 2416 1385 2443 Fr.
1408 2416 1578 2449 satimbene,
1600 2416 1647 2452 qui
1670 2416 1702 2444 ad
1732 2424 1774 2444 an.
1801 2416 1873 2445 1283

1026 2463 1122 2491 scribit
1137 2464 1163 2490 ¹:
1190 2474 1203 2487 «
1219 2463 1313 2491 Frater
1336 2463 1447 2491 loannes
1468 2462 1501 2490 de
1524 2463 1621 2490 Parma
1642 2462 1716 2491 dedit
1738 2463 1874 2491 licentiam

1025 2510 1112 2538 Fratri
1143 2510 1352 2538 Bouaveuturae
1379 2509 1412 2538 de
1442 2509 1551 2538 Balneo
1573 2510 1668 2546 regis,
1698 2513 1729 2538 ut
1756 2510 1875 2538 Parisius

1027 2557 1170 2593 legeret».
1195 2557 1338 2585 Praeterea
1361 2556 1455 2593 plures
1477 2556 1583 2584 codices
1611 2557 1791 2593 manuscripti
1822 2557 1873 2585 hoc

1026 2611 1125 2631 nomen
1147 2603 1283 2637 afferunt3
1307 2604 1332 2631 in
1355 2603 1447 2632 codice
1469 2603 1587 2640 quodam
1609 2611 1670 2631 saec
1692 2604 1754 2631 Xlll.
1786 2612 1810 2631 v.
1831 2612 1873 2641 gr.

1025 2650 1127 2678 dicitur
1143 2650 1168 2678 ²:
1203 2650 1350 2686 «Explicit
1372 2650 1480 2687 postilla
1501 2650 1603 2687 optima
1633 2658 1717 2686 super
1747 2650 1872 2679 loannem

1025 2697 1097 2725 edita
1117 2706 1133 2725 a
1154 2697 1239 2726 fratre
1261 2697 1454 2726 Bonax⁷entura
1485 2697 1517 2726 de
1546 2697 1738 2734 Balneregyio,
1769 2697 1874 2726 ordinis

1025 2745 1143 2773 fratrum
1167 2745 1323 2779 minorum,
1346 2745 1493 2779 cardinali,
1516 2745 1548 2773 ad
1571 2753 1653 2773 usum
1676 2745 1794 2773 fratrum
1823 2745 1873 2773 mi-

1024 2800 1124 2820 norum
1140 2804 1167 2819 ».

1104 2840 1129 2867 2.
1155 2839 1325 2868 Natiuitatis
1339 2840 1364 2867 S.
1382 2840 1589 2868 Bonaventurae
1611 2848 1709 2867 (17111113
1731 2843 1771 2868 651
1788 2840 1871 2867 1221.

1025 2885 1063 2914 Ex
1081 2886 1175 2914 multis
1190 2886 1352 2914 testimoniis
1367 2886 1419 2915 fide
1434 2886 1545 2914 omnino
1560 2886 1649 2923 dignis
1664 2885 1766 2914 sufficit
1784 2894 1872 2914 unum

1089 2996 1094 3010 ¹
1113 2996 1234 3022 Chronica,
1253 2996 1357 3025 (Parmae
1379 2996 1444 3024 1857)
1463 3002 1517 3024 pag.
1537 2997 1590 3018 129.

1087 3034 1096 3047 2
1115 3036 1155 3057 Hic
1172 3035 1244 3058 codex
1261 3035 1400 3058 describitur
1413 3038 1469 3057 tom.
1481 3036 1517 3062 Vl,
1534 3035 1621 3063 Proleg.
1639 3041 1692 3063 pag.
1712 3035 1777 3057 XXV
1795 3042 1817 3057 n.
1835 3035 1872 3057 42.
