2269 3448
390 189 444 218 138

610 228 667 250 itan
687 228 719 256 (2)

386 272 463 291 sancta
488 274 529 296 per
547 268 709 296 purgationem
734 268 816 289 mentis
835 270 858 290 et
879 267 954 296 pudo-

386 311 434 330 rata
457 314 497 335 per
515 307 712 335 incorruptionem
734 307 809 329 carnis
831 306 875 328 678
894 313 905 328 a
923 319 953 323 -

386 346 476 375 Corpus
504 346 603 374 vti-ginis
627 347 751 368 formatum
775 349 823 368 erat
841 346 953 372 delimo,

386 387 427 409 sed
450 386 617 408 sanctificatum
640 392 682 413 per
707 385 818 413 Spiritum
841 385 922 407 §.125
940 391 951 407 a

387 438 415 441 —
433 426 486 447 liius
503 431 556 447 caro
568 425 652 447 dicitur
663 431 705 446 vas
718 424 868 452 purissimum
882 424 927 446 654
939 430 952 446 a

387 477 415 481 —
435 465 487 487 Eius
504 471 558 487 caro
584 470 626 486 nec
648 464 738 492 spiritui
760 463 892 491 rebellavit,
911 469 952 485 nec

388 504 495 532 spiritum
521 504 646 526 retardavit
668 503 723 526 ibid.
743 515 773 519 —-
791 503 880 531 Corpus
903 503 952 524 eius

388 544 428 566 fuit
445 547 567 571 argentum
586 544 692 571 pulcrum
710 546 732 565 et
754 543 879 565 candidum
897 541 952 565 ibid.

386 595 417 600 —-
434 582 469 605 Ab
487 589 514 605 eo
532 586 608 605 amota
628 582 669 604 fuit
686 581 770 609 rubigo
788 580 841 604 ibid.

434 635 464 639 -
482 622 579 650 Spiritus
597 623 618 643 S.
637 621 754 643 dedicavit
770 621 844 648 ipsam
864 620 884 642 in
898 620 952 641 San-

386 665 445 684 ctam
464 665 595 683 sanctorum
619 661 664 682 702
683 660 697 682 b
716 673 745 675 —
757 660 825 682 Filius
842 665 893 681 eam
907 659 953 681 dei-

387 702 484 723 formctn
511 700 611 722 reddidit
634 700 677 721 689
699 705 711 720 a
734 711 764 715 —
787 701 888 720 assumta
912 698 953 720 fuit

386 740 416 762 ad
433 738 611 761 contubernium
631 738 787 760 familiaritatis
798 738 892 759 divinae
906 738 951 759 679

386 785 398 801 a
415 791 445 795 —
462 778 564 806 suscepit
586 778 672 805 gratias
697 777 845 805 purgatitas,
871 777 952 799 illumi-

386 818 475 840 nativas
498 820 519 839 et
544 817 690 845 perficientes
716 817 760 838 636
787 815 810 838 b.
828 816 872 837 638
891 822 903 837 a
923 829 952 831 —

387 857 427 879 fuit
444 856 571 884 septiformi
590 856 661 884 gratia
681 856 747 883 plena
766 855 810 877 678
828 862 852 883 a,
870 855 893 877 b.
907 855 951 877 679

386 903 406 924 a,
426 896 439 918 b
457 908 487 912 —
505 895 585 918 habuit
606 895 704 923 gratiam
727 894 907 917 sanctificantem
931 897 953 916 et

386 936 561 958 confirmantem
578 935 624 957 710
644 934 657 956 h

432 987 462 991 -
481 975 541 997 Deus
558 980 609 997 eam
622 974 645 996 in
658 974 730 1001 gratia
748 973 895 995 confirmavit
907 973 952 995 672

387 1020 399 1036 a
416 1027 447 1031 —
465 1014 600 1036 confirmata
618 1014 671 1041 fnit,
689 1016 713 1035 ut
730 1019 776 1035 non
788 1013 888 1040 amplius
903 1019 954 1040 pos*

386 1057 420 1076 set
437 1060 448 1076 a
468 1054 515 1075 Deo
535 1053 644 1076 recedere
665 1052 710 1074 125
728 1059 739 1074 a
759 1065 787 1068 —
808 1055 869 1074 tanto
890 1052 952 1074 dono
969 1065 970 1072 i

386 1093 511 1121 sapientiae
533 1096 555 1115 et
575 1093 662 1120 gratiae
679 1092 720 1114 fuit
737 1093 843 1120 perfusa,
862 1095 886 1113 ut
903 1097 953 1119 pec·
969 1098 970 1122 ι

387 1136 463 1155 catum
485 1133 574 1154 nullum
598 1132 621 1153 in
642 1138 668 1154 ea
689 1131 784 1153 haberet
809 1132 884 1153 locuni
908 1131 952 1153 654

386 1178 406 1200 a,
425 1172 438 1194 b
451 1184 481 1188 —
498 1171 574 1194 Gratia
592 1177 636 1193 non
653 1171 727 1193 solum
741 1170 892 1192 sanctificavit
903 1170 953 1192 cius

386 1214 469 1239 ortum,
487 1211 527 1232 sed
547 1211 617 1232 vitam
635 1210 703 1232 etiam
730 1209 759 1231 ab
777 1210 838 1232 omni
857 1212 952 1237 peccato

386 1250 511 1273 custodivit
528 1250 655 1272 immunem
682 1249 727 1270 672
750 1255 770 1270 a.
789 1249 832 1270 678
851 1254 863 1270 a
882 1262 909 1264 —
930 1249 952 1270 ln

386 1291 435 1318 ipsa
453 1289 586 1311 immunitas
608 1295 620 1310 a
646 1291 740 1316 peccato
766 1288 821 1310 dicit
846 1288 953 1310 remotio-

386 1335 438 1351 nem
457 1329 532 1351 omnis
558 1327 715 1355 dispositionis
738 1328 774 1349 vel
801 1327 953 1349 inclinationis

386 1368 415 1391 ad
434 1368 519 1390 malum
538 1371 559 1389 et
577 1367 744 1395 plenitudinem
763 1367 850 1394 gratiae
867 1366 896 1388 ad
915 1366 953 1388 bo-

386 1414 441 1429 num
459 1408 505 1429 702
524 1413 535 1428 a

433 1459 463 1462 —
481 1452 521 1474 per
539 1446 708 1467 immunitatem
734 1451 746 1467 a
765 1448 859 1473 peccato
878 1445 899 1467 in
917 1446 953 1468 tri·
969 1466 971 1472 ,

387 1485 430 1508 bus
448 1485 588 1507 transcendit
611 1488 715 1507 naturam
734 1486 859 1506 humanam
878 1488 899 1507 et
916 1491 954 1506 an-
970 1506 971 1522 ¹

386 1525 483 1553 gelicam
501 1525 546 1546 702
565 1531 576 1546 a
589 1530 673 1551 ——per
691 1524 789 1546 eandem
808 1530 890 1546 omnes
901 1530 954 1546 san-
970 1535 971 1555 ι

386 1564 496 1586 ctificatos
514 1564 536 1586 in
554 1567 619 1586 utero
645 1564 765 1591 superavit
785 1562 814 1585 ib.
839 1562 853 1584 b
875 1575 906 1579 —
923 1563 953 1585 ab
970 1583 971 1591 ,

385 1603 494 1626 omnibus
512 1603 578 1625 maiis
594 1603 704 1625 radicitus
721 1606 769 1624 erat
784 1605 905 1630 segregata
924 1603 952 1625 37
970 1593 971 1596 Ἴ

386 1642 401 1665 b
413 1655 443 1659 —
460 1643 509 1665 sine
527 1645 674 1670 peccatorum
688 1642 799 1664 obnubilo
811 1642 832 1664 in
846 1648 886 1664 sua
900 1648 953 1664 con-

386 1682 515 1704 versatione
533 1681 669 1709 splendebat
686 1681 731 1703 720
751 1681 765 1703 b
782 1694 812 1697 —
832 1688 952 1710 nunquam

386 1721 460 1749 potuit
477 1721 581 1749 superari
599 1721 620 1743 in
638 1721 761 1743 tentatione
774 1721 818 1742 678
831 1726 843 1742 a
856 1733 886 1737 —
899 1721 952 1742 nihil
969 1720 971 1744 i

385 1763 483 1789 apparet
495 1761 515 1782 in
528 1766 553 1782 ea
568 1759 747 1788 reprehensibile
761 1759 814 1782 ibid.
828 1773 857 1775 —
870 1760 952 1782 lucrari

387 1800 474 1828 potuit,
492 1800 591 1827 perdere
608 1806 651 1821 non
670 1799 744 1827 potuit
760 1799 805 1821 702
823 1805 834 1820 a
849 1812 877 1814 —
890 1800 953 1826 eguit

386 1839 459 1867 gratia
472 1838 601 1866 baptismali
613 1838 649 1860 vel
659 1838 830 1867 aequipollenti,
840 1844 886 1860 non
896 1844 952 1861 vero

386 1879 458 1906 gratia
478 1878 631 1905 poenitentiali
651 1877 695 1899 634
714 1884 725 1899 a

433 1930 463 1933 —u
492 1917 575 1939 dicitur
610 1916 718 1939 habuisse
751 1917 848 1944 gratiam
882 1923 953 1945 super
969 1917 970 1940 l

387 1963 469 1979 omnes
487 1957 594 1979 mulieres
611 1956 656 1978 679
674 1963 685 1978 a
704 1969 732 1972 —-
757 1955 826 1978 habet
850 1957 953 1979 sanctita·
969 1967 970 1977 l

386 2000 432 2018 tem
451 2002 492 2024 per
512 1996 653 2024 singularem
672 1996 826 2018 excellentiam
840 1996 884 2018 598
897 2002 908 2017 a
922 2009 953 2011 —

387 2035 466 2058 habuit
483 2036 650 2063 plenitudinem
669 2035 756 2063 gratiae
773 2035 818 2057 678
832 2035 853 2057 b.
872 2036 917 2057 679
930 2035 953 2057 b.

387 2076 431 2097 709
451 2075 465 2097 b
483 2087 513 2091 —
531 2078 626 2103 propter
648 2076 706 2096 hanc
731 2078 880 2102 comparatur
899 2075 952 2096 fonti
969 2082 971 2106 2

387 2115 433 2136 703
452 2114 466 2136 b
484 2127 512 2130 -
532 2115 592 2136 Haec
610 2114 697 2141 gratiae
716 2114 833 2141 plenitudo
847 2114 867 2135 iu
881 2113 954 2136 tribus

386 2154 489 2176 consistit
514 2152 567 2176 ibid.
585 2166 615 2168 —
634 2154 657 2175 ln
675 2153 722 2180 ipsa
749 2153 790 2175 fuit
811 2153 887 2174 omnis
904 2159 953 2180 gra-

387 2193 431 2214 tiae
443 2192 571 2220 susceptio,
584 2192 728 2220 perpetuati«)
741 2195 762 2214 et
775 2192 866 2214 diffusio
880 2192 924 2213 598
938 2192 953 2214 l>

434 2244 464 2248 -
483 2233 504 2254 ln
522 2238 547 2254 ea
566 2232 606 2254 fuit
623 2232 698 2254 omnis
715 2231 901 2253 sanctificationis
918 2238 953 2254 rc-

387 2272 532 2299 ceptacuhmi
552 2271 665 2293 mundum
684 2270 724 2292 641
748 2270 762 2292 b
779 2283 808 2287 —-
825 2271 865 2292 fuit
877 2272 953 2293 onmis
969 2298 970 2303 Ἰ

386 2311 571 2333 sanctificationis
588 2311 708 2338 speculum
727 2310 879 2338 praeclarum,
894 2311 952 2338 prin-

386 2351 473 2378 cipium
490 2350 624 2372 dill'usivum
643 2353 664 2372 et
682 2350 798 2376 exemplar
816 2350 952 2372 imitandum

387 2389 441 2412 ibid.
458 2402 489 2404 —
507 2389 624 2417 Quidquid
648 2389 689 2411 fuit
715 2389 736 2410 in
755 2394 793 2415 ea,
817 2389 857 2410 fuit
879 2390 952 2410 forma

388 2432 409 2451 ct
426 2429 543 2456 exemplar
559 2428 744 2450 sanctificationis
761 2428 784 2449 in
801 2428 850 2449 aliis
868 2427 921 2450 ibid.

434 2480 463 2484 -—
482 2467 600 2495 purificata
614 2468 661 2494 fuit,
675 2470 698 2489 ut
715 2467 848 2495 conciperet
867 2467 904 2489 Dei
921 2467 952 2489 Fi-

389 2507 443 2528 lium
471 2506 515 2528 634
535 2507 548 2528 1)
566 2519 596 2522 -
614 2513 638 2528 ca
663 2506 761 2534 puritate
783 2506 881 2533 nitebat,
906 2512 951 2534 qua

387 2545 431 2567 sub
450 2546 495 2567 heo
512 2546 593 2574 nequit
610 2546 682 2567 maior
695 2545 788 2573 intelligi
802 2544 856 2567 ibid.
875 2545 919 2567 652
932 2551 951 2567 a.
969 2546 970 2558 ¹

388 2585 432 2606 703
451 2591 462 2606 a
483 2598 509 2600 —
529 2588 577 2607 ci'at
595 2585 717 2612 purissima
738 2585 759 2606 in
779 2588 865 2611 mente,
884 2591 953 2606 carne

389 2627 410 2646 et
436 2625 499 2646 Prole
525 2624 570 2646 654
593 2630 605 2645 a
625 2637 651 2639 ——
671 2625 693 2646 ln
711 2630 736 2645 ea
760 2624 800 2645 fuit
826 2624 913 2651 puritas
931 2624 952 2645 in

388 2670 479 2685 summo
498 2664 625 2685 secuudum
650 2666 749 2691 quatuor
771 2663 858 2690 gradus
875 2663 920 2684 702
938 2662 953 2684 b

388 2715 417 2718 —
431 2704 452 2725 ln
467 2703 501 2724 his
513 2703 555 2730 ipsi
569 2703 647 2724 collata
662 2702 702 2724 fuit
714 2702 822 2729 perfectio
835 2702 951 2729 graduum

388 2742 602 2768 sacramentalium,
634 2742 759 2768 virtutum,
788 2741 902 2763 donorum
932 2744 953 2762 et

390 2782 504 2802 fructuum
523 2780 576 2803 iliizl.

435 2833 465 2836 —
483 2827 527 2842 non
546 2823 633 2842 tantum
652 2819 731 2842 habuit
745 2820 856 2847 Spiritum
873 2819 953 2841 sancti

390 2860 508 2885 fit-antem,
527 2866 608 2881 verum
629 2860 697 2882 etiam
716 2858 867 2881 inebriantem
885 2859 914 2880 98
933 2865 952 2879 a.

389 2899 433 2920 669
454 2898 467 2919 Ι)
484 2911 514 2914 -
531 2899 607 2920 Gratia
626 2905 669 2920 non
683 2901 769 2920 tantum
782 2899 831 2920 cius
844 2901 953 2924 mentem,
969 2903 971 2921 ζ

390 2943 471 2959 xci-um
490 2938 556 2959 etiam
580 2941 683 2959 ventrem
708 2937 810 2964 implevit
828 2937 872 2958 679
892 2937 905 2958 1)
923 2949 953 2952 -

391 2977 487 3002 gratiani
507 2976 586 2998 habuit
605 2983 644 3003 per
662 2983 727 2998 suam
752 2977 772 2998 in
792 2979 856 2998 utero
873 2976 952 2998 sancti-

1254 227 1286 256 (3)

987 267 1125 294 ficationem,
1137 267 1178 289 sed
1193 267 1290 294 gratiam
1308 272 1379 294 super
1396 267 1494 294 gratiam
1512 272 1553 294 per

987 306 1034 328 Filii
1053 306 1092 328 Dei
1109 306 1285 334 conceptionem
1304 305 1348 327 598
1363 305 1376 327 b
1389 318 1419 322 -
1431 306 1517 333 Spiritu
1531 306 1553 327 S.

986 345 1172 373 superveniente,
1184 344 1252 367 nobis
1270 346 1326 367 facta
1340 348 1373 367 est
1385 345 1457 372 gratia
1475 350 1554 372 super-

986 385 1052 412 plena
1071 384 1114 406 678
1134 383 1149 406 b

1034 436 1064 439 ——-
1081 423 1221 445 sanctificata
1240 423 1282 445 fuit
1304 429 1349 445 non
1375 423 1450 445 solnm
1475 429 1554 445 secun-

986 463 1042 485 dum
1061 463 1123 491 quod
1142 466 1190 484 erat
1208 468 1317 490 persona,
1335 462 1375 484 sed
1388 462 1456 484 etiam
1474 468 1553 484 secun-

986 502 1042 524 dum
1061 502 1123 530 qnod
1143 505 1190 523 erat
1208 505 1289 523 natura
1307 502 1336 523 98
1354 508 1376 523 a.
1395 501 1440 523 642
1458 507 1469 523 a

1034 553 1064 557 —-
1081 545 1193 569 quantuni
1212 541 1241 562 ad
1259 543 1343 562 statum
1366 540 1453 568 gratiae
1470 540 1554 562 dicitur

986 586 1037 602 esse
1054 580 1076 602 in
1094 580 1181 602 vertice
1198 580 1312 601 montium
1330 580 1375 601 688
1395 579 1418 601 b.
1435 580 1479 601 689
1498 579 1513 601 h

1018 619 1031 641 3
1049 631 1080 635 -
1098 619 1150 641 Eius
1168 619 1274 641 nativitas
1286 618 1426 640 describitur
1438 622 1552 647 quantum

986 658 1016 681 ad
1033 658 1187 680 excellentiam
1205 658 1321 680 nascentis
1345 660 1367 680 et
1392 658 1552 685 refulgentiam

987 698 1111 720 nativitatis
1127 697 1173 720 7t5
1191 704 1203 719 a
1222 710 1252 713 —
1269 697 1353 719 dicitur
1370 697 1425 719 oriri
1443 700 1466 719 ut
1482 697 1553 724 stella,

987 740 1012 759 ut
1028 737 1065 759 lux
1082 739 1104 759 et
1122 739 1146 758 ut
1163 742 1247 758 aurora
1264 736 1310 758 7⁵20
1328 735 1343 758 b
1360 749 1390 752 —
1408 736 1492 758 dicitur
1506 742 1553 758 sur-

986 782 1041 804 gere
1059 778 1081 798 et
1099 776 1208 803 progredi
1226 775 1280 798 ibid.
1299 788 1327 791 ——
1345 775 1367 797 in
1385 781 1427 797 suo
1445 778 1496 797 ortu
1515 776 1554 797 ha-

986 815 1036 837 buit
1053 815 1139 837 donum
1158 815 1319 841 continentiae,
1331 815 1475 837 reverentiae
1487 817 1509 836 et
1520 821 1554 837 sa-

987 855 1087 883 pientiae
1104 855 1145 876 721
1167 853 1182 876 b

1035 907 1065 909 —
1083 894 1136 916 Eius
1153 893 1260 916 nativitas
1277 893 1416 916 describitur
1428 896 1453 915 ut
1464 893 1554 920 nobilis,

988 934 1047 956 utilis
1069 937 1091 955 et
1111 932 1252 955 delectabilis
1271 932 1317 954 706
1339 939 1360 955 a.
1381 933 1425 954 708
1444 938 1456 954 a
1481 945 1508 948 —-
1531 933 1553 955 in

987 979 1029 995 sno
1047 976 1098 995 ortu
1117 972 1158 994 fuit
1175 972 1210 994 lux
1234 972 1378 1000 impermixta
1397 978 1439 1000 per
1455 972 1553 1000 gratiani

987 1012 1180 1038 sanctificantem,
1199 1011 1330 1039 incorrupta
1350 1017 1390 1039 per
1403 1011 1500 1038 gratiam
1512 1014 1555 1033 sta-

988 1051 1103 1074 bilientem
1129 1054 1151 1073 et
1172 1051 1307 1073 inconcussa
1332 1057 1373 1078 per
1395 1050 1492 1078 gratiam
1517 1057 1554 1072 su-

988 1090 1188 1119 perabundantem
1206 1090 1251 1112 707
1269 1097 1280 1112 a
1298 1102 1329 1106 ——
1346 1090 1387 1112 fuit
1398 1091 1435 1112 lux
1452 1090 1554 1117 dirigens

987 1130 1057 1153 corda
1085 1130 1184 1152 errantia
1197 1147 1202 1157 ,
1230 1130 1377 1152 inflammans
1405 1129 1474 1152 corda
1509 1133 1554 1152 tor-

988 1170 1063 1198 pentia
1082 1173 1104 1191 et
1127 1169 1214 1191 levians
1235 1169 1304 1191 corda
1329 1169 1421 1190 humilia
1440 1168 1468 1191 ib.
1487 1168 1502 1190 b
1522 1181 1553 1185 —

987 1212 1021 1231 est
1037 1209 1082 1236 lux,
1100 1215 1160 1237 quae
1177 1209 1206 1231 ad
1224 1214 1317 1230 omnem
1342 1212 1425 1230 terram
1449 1208 1554 1236 pervenit

987 1248 1041 1271 ibid.
1066 1261 1096 1264 —
1122 1247 1191 1270 habet
1215 1248 1373 1275 septiformem
1399 1248 1497 1275 gratiam
1523 1247 1552 1269 ad

987 1288 1056 1310 corda
1076 1287 1159 1315 frigida
1178 1287 1343 1309 inflammanda
1361 1286 1415 1309 ibid.
1433 1299 1463 1302 —
1479 1287 1499 1308 in
1512 1293 1553 1309 sua

988 1327 1104 1349 nativitate
1122 1327 1221 1348 humiles
1238 1329 1259 1348 et
1277 1326 1374 1354 pavidos
1391 1329 1413 1348 et
1430 1332 1555 1354 oppressos

987 1367 1094 1388 exaltavit
1111 1365 1163 1388 ibid.
1182 1378 1212 1382 —
1230 1366 1251 1387 in
1269 1372 1309 1387 sua
1329 1365 1447 1387 nativitate
1466 1366 1506 1387 fuit
1518 1366 1554 1388 lux

987 1405 1128 1428 delectabilis
1146 1407 1241 1433 propter
1253 1405 1392 1433 novitatem,
1410 1407 1553 1427 venustatem

988 1448 1009 1467 et
1027 1444 1210 1467 mulcebritatem
1228 1443 1281 1467 ibid.
1299 1444 1344 1466 708
1363 1450 1374 1466 a

1035 1497 1064 1500 —
1087 1483 1167 1506 habuit
1191 1484 1361 1511 speciositatem
1388 1484 1408 1505 in
1435 1486 1485 1505 ortu
1513 1489 1554 1511 per

988 1524 1086 1551 gratiam
1115 1523 1276 1551 purgativam3
1302 1523 1445 1545 velocitatem
1470 1523 1491 1544 in
1515 1523 1554 1545 de-

987 1569 1070 1590 cursu,
1089 1569 1129 1590 per
1148 1562 1244 1590 gratiam
1267 1562 1434 1590 promodvanu
1451 1562 1554 1584 sublimi-

988 1605 1056 1624 tatem
1084 1602 1104 1623 in
1123 1602 1179 1629 situ,
1197 1608 1238 1629 per
1261 1601 1358 1629 gratiam
1385 1602 1552 1629 perfectivam;

988 1641 1155 1664 virtuositatcm
1174 1641 1195 1663 in
1213 1642 1305 1668 ellectu,
1319 1647 1359 1668 per
1371 1641 1468 1668 gratiam
1487 1641 1553 1663 diffu-

987 1681 1061 1703 sivam
1088 1681 1133 1702 708
1158 1680 1171 1702 b
1188 1693 1220 1696 —
1238 1679 1318 1702 habuit
1342 1680 1512 1708 speciositatem
1530 1680 1552 1701 in

987 1723 1037 1742 ortu
1057 1724 1152 1748 propter
1165 1720 1375 1747 impermixtionem
1389 1719 1504 1746 contrarii,
1517 1719 1554 1741 de-

987 1760 1128 1781 corationem
1149 1759 1249 1781 universi
1268 1762 1289 1780 et
1312 1758 1488 1780 oblectationem
1506 1765 1553 1780 sen-

987 1805 1027 1821 sus
1052 1798 1217 1826 apprehensivi
1243 1797 1297 1820 ibid.
1324 1798 1369 1819 709
1396 1804 1408 1819 a
1426 1797 1555 1820 —habuit

988 1838 1131 1860 velocitatem
1150 1838 1171 1859 in
1189 1837 1288 1859 decursu
1307 1840 1402 1864 propter
1416 1837 1553 1865 magnitudi—

987 1884 1039 1899 nem
1059 1877 1189 1899 influentiae
1206 1882 1232 1898 ex
1250 1880 1314 1904 parte
1328 1876 1429 1903 motoris,
1444 1876 1553 1904 prompti-

987 1917 1090 1939 tudinem
1110 1916 1256 1938 obedientiae
1281 1922 1307 1938 ex
1334 1920 1398 1943 parte
1424 1915 1515 1937 mobilis
1532 1919 1553 1938 et

986 1956 1126 1978 amotionem
1137 1956 1212 1978 omnis
1224 1955 1364 1977 resistentiae
1374 1961 1399 1977 ex
1413 1959 1477 1983 parte
1490 1955 1553 1977 modi

988 1995 1098 2017 movendi
1121 1995 1164 2017 709
1190 1994 1212 2017 b.
1231 1995 1277 2016 710
1295 2000 1307 2016 a
1324 2006 1355 2011 -·
1372 1998 1421 2016 erat
1446 1994 1553 2016 sublimis

987 2038 1082 2062 propter
1108 2034 1325 2062 praeeminentiam,
1346 2034 1505 2061 refulgentiam
1531 2035 1554 2055 et

987 2073 1170 2102 permanentiam
1188 2073 1386 2101 incorruptibilem
1404 2072 1434 2095 ib.
1452 2079 1472 2098 a,
1490 2072 1505 2094 l>
1522 2085 1552 2088 —

988 2112 1067 2135 habuit
1085 2113 1193 2134 virtutem
1212 2112 1330 2140 effugandi
1347 2112 1467 2139 caligines,
1479 2112 1551 2133 clinn-

986 2152 1055 2174 dendi
1069 2152 1156 2174 calores
1172 2157 1194 2173 et
1215 2151 1338 2179 vegetandi
1360 2151 1455 2173 virtutes
1472 2151 1553 2173 vitales

987 2190 1016 2214 ib.
1034 2191 1055 2213 b.
1073 2192 1114 2212 711
1136 2197 1147 2212 a
1166 2203 1197 2207 —
1215 2191 1256 2212 Per
1273 2191 1322 2212 eius
1340 2190 1482 2212 nativitatem
1500 2196 1552 2212 con-

988 2231 1114 2253 funduntur
1137 2231 1244 2252 haereses
1265 2233 1287 2252 et
1312 2233 1450 2258 superantur
1472 2229 1552 2251 adver-

987 2270 1060 2292 sariae
1078 2272 1201 2297 potestates
1218 2269 1264 2291 710
1282 2269 1296 2291 b

1034 2322 1064 2325 ——
1083 2309 1215 2331 Etcellentia
1233 2308 1347 2330 nascentis
1359 2307 1497 2330 describitur
1509 2307 1552 2330 sub

987 2349 1121 2376 metaphora
1139 2348 1193 2370 solis
1210 2348 1303 2370 orientis
1320 2348 1364 2369 708
1383 2347 1405 2369 h.
1424 2348 1468 2369 712
1487 2353 1498 2369 a

1034 2400 1064 2404 —
1083 2388 1123 2409 t'uit
1140 2387 1221 2409 mulier
1238 2387 1352 2414 virtuosa,
1369 2387 1485 2414 speciosa,
1503 2393 1552 2414 gra-

988 2427 1043 2449 tiosa
1062 2430 1084 2449 et
1100 2427 1203 2449 officiosa
1221 2427 1267 2448 712
1290 2432 1302 2448 a
1325 2438 1355 2442 —
1373 2425 1453 2448 habuit
1469 2426 1552 2448 sancti-

988 2469 1055 2488 tatem
1074 2466 1097 2487 ιιι
1115 2465 1265 2493 respuendis,
1282 2465 1444 2487 rectitudinem
1469 2465 1490 2486 in
1515 2465 1551 2486 eli·

987 2505 1070 2533 gendis
1087 2508 1108 2527 et
1127 2505 1282 2527 fortitudinem
1296 2505 1318 2526 in
1331 2505 1472 2527 sustinendis
1490 2503 1518 2527 ib.
1530 2511 1551 2532 a,

988 2545 1002 2567 b
1014 2557 1045 2560 —
1058 2545 1098 2566 fuit
1114 2545 1219 2572 speciosa
1238 2550 1278 2571 per
1291 2545 1433 2565 honestatem
1446 2548 1551 2572 actuum,

987 2584 1140 2611 integritatem
1158 2589 1268 2605 sensuum
1287 2586 1308 2605 et
1331 2583 1483 2605 sinceritatem
1502 2584 1552 2604 atl'e-

987 2626 1065 2645 ctuum
1083 2622 1112 2645 ib.
1131 2622 1145 2644 b
1165 2635 1191 2638 —
1212 2622 1267 2644 [linc
1285 2624 1318 2644 ter
1341 2622 1361 2643 in
1385 2621 1482 2644 Canticis
1499 2622 1553 2644 dici-

988 2666 1024 2684 tur
1042 2662 1196 2690 pulcherrima
1215 2660 1269 2683 ibid.
1281 2673 1311 2677 —
1325 2661 1365 2683 fnit
1378 2660 1486 2688 gratiosa,
1498 2661 1550 2689 quia

988 2702 1053 2730 plena
1073 2701 1112 2723 fuit
1130 2701 1203 2728 gratia
1224 2700 1362 2727 sufficiente,
1381 2700 1553 2727 praeeminente

987 2744 1008 2762 et
1033 2740 1237 2768 superabundante
1262 2740 1307 2761 713
1333 2745 1345 2761 a
1371 2751 1402 2755 —
1427 2738 1494 2761 nobis
1519 2742 1552 2760 est

989 2780 1069 2801 mulier
1084 2779 1186 2801 officiosa
1204 2779 1323 2801 liberando
1341 2784 1353 2800 a
1371 2778 1444 2805 malo,
1461 2784 1552 2805 promo-

988 2819 1063 2841 vendo
1082 2820 1103 2840 in
1121 2818 1183 2840 bono
1200 2822 1221 2840 et
1233 2817 1417 2840 consummando
1430 2817 1452 2839 in
1464 2817 1551 2845 optimo

987 2857 1017 2880 il).
1034 2858 1049 2880 b

1034 2909 1064 2913 —
1082 2897 1103 2918 in
1121 2903 1161 2919 sua
1180 2896 1298 2918 nativitate
1310 2896 1351 2918 fuit
1364 2902 1404 2917 vas
1416 2894 1552 2917 admirabile

987 2942 1009 2958 ct
1026 2942 1085 2964 opus
1103 2936 1186 2958 Excelsi
1204 2936 1249 2957 713
1268 2935 1290 2957 b.
1312 2935 1357 2957 714-
1375 2941 1388 2956 a
1405 2947 1435 2951 —
1453 2934 1494 2956 fuit
1511 2940 1552 2956 vas

988 2976 1114 3003 pretiosum
1144 2975 1232 2997 ratione
1258 2975 1378 3002 materiae;
1407 2974 1551 3002 speciosum,

934 188 1033 217 tNDEx
1056 188 1296 217 ALPHABETICUS
1318 188 1395 217 NONl
1419 187 1605 217 VOLUMINiS.

1820 228 1879 250 MAR
1898 228 1931 256 (4)

1586 265 1674 287 ratione
1691 267 1790 293 formae;
1807 267 1936 294 copiosum,
1949 267 2036 290 ratione
2052 269 2083 290 rei
2102 274 2153 291 con·

1588 307 1661 326 tentae
1686 305 1732 327 714
1758 312 1784 332 a,
1802 305 1817 327 b
1833 307 1922 328 —fuit
1948 313 1990 329 vas
2015 313 2151 335 argenteum

1587 347 1682 371 propter
1694 344 1831 371 virginitatis
1843 346 1967 368 candorem
1977 353 1982 373 ;
1994 352 2036 368 vas
2047 353 2152 375 aureum,

1588 386 1683 410 propter
1700 383 1799 406 caritatis
1816 384 1937 412 ardorem;
1950 391 1991 407 vas
2003 386 2152 411 luminosum.

1589 425 1682 450 propter
1701 424 1823 446 honestatis
1849 424 1957 446 decorem
1975 424 2003 447 it»
2022 431 2033 447 a
2051 438 2082 441 —
2099 426 2153 447 Eius

1588 462 1722 489 speciositas
1739 463 1760 484 in
1779 462 1851 485 tribus
1870 464 2027 486 manifestatur
2044 463 2072 487 ib.
2092 464 2105 486 b
2122 477 2153 481 —

1588 501 1629 523 fuit
1646 501 1803 523 contentivam
1829 502 1876 524 sale
1897 503 2052 531 discretion1s,
2070 510 2152 526 manna

1588 541 1718 563 refectionis
1735 544 1757 563 et
1773 541 1824 563 oleo
1842 542 1999 564 exsultationis
2016 541 2070 565 ibid.

1637 579 1649 601 4
1666 592 1696 596 -
1714 581 1771 602 Ante
1789 586 1839 602 eam
1853 587 1897 602 non
1909 580 2053 608 apparebant
2065 582 2152 609 gratiae

1588 621 1627 640 ant
1643 619 1740 641 vlrtutes
1756 619 1802 641 720
1821 619 1835 641 b
1853 632 1882 635 —
1901 621 1923 642 ln
1940 626 1965 642 ea
1984 624 2036 642 sunt
2054 621 2152 643 culmina

1588 658 1700 680 virtutum
1720 658 1764 680 689
1783 664 1795 680 a
1815 671 1841 673 —
1861 659 1918 681 Nihil
1937 659 2028 682 virtutis
2044 663 2086 687 est,
2098 660 2153 682 nihil

1588 697 1751 725 speciositatis,
1768 698 1831 726 quod
1850 698 1871 720 in
1890 704 1915 720 ea
1939 705 1984 720 non
2007 700 2153 727 resplendeat

1587 736 1633 758 672
1651 736 1666 758 b

1634 788 1665 792 —
1684 776 1706 798 ln
1724 776 1773 803 ipsa
1792 776 1834 798 fuit
1850 777 1937 804 gratiae
1962 777 2153 805 susceptibilitas,

1588 815 1673 837 amoris
1701 815 1843 842 pretiositas,
1873 817 2004 839 tolerantiae.
2032 817 2154 840 strenuitas

1588 854 1632 876 714
1651 860 1662 876 a
1681 866 1710 870 —
1729 856 1751 876 ln
1764 855 1812 882 ipsa
1825 855 1866 877 fuit
1880 855 2010 883 pulcritudo
2022 857 2155 884 pudicitiae,

1588 893 1683 915 latitudo
1706 893 1880 916 benevolentiae
1902 899 1924 916 et
1951 895 2059 917 fortitudo
2076 902 2154 923 perse-

1588 933 1705 955 verantiae
1728 933 1772 955 ,125
1790 939 1801 955 a
1820 946 1850 949 —
1875 934 2037 956 omnimodum
2056 935 2153 957 nitorem

1589 971 1669 994 habuit
1686 973 1709 994 in
1727 973 1878 1000 cogitatione,
1890 973 2021 1001 affectione,
2039 974 2154 997 locutione

1588 1014 1609 1033 et
1618 1011 1695 1033 carnis
1705 1012 1878 1040 incorruptione
1891 1013 1936 1034 699
1950 1019 1962 1034 a
1976 1026 2005 1029 —
2018 1016 2070 1035 ante
2084 1013 2153 1035 Verbi

1588 1051 1764 1078 conceptionem
1788 1052 1928 1079 germinavit
1951 1052 2047 1074 herbam
2065 1056 2154 1075 sancta-

1587 1096 1639 1111 rum
1649 1090 1828 1117 cogitationum,
1841 1091 1999 1118 affectionum,
2012 1092 2152 1114 locutionum

1588 1132 1609 1151 et
1627 1129 1788 1157 operationum
1808 1130 1852 1151 669
1871 1130 1885 1152 1)

1636 1182 1664 1184 —›
1683 1168 1763 1191 habuit
1780 1169 1959 1197 incorruptionis
1973 1170 2153 1199 speciositatem,

1588 1208 1719 1229 intentionis
1736 1208 1906 1236 simplicitatem
1924 1212 1946 1230 ct
1963 1209 2091 1232 dilectionis
2107 1210 2152 1232 sin-

1588 1247 1704 1269 ceritatem
1731 1248 1776 1269 660
1794 1253 1820 1275 a,
1840 1247 1862 1269 b.
1886 1248 1926 1270 661
1948 1254 1960 1270 a
1978 1261 2008 1264 —
2026 1249 2089 1271 dedit
2108 1249 2153 1271 Deo

1588 1287 1750 1314 cogitationem
1768 1287 1857 1314 cordis,
1875 1287 2013 1310 locutionem
2027 1288 2084 1316 oris,
2102 1294 2155 1316 ope-

1590 1326 1701 1348 rationem
1729 1326 1797 1348 totius
1819 1327 1923 1354 corporis
1950 1327 1986 1348 171
2009 1333 2020 1348 a
2040 1340 2067 1342 —
2087 1328 2109 1349 tn
2127 1333 2153 1349 ea

1590 1366 1630 1388 fuit
1647 1365 1734 1387 candor
1751 1366 1916 1393 continentiae,
1929 1366 2072 1388 innocentiae
2085 1369 2107 1388 ct
2118 1373 2153 1389 sa-

1589 1405 1687 1432 pientiae
1713 1405 1757 1426 699
1775 1411 1787 1427 a
1804 1417 1835 1420 —
1853 1405 1913 1427 Haec
1938 1405 2044 1433 designat
2066 1405 2153 1428 candor

1589 1444 1664 1471 floris,
1682 1444 1751 1466 vestis
1768 1449 1790 1466 et
1807 1444 1864 1466 lucis
1877 1443 1905 1466 ib.
1923 1450 1943 1470 a,
1956 1443 1971 1466 b
1983 1457 2013 1460 —
2026 1444 2048 1466 ln
2061 1450 2088 1466 ea
2099 1450 2154 1467 con-

1588 1483 1702 1506 sideratur
1720 1483 1817 1505 dulcedo
1835 1483 1935 1511 gratiae,
1953 1484 2026 1505 virtus
2043 1484 2153 1511 fiduciae,

1589 1523 1701 1545 rectitudo
1719 1523 1881 1550 intelligentiae
1899 1526 1921 1545 ct
1933 1523 2051 1550 plenitudo
2062 1523 2154 1551 sapien-

1589 1563 1632 1584 tiae
1649 1562 1694 1584 716
1713 1561 1737 1584 b.
1753 1562 1797 1584 717
1817 1568 1837 1589 a,
1856 1561 1869 1583 b

1635 1614 1665 1618 —
1684 1603 1705 1624 ln
1723 1608 1748 1623 ea
1767 1604 1801 1623 est
1818 1601 1960 1629 incorruptio
1975 1601 2086 1629 virginea,
2098 1601 2152 1624 sub-

1588 1641 1655 1664 iectio
1672 1641 1869 1669 reverentissima,
1885 1641 2034 1663 sanctificatio
2051 1641 2153 1668 plenaria

1589 1685 1610 1703 et
1627 1680 1748 1708 conceptio
1761 1680 1942 1702 fructuosissima
1955 1681 1998 1701 668
2013 1679 2035 1701 b.
2048 1680 2093 1702 669
2105 1686 2126 1707 a,
2139 1679 2153 1702 b

1588 1733 1618 1736 —
1637 1723 1685 1741 erat
1709 1720 1765 1741 t'acie
1791 1719 1959 1747 pulcherrima,
1982 1725 2080 1747 corpore
2096 1719 2154 1741 inte-

1590 1760 1703 1787 gerrima,
1720 1759 1800 1786 spiritu
1819 1758 1960 1780 sanctissima
1979 1759 2023 1780 679
2042 1765 2054 1781 a
2072 1771 2102 1775 -—
2115 1764 2153 1786 ap-

1588 1802 1653 1827 paret
1670 1799 1792 1825 timorosa,
1810 1797 1855 1820 fide
1872 1798 1950 1825 plena,
1968 1804 2074 1820 amorosa
2091 1801 2113 1820 et
2130 1798 2153 1820 in

1588 1838 1761 1861 conversatione
1779 1838 1872 1859 honesta
1891 1836 1936 1859 644
1954 1836 1969 1858 b

1634 1889 1664 1893 —-
1683 1876 1782 1899 habehat
1798 1876 1907 1898 virtutem
1926 1875 2083 1905 abstinentiae,
2096 1882 2154 1904 pau-

1588 1917 1692 1945 pertatis,
1710 1916 1864 1938 continentiae
1882 1915 1910 1937 94
1930 1921 1941 1937 a
1958 1928 1989 1932 —
2007 1915 2047 1937 fuit
2065 1915 2153 1938 munda

1587 1960 1609 1978 et
1625 1955 1737 1978 obediens
1754 1955 1798 1977 522
1817 1954 1831 1976 b
1849 1967 1879 1971 --
1897 1955 2025 1977 insinuatur
2047 1955 2096 1977 eius
2114 1956 2154 1977 hu-

1588 1995 1684 2022 militas,
1701 1994 1812 2016 stabilitas
1836 1997 1858 2016 et
1880 1994 1962 2016 caritas
1988 1994 2032 2016 657
2050 2000 2071 2021 a,
2089 1993 2104 2016 b
2121 2006 2152 2010 —

1588 2036 1609 2056 ln
1627 2040 1652 2056 ea
1676 2034 1717 2056 fuit
1741 2039 1833 2056 summa
1859 2033 2000 2061 reverentia,
2028 2033 2152 2061 munditia,

1586 2073 1721 2100 concordia,
1738 2072 1857 2095 clementIa
1871 2072 1916 2094 627
1929 2078 1940 2093 a
1953 2084 1983 2088 —
1995 2072 2109 2100 percussit
2119 2078 2152 2094 se-

1586 2116 1649 2140 ptem
1667 2114 1759 2139 peccata
1778 2111 1882 2139 capitalia
1900 2110 2023 2133 virtutibus
2041 2111 2152 2139 oppositis

1591 2152 1631 2173 150
1657 2151 1671 2173 b
1693 2163 1723 2167 —
1749 2151 1789 2173 fuit
1806 2151 1967 2178 pauperrima,
1985 2150 2111 2172 humillima
2130 2154 2152 2172 et

1587 2191 1734 2218 integerrima
1752 2190 1797 2212 ’717
1816 2189 1830 2211 b

1634 2243 1664 2245 —
1682 2230 1734 2251 Eius
1752 2230 1868 2256 profectus
1885 2228 1926 2250 fuit
1943 2228 2037 2250 festinus
2054 2235 2095 2256 per
2108 2229 2151 2251 fer-

1586 2276 1680 2296 vorem,
1705 2268 1828 2291 continuus
1850 2274 1890 2296 per
1917 2268 2035 2295 vigorem,
2053 2268 2151 2290 cliti‘usus

1587 2315 1627 2337 per
1644 2314 1747 2330 amorem
1765 2308 1805 2330 721
1829 2307 1843 2329 b

1633 2359 1663 2364 —
1680 2350 1728 2369 erat
1745 2346 1866 2369 candidata
1890 2345 2027 2372 virtutibus,
2045 2345 2150 2368 dealbata

1586 2387 1684 2415 Spiritus
1704 2387 1728 2408 S.
1748 2384 1896 2413 muneribus,
1922 2385 2091 2413 simplicitatem
2116 2391 2152 2407 co-

1585 2425 1678 2448 lumbae
1695 2425 1719 2447 in
1740 2424 1848 2447 omnibus
1868 2427 2043 2452 repraesentans
2062 2424 2107 2446 660
2128 2424 2150 2446 b.

1586 2465 1630 2487 679
1649 2471 1661 2487 a
1677 2477 1708 2481 —
1726 2464 1768 2492 lpsi
1787 2470 1832 2486 non
1850 2464 1922 2486 det'nit
1939 2464 1996 2486 fides
2014 2463 2151 2485 Pati-iarcha-

1586 2510 1652 2530 rum,
1669 2510 1722 2531 spes
1747 2504 1927 2531 Prophetarum,
1947 2503 2009 2524 zelus
2034 2502 2150 2529 Apostolo-

1586 2549 1652 2569 rum,
1668 2542 1793 2565 cunstantia
1812 2542 1948 2569 Martyrum,
1965 2541 2078 2563 sobrietas
2095 2540 2151 2563 Con-

1587 2583 1712 2608 fessorum,
1740 2582 1832 2603 castitas
1860 2581 1995 2608 vaginam,
2024 2580 2150 2602 fecunditas

1585 2622 1763 2649 coniugatorum
1776 2626 1819 2643 nec
1831 2620 1918 2648 puritas
1929 2620 2067 2647 Angelorum
2081 2619 2125 2641 698
2136 2619 2150 2641 b

1633 2673 1662 2676 —
1681 2660 1761 2682 habuit
1777 2665 1893 2682 summam
1917 2659 2060 2681 dilectionem
2087 2662 2150 2681 natu·

1586 2700 1669 2727 ralem,
1687 2699 1821 2728 acquisitam
1840 2702 1862 2720 et
1884 2699 2007 2726 gratuitam
2025 2698 2070 2720 704
2088 2697 2102 2719 1)
2119 2709 2150 2716 —·

1586 2745 1636 2761 eam
1656 2739 1735 2761 hahuit
1760 2738 1881 2761 indivisam
1904 2736 1957 2760 ibid.
1976 2750 2005 2752 —
2022 2737 2096 2759 Ardor
2114 2743 2150 2759 ca-

1585 2778 1656 2800 ritatis
1673 2778 1746 2805 ipsius
1759 2777 1898 2799 transcendit
1909 2777 2016 2799 ardorem
2028 2776 2149 2804 Seraphim

1586 2818 1614 2839 98
1633 2824 1645 2839 a
1664 2830 1691 2832 —
1710 2817 1767 2839 Nihil
1786 2817 1888 2839 medium
1907 2816 1947 2837 fuit
1970 2816 2026 2837 inter
2044 2822 2083 2837 cor
2102 2815 2150 2837 Vir-

1586 2856 1645 2883 ginis
1662 2860 1684 2878 et
1702 2856 1773 2878 Deum
1792 2856 1837 2877 695
1855 2862 1866 2877 a
1885 2867 1915 2872 --
1936 2854 2017 2876 habuit
2033 2860 2148 2876 summam

1587 2895 1693 2922 pietatem
1721 2895 1741 2916 in
1767 2894 1887 2916 affectione
1909 2894 1953 2916 699
1973 2893 1987 2915 b
2007 2906 2032 2908 —
2052 2893 2108 2921 Quia
2127 2893 2148 2914 in

1585 2934 1635 2956 eius
1653 2934 1722 2956 corde
1740 2940 1805 2955 amor
1823 2933 1969 2961 singulariter
1982 2931 2085 2959 ardebat,
2099 2932 2149 2954 ideo

1586 2973 1607 2994 in
1627 2980 1695 2995 carne
1712 2973 1761 2995 cius
1773 2973 1871 3000 spiritus
1888 2973 1910 2994 S.
1924 2971 2034 2993 mirabilia
2054 2971 2149 2993 faciebat
