2269 3448
393 195 428 223 14
1143 193 1359 221 DlSSERTATlO
1382 193 1399 221 l.

389 273 449 302 aliis
472 273 575 310 spuriis
596 272 801 302 commentariis
822 273 849 301 in
872 273 971 301 ceteris
989 271 1171 305 editionibus,
1194 271 1241 299 Bo-

390 323 573 348 naventuram
594 322 775 353 accusarunt,
797 319 871 356 quod
897 319 923 347 iu
952 319 1009 347 suis
1038 317 1242 347 commentariis

390 366 471 395 nimis
497 366 604 395 insistat
625 366 751 395 sensibus
774 366 895 402 mysticis
916 365 1096 402 explicandis.
1119 365 1156 393 Re
1178 372 1242 393 vera

388 413 415 441 in
439 413 566 450 genuinis
587 413 645 441 suis
667 412 785 449 scriptis,
807 415 869 449 post
890 420 988 441 sensus
1009 412 1135 440 litteralis
1156 419 1242 448 expo-

390 460 516 489 sitionem
541 463 646 489 tantum
670 468 752 497 parce
773 468 824 497 pro
846 467 923 488 more
945 459 1018 488 illius
1040 459 1136 487 aetatis
1158 458 1242 487 refert

389 507 470 535 etiam
493 515 591 536 sensus
613 507 750 543 mysticos.

514 608 527 636 ’,ᾗ
544 608 581 631 lv.
600 607 737 631 Collationes
754 607 777 630 111
795 608 899 630 Ioannem
919 608 980 635 (pag.
997 607 1116 635 535-634).

468 694 608 723 Genuinae
630 694 681 722 hae
703 694 862 722 collationes
880 693 1012 721 disserunt
1032 692 1066 721 ab
1088 692 1140 720 illis
1161 692 1242 720 colla-

389 741 510 769 tionibus
526 740 666 777 impressis
682 740 707 768 in
725 743 789 768 tom.
805 740 834 767 Il.
856 739 897 768 ed.
914 739 1076 772 Vaticanae‚
1092 746 1163 775 quae
1178 742 1243 767 sunt

388 795 459 824 opus
481 787 587 815 loannis
608 786 752 815 Gualensis
773 786 803 814 Ο.
827 786 868 814 Fr.
898 786 930 813 M.
957 786 1071 814 Nostrae
1092 793 1159 813 vero
1182 785 1242 813 Col-

389 834 523 867 latioues,
546 836 626 862 antea
648 840 763 869 prorsus
791 833 915 870 ignotae,
936 832 1063 861 inventae
1091 835 1156 860 sunt
1177 840 1193 860 a
1215 832 1240 860 Ρ.

388 880 469 909 Fideli
492 888 508 908 a
529 880 619 908 Fauna
650 880 676 908 in
700 880 790 908 tribus
818 879 959 908 codicibus
986 879 1107 916 antiquis
1129 882 1155 907 et
1184 886 1242 907 sae-

388 927 483 956 culum
505 927 568 955 Xlll.
594 927 808 963 attingentibus;
831 926 892 955 vide
915 926 1018 963 Proleg.
1042 934 1102 963 pag.
1125 926 1194 954 XXV
1216 928 1243 954 et

388 974 424 1002 ibi
440 974 467 1002 11]
491 974 544 1002 11116
560 973 715 1002 Facsimile
730 973 830 1002 codicis
845 973 977 1007 Toletani,
992 973 1039 1010 qui
1056 973 1136 1002 etiam
1161 973 1242 1001 babet

387 1029 487 1050 nomen
510 1021 718 1049 Bonaventurae
746 1028 762 1048 a
787 1022 876 1057 prima
901 1028 985 1049 manu
1014 1021 1165 1057 scriptum·
1189 1020 1242 1048 Hoc

388 1068 553 1105 opusculum
576 1068 613 1096 ita
634 1068 721 1104 spirat
741 1068 881 1104 ingenium
905 1070 932 1096 et
952 1067 1047 1096 stilum
1070 1068 1241 1096 Bonaveutu-

388 1115 509 1148 nanum,
531 1118 562 1143 ut
583 1114 616 1143 de
632 1123 697 1143 vero
712 1118 825 1143 auctore
844 1123 896 1143 non
913 1115 1069 1143 dubitatum
1094 1115 1138 1148 sit,
1160 1115 1241 1142 etiam

388 1165 535 1198 antequam
549 1169 648 1190 nomen
661 1162 783 1190 auctoris
799 1162 824 1189 11]
838 1162 930 1190 codice
942 1162 1072 1190 Toletano
1084 1161 1136 1190 fuit
1151 1162 1242 1190 inven-

388 1212 456 1237 tum.
480 1209 507 1237 In
530 1217 616 1245 parva
633 1209 783 1245 appendice
805 1209 929 1237 codicum
951 1208 1057 1237 adiecta
1078 1212 1142 1237 suut
1157 1216 1241 1245 quae-

388 1255 449 1284 dam
473 1256 623 1289 schemata,
645 1255 678 1284 de
700 1264 820 1292 quorum
840 1259 953 1284 auctore
973 1264 1027 1284 non
1051 1258 1164 1284 constat.
1188 1255 1241 1283 Hoc

387 1303 553 1339 opusculum
575 1303 750 1339 aliquatenus
771 1305 813 1331 est
834 1310 990 1331 connexum
1013 1310 1075 1331 cum
1098 1302 1241 1330 Commen-

388 1350 458 1378 tario
480 1350 505 1377 in
531 1350 672 1382 loannem,
695 1353 721 1378 et
743 1350 858 1378 selectos
879 1357 975 1378 versus
997 1350 1081 1378 huius
1105 1349 1239 1386 Evangelii

389 1397 509 1433 explicat
524 1405 573 1433 per
594 1396 744 1425 schemata
765 1397 799 1425 ad
821 1405 902 1425 usum
919 1397 1149 1433 praedicatorum,
1172 1405 1240 1434 quo-

389 1452 451 1472 rum
468 1444 590 1481 longiora
605 1444 747 1472 excellunt
762 1444 961 1472 sententiarum
984 1444 1160 1480 praestantia.
1174 1443 1240 1472 Vide

389 1491 492 1527 Proleg.
510 1499 568 1527 pag.
585 1491 655 1519 XXV
670 1498 726 1527 seq.
746 1491 957 1527 descriptionem
974 1491 1058 1519 trium
1074 1491 1237 1519 collatorum

390 1538 523 1566 codicum.

466 1585 531 1613 ibid.
555 1593 615 1621 pag.
634 1584 717 1613 XXVI
739 1587 766 1613 et
780 1586 797 1620 ἓ
814 1586 838 1613 7.
856 1588 965 1621 praeter
980 1585 1033 1613 alia
1047 1585 1080 1614 de
1102 1585 1192 1614 indole
1214 1588 1240 1613 et

387 1632 555 1668 praestantia
577 1632 660 1660 trium
684 1632 768 1661 huius
790 1632 855 1660 tomi
871 1632 1140 1660 Commentariorum
1156 1640 1240 1669 quae-

388 1679 450 1708 dam
471 1679 543 1707 dicta
565 1682 629 1707 sunt
651 1679 683 1707 de
705 1679 836 1713 fontibus⁷
859 1679 962 1716 quihus
983 1687 1052 1708 usus
1073 1682 1113 1707 est
1133 1682 1238 1707 auctor.

388 1727 498 1755 Praeter
507 1726 644 1763 duplicem
658 1726 803 1760 Glossain,
815 1734 886 1763 quae
898 1726 1082 1755 communiter
1092 1726 1241 1755 sententias

388 1775 427 1802 Ss.
451 1773 561 1801 Patrum
585 1773 707 1807 exhibet,
730 1773 950 1801 Commentarius
975 1773 1002 1801 in
1028 1773 1154 1801 loannem
1177 1781 1240 1801 con-

388 1821 465 1849 tinuo
481 1821 570 1848 utitur
586 1820 758 1856 expositione
773 1821 812 1848 Ss.
829 1820 972 1856 Augustini
990 1823 1016 1848 et
1032 1820 1138 1848 loannis
1153 1820 1239 1856 Chry-

388 1867 497 1896 sostomi
521 1870 548 1896 et
562 1867 705 1895 cuiusdam
721 1867 849 1900 Victoris,
871 1867 917 1903 qui
934 1867 1043 1895 videtur
1059 1867 1142 1895 fuisse
1157 1867 1240 1903 episc.

388 1914 505 1951 Capuae,
521 1914 594 1943 citati
617 1914 652 1942 ab
673 1914 794 1942 Alcuino.
811 1914 860 1942 Sed
887 1913 1005 1942 Glosscie
1020 1914 1046 1942 in
1069 1914 1241 1951 expositione

389 1961 451 1990 libri
473 1961 626 1998 Sapientiae
647 1961 745 1989 citatae
760 1961 925 1998 plerumque
940 1964 1048 1989 sumtae
1063 1965 1127 1989 sunt
1142 1969 1177 1989 ex
1194 1962 1241 1989 Ra-

389 2008 468 2036 bano.
485 2008 522 2036 De
544 2007 666 2036 fontibus
686 2007 816 2036 adhibitis
831 2008 857 2035 in
873 2008 1045 2044 expositione
1064 2008 1240 2036 Ecclesiastae

390 2054 451 2082 vide
473 2054 595 2082 scholion
619 2062 678 2090 pag.
703 2054 748 2082 99.

388 2156 402 2184 ’,ᾖ
416 2155 441 2178 V.
452 2155 631 2179 Commentarius
643 2154 666 2178 in
678 2155 829 2185 Evangelium
843 2155 865 2178 S.
875 2156 949 2178 Lucae
959 2157 1023 2185 (tom.
1034 2157 1079 2179 Vll.
1089 2163 1142 2184 pag.
1157 2157 1239 2187 1-601).

467 2241 521 2269 Hoc
542 2249 612 2277 opus
633 2241 658 2269 S.
682 2241 889 2269 Bonaventurae
910 2249 991 2270 nemo
1013 2242 1119 2271 vocavit
1140 2243 1165 2271 in
1188 2243 1239 2271 du-

388 2288 464 2317 bium
488 2288 538 2317 nisi
561 2288 679 2317 editores
694 2288 799 2322 Veneti,
815 2297 934 2326 quorum
952 2289 1071 2319 rationes
1090 2298 1154 2318 vere
1175 2290 1239 2319 futi-

388 2336 428 2364 les
443 2335 495 2363 iam
511 2343 526 2363 a
543 2335 568 2363 1).
582 2335 710 2363 Sbaralea
725 2338 752 2364 et
766 2335 792 2363 P.
806 2336 906 2364 Bonelli
922 2337 1033 2373 penitus
1048 2344 1160 2366 eversae
1175 2341 1239 2366 sunt

388 2386 446 2410 tum
469 2382 647 2418 antiquorum
670 2384 815 2410 auctorum
838 2386 896 2410 tum
919 2383 1044 2412 codicum
1075 2385 1239 2412 auctoritate

389 2429 461 2465 (vide
477 2429 580 2465 Proleg.
596 2437 656 2465 pag.
673 2429 717 2457 Vll
732 2436 787 2466 seq.
804 2430 821 2464 ὅ
840 2431 862 2457 l.
880 2430 927 2465 2.).
944 2430 1164 2459 Commentarius
1182 2440 1238 2459 ma-

388 2476 485 2504 nifeste
506 2476 596 2504 indole
611 2484 662 2504 sua
676 2475 767 2504 differt
788 2484 803 2504 a
826 2476 915 2505 tribus
938 2477 1174 2513 praecedentibus,
1190 2478 1237 2515 qui

388 2523 414 2551 in
436 2522 541 2551 scholis
561 2522 678 2559 expositi
702 2526 767 2551 sunt
788 2526 815 2551 et
843 2523 1050 2560 quaestionibus
1080 2524 1239 2561 theologicis

388 2569 537 2598 abundant.
560 2569 610 2598 Sed
632 2569 769 2606 expositio
790 2570 816 2597 in
840 2570 938 2598 Lucam
965 2571 1051 2607 magis
1080 2579 1129 2607 pro
1158 2573 1237 2608 praxi

388 2615 609 2652 praedicatorum
631 2616 733 2652 scripta
754 2623 813 2644 esse
835 2616 959 2650 videtur;
982 2616 1055 2645 unde
1084 2625 1135 2645 non
1158 2618 1239 2646 habet

388 2663 562 2699 quaestiones
583 2663 767 2691 scholasticas.
784 2663 899 2691 Videtur
914 2664 995 2692 etiam
1017 2667 1078 2700 post
1099 2664 1165 2693 alios
1180 2673 1239 2694 esse

388 2710 552 2746 composita,
574 2713 623 2738 aut
643 2710 738 2738 saltem
769 2710 865 2739 ultimo
890 2711 1023 2739 absoluta.
1047 2711 1147 2740 Ultima
1172 2712 1239 2741 baec

389 2757 473 2786 verba
504 2757 668 2791 adiecimus,
697 2757 762 2794 quia
791 2758 960 2792 Salimbene,
989 2759 1036 2795 qui
1065 2759 1237 2787 luculentum

388 2813 438 2840 pro
457 2805 625 2841 genuinitate
646 2808 672 2833 et
694 2805 861 2841 praestantia
882 2806 967 2834 huius
983 2806 1043 2834 libri
1060 2806 1149 2834 reddit
1164 2807 1239 2835 testi-

388 2851 521 2885 monium,
540 2851 681 2880 insinuare
697 2852 815 2885 videtur,
831 2860 894 2880 cum
909 2852 1120 2881 Commentariis
1135 2852 1161 2881 in
1177 2854 1239 2881 Sen-

389 2897 486 2925 tentias
517 2897 597 2925 etiam
631 2898 705 2926 hunc
736 2906 779 2926 an.
816 2899 889 2926 ‘1248
921 2898 1061 2935 inceptum
1093 2907 1160 2928 esse.
1188 2900 1239 2928 Sed

389 2943 473 2971 verba
496 2944 574 2972 istius
595 2948 660 2972 sunt
682 2945 762 2973 nimis
782 2946 928 2982 ambigua,
950 2949 976 2974 et
999 2946 1087 2983 ipsum
1103 2955 1174 2983 opus
1193 2955 1239 2983 po-

389 2989 443 3018 tius
465 2990 645 3019 maturiorem
667 2994 782 3020 aetatem
805 2992 926 3020 auctoris
948 2992 1076 3021 insinuat.

1297 300 1299 302 a
1379 271 1501 300 liabetur
1522 271 1613 300 adhuc
1628 271 1654 299 iu
1676 271 1707 299 16
1723 271 1873 305 codicibus,
1888 279 2008 308 quorum
2025 271 2152 300 undecim

1299 317 1333 346 ad
1355 318 1517 354 corrigenda
1543 318 1630 346 multa
1658 317 1881 354 praecedentium
1910 317 2060 346 editionum
2087 318 2151 346 vitia

1299 373 1315 393 a
1336 365 1415 393 nobis
1436 365 1526 393 collati
1549 367 1614 393 sunt
1634 364 1750 401 (Proleg.
1774 372 1834 401 pag.
1852 365 1932 393 lX—Xl
1953 366 1970 400 g
1991 365 2039 397 4.).
2055 365 2150 401 Quoad

1299 411 1388 440 fontes
1413 411 1607 440 Commentarii
1637 411 1686 439 cfr.
1716 419 1776 448 pag.
1800 411 1831 439 lX
1861 411 1911 440 col.
1940 412 1969 439 ll.
2000 412 2026 439 ln
2056 411 2149 440 eodem

1300 461 1375 487 tomo
1390 458 1442 486 Vll.
1460 458 1598 487 habentur
1613 458 1668 486 duo
1683 458 1775 487 (lubia
1790 458 2024 493 commentariola,
2040 458 2073 487 de
2088 459 2150 495 qui-

1300 505 1352 533 bus
1374 505 1445 533 infra
1466 505 1582 533 dicetur.
1612 505 1639 533 111
1662 505 1716 534 fine
1744 505 1854 533 additus
1875 508 1916 534 est
1942 505 2025 533 index
2054 513 2149 534 rerum

1300 551 1328 580 in
1349 555 1470 588 quatuor
1493 552 1705 581 commentarios
1726 552 1797 581 sexti
1820 555 1848 580 et
1869 552 1977 589 septimi
1999 553 2073 580 tomi.

1662 646 1728 674 Cae.
1751 646 1792 674 lV.

1306 739 1413 766 Tomus
1435 739 1510 767 VIII.
1536 739 1573 767 De
1592 739 1730 776 yciz'uinis
1745 739 1893 776 opusculis
1915 740 2046 778 mysticis
2067 744 2091 768 ct
2113 740 2154 768 acl

1546 786 1683 814 Ordinem
1706 786 1911 823 spectantibus.

1378 880 1472 916 Quoad
1490 880 1607 916 primam
1622 880 1746 914 classem,
1761 881 1818 909 scil.
1834 881 1967 917 opuscula
1983 881 2106 917 mystica,
2125 881 2152 909 11]

1299 930 1373 955 101110
1399 931 1495 955 octavo
1522 927 1660 955 habentur
1687 927 1821 964 opuscula
1850 930 1956 956 tautum
1985 928 2078 957 decem
2107 936 2163 965 ge—·

1299 974 1399 1008 nuina,
1422 982 1485 1002 cum
1508 975 1533 1002 in
1559 974 1698 1003 veteribus
1719 974 1885 1003 editionibus
1904 975 1991 1003 multa
2013 975 2154 1011 illegitima

1299 1021 1426 1049 exhiberi
1450 1021 1503 1049 iam
1525 1029 1541 1048 a
1555 1021 1672 1049 saeculis
1693 1021 1855 1050 constiterit.
1871 1021 1907 1050 Ad
1923 1021 2071 1050 secundam
2088 1029 2153 1050 vero

1299 1068 1413 1096 classem
1437 1068 1574 1104 pertinent
1595 1068 1814 1104 quatuordecim.
1832 1069 1963 1105 Sequitur
1984 1069 2010 1097 in
2034 1069 2088 1097 fine
2106 1077 2153 1105 ap-

1299 1115 1401 1151 pendix
1424 1119 1528 1151 septem
1551 1115 1699 1143 dubiorum
1724 1115 1765 1143 vel
1794 1124 1847 1143 non
1870 1115 2055 1152 legitimorum
2085 1124 2153 1152 opu-

1299 1161 1450 1190 sculorum.

1422 1264 1436 1292 S
1452 1264 1469 1286 I.
1487 1263 1517 1286 De
1533 1263 1640 1292 genuinis
1657 1263 1725 1287 libris
1742 1263 1849 1287 asceticis
1867 1264 1931 1293 (pag.
1950 1265 2021 1293 3-18).

1381 1352 1404 1379 l.
1430 1351 1550 1379 Primum
1575 1351 1664 1379 locum
1695 1354 1812 1387 occupat
1842 1351 1950 1380 libellus
1971 1352 2005 1380 (lc
2033 1351 2155 1388 Triplici

1305 1397 1373 1430 Via,
1396 1397 1442 1434 qui
1465 1397 1531 1425 alias
1554 1397 1579 1425 in
1596 1397 1762 1425 editionibus
1778 1405 1923 1434 perperam
1941 1406 2038 1427 nomen
2056 1399 2153 1427 habuit

1298 1445 1468 1473 Incendium
1491 1444 1611 1472 amoris.
1634 1444 1729 1473 Falsus
1744 1445 1788 1473 liic
1812 1445 1909 1473 titulus
1924 1445 2098 1474 introductus
2113 1449 2154 1474 est

1297 1499 1333 1520 ex
1355 1491 1450 1528 spurio
1466 1492 1595 1528 prologo,
1618 1493 1664 1529 qui
1688 1492 1714 1520 in
1734 1492 1788 1520 fine
1804 1492 1901 1521 habuit
1917 1493 2017 1521 verba:
2045 1504 2057 1518 (1
2073 1493 2153 1521 Istius

1297 1538 1359 1567 libri
1376 1539 1473 1567 titulus
1485 1539 1655 1567 Incendium
1668 1540 1780 1567 umoris
1795 1540 1896 1568 dicitur
1908 1551 1934 1567 ι).
1951 1539 2001 1568 Sed
2018 1540 2075 1576 ipse
2091 1548 2153 1576 pro-

1298 1585 1376 1622 logus
1397 1585 1529 1613 insulsus
1551 1588 1657 1614 tantum
1681 1586 1706 1614 in
1723 1586 1813 1614 tribus
1835 1586 2032 1615 recentissimis
2053 1586 2153 1615 codici-

1297 1632 1350 1661 bus
1372 1632 1501 1660 inventus
1522 1635 1571 1661 est.
1588 1632 1677 1661 Variis
1698 1633 1759 1661 aliis
1780 1633 1938 1662 nominibus
1962 1633 1989 1662 11]
2012 1633 2152 1662 codicibus

1297 1679 1463 1716 opusculum
1487 1680 1650 1716 inscriptum
1674 1683 1731 1714 est,
1753 1680 1799 1709 sed
1823 1681 2031 1709 convenientius
2052 1681 2078 1709 in
2096 1689 2152 1709 me-

1298 1726 1414 1754 lioribus
1437 1726 1516 1754 titulo
1539 1727 1584 1754 illo
1606 1735 1621 1754 a
1641 1727 1719 1755 nobis
1742 1730 1860 1764 recepto.

1376 1773 1533 1801 Certissime
1555 1777 1596 1802 est
1623 1774 1789 1810 opusculum
1819 1774 1989 1811 genuinum,
2011 1775 2085 1812 quod
2112 1775 2151 1803 111-

1298 1820 1368 1848 victe
1390 1820 1524 1856 probatur
1547 1824 1643 1849 contra
1663 1821 1803 1849 Oudinum
1826 1830 1886 1858 pag.
1905 1822 1937 1849 lX
1952 1823 1969 1857 ξ
1987 1823 2010 1849 l.
2031 1822 2084 1850 Hoc
2099 1822 2150 1850 dici

1297 1870 1387 1902 potest
1408 1866 1546 1902 quoddam
1567 1866 1776 1905 breviloquium
1799 1868 1951 1904 theologiae
1974 1869 2104 1905 mysticae
2125 1871 2152 1896 et

1298 1921 1406 1942 summa
1427 1922 1459 1942 ac
1481 1914 1621 1950 ingeniosa.
1642 1915 1774 1943 orationis
1795 1915 1929 1943 brevitate
1951 1915 2083 1944 salutaria
2104 1915 2151 1944 do-

1298 1964 1427 1989 cumenta
1449 1961 1563 1997 praebet
1584 1961 1735 1995 omnibus,
1752 1962 1914 1998 praesertim
1937 1963 1964 1991 in
1987 1970 2009 1991 c.
2026 1963 2043 1990 I.
2066 1966 2093 1991 et
2115 1963 2150 1997 ll;

1297 2016 1319 2036 c.
1344 2008 1382 2035 lll.
1408 2016 1472 2036 vero
1494 2008 1563 2036 altos
1584 2008 1687 2045 gradus
1706 2009 1944 2046 coi'itci‘nplationis
1966 2009 2089 2038 breviter
2111 2010 2151 2038 11]-

1297 2055 1404 2089 sinuat,
1426 2055 1472 2084 ubi
1496 2059 1585 2084 tamen
1603 2056 1720 2084 notanda
1736 2060 1777 2085 est
1798 2057 1923 2085 doctrina
1942 2058 1970 2093 (ᾗ
1986 2058 2024 2092 7.)
2046 2057 2079 2085 de
2100 2057 2151 2085 du-

1297 2102 1359 2139 plici
1382 2103 1611 2139 contemplatione
1635 2111 1683 2139 per
1703 2104 1871 2140 positionem
1896 2107 1922 2132 et
1944 2104 2126 2132 ablutionem.

1377 2150 1486 2178 Praetor
1502 2150 1629 2186 spurium
1643 2151 1829 2187 prooemium
1844 2151 1912 2179 aliae
1927 2151 2008 2179 etiam
2024 2151 2151 2179 insertio-

1296 2204 1345 2225 nes
1366 2196 1473 2233 ineptae
1495 2197 1521 2225 in
1544 2197 1601 2225 fere
1623 2197 1751 2226 omnibus
1776 2197 2005 2234 praecedentibus
2026 2198 2151 2226 editioni-

1296 2243 1349 2272 bus
1368 2244 1471 2281 positae
1486 2252 1500 2273 e
1516 2247 1610 2273 nostra
1631 2244 1749 2273 editione
1770 2245 1935 2274 auctoritate
1957 2245 2081 2274 codicum
2103 2246 2150 2274 eli-

1297 2291 1415 2319 minatae
1430 2294 1495 2319 sunt
1517 2294 1544 2320 et
1563 2291 1679 2320 reiectae
1695 2292 1721 2320 in
1737 2292 1952 2321 additamentum
1970 2293 1986 2321 l.
2003 2296 2030 2321 et
2047 2293 2073 2321 ll.
2090 2296 2150 2330 post

1296 2338 1471 2374 opusculum.
1494 2355 1532 2359 —
1554 2339 1712 2372 Praeterea,
1735 2339 1761 2366 11]
1784 2339 1975 2368 additamentis
1998 2340 2036 2367 lll.
2059 2343 2086 2368 et
2108 2341 2148 2368 lV.

1297 2385 1498 2421 publicavimus
1520 2385 1657 2421 quoddam
1673 2386 1838 2421 opusculum
1855 2386 1971 2422 speciale
1992 2386 2025 2414 de
2041 2387 2150 2415 Pietate

1295 2439 1330 2460 ex
1359 2432 1419 2460 aliis
1449 2432 1576 2468 genuinis
1608 2433 1633 2460 S.
1665 2432 1790 2461 Doctoris
1822 2433 1954 2469 operibus
1985 2441 2000 2461 a
2028 2433 2147 2470 quodam

1295 2478 1388 2514 ignoto
1411 2478 1469 2506 viro
1497 2479 1674 2515 compilatum
1703 2482 1730 2507 et
1758 2479 1784 2506 in
1813 2479 1909 2515 paucis
1935 2487 1999 2508 mss.
2029 2479 2149 2516 genuino

1296 2525 1386 2553 libello
1407 2525 1552 2553 adiectum.

1374 2572 1473 2608 Quanti
1496 2572 1657 2600 aestimatus
1675 2572 1710 2600 sit
1730 2573 1765 2601 ab
1786 2574 1900 2610 antiquo
1927 2582 2029 2610 parvus
2051 2574 2095 2602 hic
2118 2574 2148 2601 li-

1295 2619 1384 2647 11611115
1399 2619 1516 2655 probant
1539 2619 1640 2647 multae
1656 2619 1786 2655 speciales
1801 2620 1942 2654 editiones,
1958 2620 2038 2649 etiam
2056 2628 2149 2649 recen-

1295 2666 1393 2699 tiores,
1417 2668 1443 2694 et
1466 2666 1605 2694 versiones
1627 2666 1653 2694 in
1681 2666 1787 2703 linguas
1815 2667 1881 2695 alias
1906 2671 1933 2696 et
1954 2668 2060 2696 codices
2082 2669 2147 2702 299,

1295 2721 1311 2741 a
1332 2712 1411 2741 nobis
1431 2712 1561 2749 descripti
1584 2713 1610 2740 in
1634 2713 1736 2750 Proleg.
1760 2722 1819 2750 pag.
1836 2715 1951 2748 X-XXV,
1966 2723 2085 2751 quorum
2110 2715 2148 2743 vi-

1295 2759 1361 2796 ginti
1384 2759 1439 2787 duo
1461 2762 1526 2787 sunt
1548 2759 1646 2787 collati.

1375 2808 1401 2834 2).
1424 2806 1625 2843 Soliloquiuin,
1648 2807 1726 2835 cilius
1747 2807 1834 2835 eliani
1856 2808 1965 2836 (lictum
1990 2809 2148 2845 1111119001-

1296 2855 1357 2885 lac,
1380 2853 1422 2881 vel
1446 2852 1569 2881 Libellus
1584 2853 1617 2881 {le
1631 2857 1760 2891 quatuor
1780 2855 1925 2883 earm-cuns
1947 2860 2019 2892 (pag.
2036 2856 2146 2891 ”28-(57).

1375 2899 1476 2928 Omnes
1498 2900 1674 2934 comitentur,
1691 2901 1813 2929 libellum
1830 2902 1903 2930 hunc
1918 2910 1977 2930 esse
1996 2902 2146 2939 genuinum

1296 2950 1322 2975 et
1344 2946 1473 2975 omnibus
1496 2947 1606 2980 utilem,
1628 2955 1691 2975 cum
1708 2956 1757 2984 per
1774 2948 1884 2977 modum
1901 2948 1998 2985 dialogi
2023 2953 2145 2977 catenam

1296 2994 1419 3022 locorum
1443 2994 1482 3022 Ss.
1506 2994 1617 3022 Patrum
1634 2999 1768 3031 proponat
1789 2995 1822 3023 de
1845 2995 1929 3024 rebus
1947 2995 2146 3032 spiritualibus,
