2269 3448
389 197 427 226 [ιίι
1137 193 1350 222 DtSSERTATtO
1372 194 1400 221 ΙΙ.

388 275 560 312 pacificaret;
590 274 636 303 sed
665 282 700 303 ex
730 274 782 302 isto
810 273 938 310 sequiore
965 273 1036 301 facto
1064 275 1091 301 et
1119 271 1237 308 quadam

388 322 448 351 eius
470 321 602 350 benevola
623 321 789 349 adhaesione
809 319 842 348 ad
868 319 966 348 urbem
997 318 1119 347 nondum
1151 321 1240 354 potest

388 369 477 406 argui,
499 376 562 397 eum
587 368 713 396 iuvenem
736 367 791 395 illic
813 366 1003 402 philosophiae
1024 365 1172 394 studuisse.
1190 365 1239 393 Res

389 415 542 452 indaganda
563 415 596 443 de
618 417 710 443 cetero
731 422 784 442 non
807 416 848 441 est
870 413 937 441 tanti
960 412 1100 441 momenti.

467 461 589 490 Alterum
611 460 726 489 dubium
749 459 839 488 oritur
861 467 896 488 ex
918 459 1031 487 lectione
1053 458 1184 486 Bernardi
1206 458 1239 487 de

390 509 470 538 Bessa
485 512 512 537 et
527 508 749 544 couipilatorun‘l‚
761 515 795 535 ex
812 507 915 543 quibus
929 510 995 534 sunt
1009 505 1144 534 Chronica
1159 505 1240 533 XXlV

390 556 654 591 Genei‘aliuin‚(piae
669 555 782 582 habent:
800 554 931 582 «Factum
945 555 994 586 est,
1004 556 1034 581 ut
1046 552 1076 580 tn
1093 552 1239 580 VILcwmo

390 605 452 639 post
472 603 627 638 ingressum
650 601 761 629 Ordinis
777 600 937 629 Sententias
953 599 1073 627 Parisios
1095 599 1196 636 legeret
1212 610 1238 626 ».

391 649 535 677 'tractatus
550 648 600 676 iste
616 656 668 676 non
686 648 722 675 ita
738 647 930 683 intelligendus
945 650 995 679 est,
1007 654 1038 674 ac
1054 646 1075 674 si
1092 646 1143 674 hoc
1158 654 1239 679 anno,

390 695 415 723 id
431 698 480 728 est,
499 695 582 728 1945,
600 695 650 723 iam
675 694 784 730 publice
799 701 813 722 e
829 693 960 722 cathedra
981 693 1082 721 docere
1097 692 1239 729 coepisset,

391 742 436 770 sed
453 742 527 778 quod
543 741 703 778 simpliciter
719 741 916 769 baccalaureus
931 740 1020 768 factus
1034 742 1076 768 est
1090 739 1147 768 sive
1163 739 1239 767 habi-

390 789 423 817 lis
442 788 598 817 declaratus
613 788 646 816 ad
662 788 815 816 sententias
830 787 1007 823 explicandas
1023 787 1075 815 sub
1090 786 1249 814 directione'

392 836 530 872 magistri3
553 835 625 872 quod
649 843 684 863 ex
707 835 801 863 iisdem
821 834 964 862 Chronicis
985 834 1152 867 insinuatur,
1169 841 1240 870 quae

391 883 467 911 brevi
492 886 552 919 post
575 885 794 919 prosequuntur,
813 889 875 910 eum
892 881 1051 910 cathedram
1075 882 1142 917 (qua
1157 880 1240 909 licen-

390 930 499 967 tiatum)
515 930 652 966 accepisse
669 930 698 957 X.
714 937 800 963 anno3
817 929 863 957 sed
879 929 1020 957 evidenter
1035 937 1071 957 ex
1087 928 1240 956 salimbene

391 977 526 1005 infertur:
554 988 565 1001 <t
583 977 647 1004 ltem
670 976 703 1004 sr.
727 976 839 1004 loannes
860 984 875 1003 a
891 975 987 1003 Parma
1008 975 1082 1003 dedit
1103 974 1239 1003 licentiam

392 1023 477 1051 Fratri
495 1023 703 1051 Bonaventurae
724 1023 757 1050 de
773 1023 871 1050 Balneo
887 1022 971 1058 regis,
988 1025 1018 1050 ut
1035 1022 1153 1050 Parisius
1170 1022 1241 1058 lege-

390 1074 444 1105 ret,
461 1071 532 1107 quod
550 1078 703 1108 nunquam.
725 1069 836 1098 alicubi
852 1069 975 1107 fecerat,
993 1070 1058 1106 quia
1077 1069 1240 1097 bacellarius

390 1122 466 1151 erat,
487 1126 537 1145 nec
559 1116 657 1145 <atltae
678 1116 868 1145 cathedratici·
883 1128 908 1144 ».
937 1116 1026 1144 l’otuit
1047 1116 1157 1153 quidem
1187 1116 1239 1144 iam

391 1169 457 1193 tunc
478 1164 585 1193 iuvenis
608 1164 800 1192 Bonaveutura
821 1172 877 1200 qua
892 1163 1089 1192 baccalaureus
1111 1163 1238 1199 privatim

391 1213 481 1249 legere
503 1212 560 1240 sive
589 1211 615 1239 in
639 1211 820 1240 Universitate
842 1211 895 1239 sub
923 1211 1009 1239 ductu
1039 1210 1160 1247 magistri
1184 1210 1241 1238 sive

391 1260 463 1288 inter
486 1263 562 1295 septa
585 1259 739 1287 Monasterii
769 1258 943 1286 auditoribus
965 1257 1075 1286 Ordinis
1099 1265 1186 1294 nsque
1207 1257 1241 1285 ad

391 1315 433 1334 an.
453 1306 542 1339 '12483
566 1306 648 1333 immo
663 1309 690 1333 et
705 1306 810 1333 lectura
830 1305 934 1341 privata
951 1308 977 1333 et
992 1304 1176 1332 cathedratica
1199 1312 1240 1332 se-

390 1353 487 1390 quitur
499 1360 534 1381 ex
550 1352 631 1380 obvio
647 1360 728 1380 sensu
746 1351 895 1379 verborum
914 1351 1014 1379 borum
1030 1351 1241 1383 Chronicorum,

392 1400 412 1428 si
437 1408 468 1427 ea
496 1407 559 1427 cum
590 1398 682 1427 verbis
711 1398 864 1426 Salimbene
893 1398 1113 1433 coniungantur:
1144 1408 1184 1424 α...
1211 1400 1241 1425 ut

392 1447 511 1475 Parisius
527 1446 638 1482 legeret,
654 1445 727 1482 quod
750 1453 892 1482 nunquam
914 1444 1013 1473 alicubi
1036 1444 1154 1477 fecerat,
1177 1444 1242 1480 quia

391 1493 556 1522 bacellarius
571 1496 639 1526 crat,
656 1500 704 1520 nec
719 1492 809 1520 adliuc
825 1491 1018 1525 cathedratus;
1042 1495 1068 1519 et
1091 1495 1159 1518 lunc
1174 1490 1241 1527 fecit

392 1541 532 1568 tecam-am
550 1547 634 1576 super
648 1543 735 1567 totum
752 1539 927 1575 Evangelium
946 1539 1043 1571 Lucae⁷
1059 1546 1130 1574 quae
1146 1538 1242 1574 pulcra

392 1590 419 1615 et
440 1587 542 1623 optima
564 1590 604 1614 est
620 1598 645 1613 n.
670 1585 767 1613 Eodem
793 1585 873 1613 modo
895 1584 1050 1621 explicandi
1067 1587 1132 1612 sunt
1146 1591 1242 1612 omnes

392 1638 541 1667 tractatus,
567 1633 614 1670 qui
644 1633 797 1669 catalogum
817 1632 878 1660 sive
898 1631 1035 1660 Chronica
1056 1631 1186 1660 Bernartli
1209 1632 1242 1661 de

392 1681 472 1710 Bessa
494 1684 559 1709 sunt
581 1680 677 1712 secuti,
693 1679 855 1716 praesertim
878 1679 1013 1706 Chronica
1029 1678 1108 1706 XXlV
1128 1678 1242 1707 Genera-

392 1728 469 1761 iium‚
492 1728 614 1759 Pisanus,
637 1727 662 1754 S.
686 1726 846 1759 Antoninus,
868 1725 1022 1753 Alexander
1044 1725 1168 1752 Ariostus
1190 1727 1241 1752 etc..

471 1775 602 1803 Ultimum
625 1773 740 1801 dubium
764 1773 840 1801 l'acile
861 1772 986 1800 solvitur.
1010 1771 1186 1808 Glassberger
1216 1772 1241 1799 in

395 1822 452 1849 suis
473 1820 639 1849 Chronicis¹
663 1827 779 1847 erronee
800 1819 911 1847 scribit:
939 1830 950 1842 α
967 1818 1023 1846 Sub
1045 1818 1096 1846 isto
1117 1818 1241 1846 Generali

393 1868 552 1904 (Haymone)
576 1867 688 1894 intravit
704 1866 800 1894 beatus
817 1866 1008 1894 Bonaventura
1026 1865 1052 1892 in
1076 1865 1241 1901 Religionem

394 1918 557 1942 nostram».
588 1913 628 1941 Ex
660 1914 710 1941 hoe
738 1912 957 1941 concludendum
988 1916 1076 1939 tamen
1110 1914 1241 1944 nonest,

393 1960 619 1997 Glassbergerum
633 1960 724 1988 favere
736 1959 886 1988 sententiae
898 1959 1050 1995 Waddingi,
1063 1959 1136 1995 quia,
1149 1966 1242 1995 quam-

395 2008 434 2036 vis
466 2007 643 2043 Glassberger
673 2007 723 2035 hoc
752 2007 788 2034 ita
820 2006 946 2042 generice
979 2006 1118 2039 enuntiet,
1151 2009 1241 2033 tamen

394 2058 503 2090 tenipus
530 2054 592 2082 facti
621 2055 679 2081 vult
700 2053 899 2086 determinare,
922 2053 1046 2081 inserens
1075 2053 1142 2080 illud
1171 2053 1241 2080 inter

394 2101 479 2135 facta,
502 2109 573 2137 quae
595 2109 637 2128 an.
663 2100 736 2128 1240
760 2104 916 2128 evenerant.
946 2100 1120 2136 Quapropter
1150 2099 1240 2128 neutri

395 2148 545 2176 sententiae
568 2148 639 2176 favet
660 2147 853 2183 filassberger,
876 2147 922 2183 qui
946 2147 996 2175 hac
1019 2147 1044 2174 in
1067 2154 1097 2174 re
1126 2154 1178 2174 non
1202 2149 1243 2174 est

394 2196 460 2223 tanti
484 2195 642 2228 habendus,
672 2202 734 2222 cum
764 2202 814 2222 sua
842 2194 976 2221 Chronica
1003 2193 1125 2221 scribere
1154 2193 1242 2229 coepit

394 2250 436 2270 an.
456 2242 538 2270 1508.
555 2242 676 2269 Forsitan
699 2241 894 2277 Glassbergero
915 2244 975 2268 erat
996 2248 1174 2276 persuasum,
1193 2240 1242 2268 Bo—

394 2293 576 2317 naventurani
599 2288 730 2316 Ordinem
753 2296 811 2316 esse
835 2288 988 2324 ingressum
1011 2288 1037 2315 in
1059 2287 1150 2324 primo
1171 2295 1243 2315 anno

396 2336 536 2373 regiminis
559 2335 718 2371 llaymonis3
742 2335 788 2363 sed
817 2335 968 2363 secundum
998 2334 1134 2362 Chronica
1162 2334 1243 2362 xxiv

396 2383 570 2411 Generalium
585 2383 594 2397 ²
615 2383 715 2418 llaymo
737 2382 825 2418 coepit
842 2390 936 2418 regere
951 2390 994 2409 au.
1013 2381 1086 2410 1239
1103 2385 1188 2417 (unus
1203 2389 1244 2409 co-

395 2430 449 2458 dex
464 2430 474 2445 ³
499 2429 582 2457 habet
605 2429 706 2463 1238);
730 2438 794 2465 ergo
820 2429 969 2457 combinari
994 2432 1081 2465 potest
1103 2429 1244 2464 ingressus

396 2485 444 2512 per
468 2480 529 2504 vota
555 2476 727 2504 less-1:³39.
751 2476 851 2503 'l'amen
882 2476 949 2503 nihil
978 2475 1044 2503 certi
1067 2483 1101 2503 ex
1125 2475 1175 2502 hoc
1198 2474 1243 2502 de-

395 2523 516 2555 ducitur,
539 2523 604 2559 quia
625 2522 777 2550 securulum
800 2530 892 2550 sanam
916 2521 1120 2557 chronologiam
1143 2521 1244 2557 Haymo

396 2577 426 2597 re
443 2577 505 2597 vera
528 2577 570 2597 an.
590 2569 663 2597 '1240
687 2569 711 2596 in
729 2569 796 2597 sesto
817 2569 940 2597 oninium
958 2569 1119 2596 Sanctorum
1140 2568 1244 2596 electus

397 2619 437 2644 est
458 2615 594 2652 generalis
616 2616 768 2643 Minister&
791 2616 841 2643 Sed
865 2623 953 2651 neque
975 2615 1089 2643 dubium
1113 2615 1164 2642 hoc
1185 2614 1244 2642 offi-

459 2725 466 2737 1
485 2726 591 2747 Analecta
610 2724 731 2751 Francisc„
749 2727 803 2746 tom.
823 2725 845 2745 ll.
864 2730 918 2751 pag.
936 2724 973 2745 63.

460 2764 468 2776 ²
487 2764 541 2786 lbirl.
562 2768 616 2786 tom.
635 2765 666 2785 lli.
685 2770 738 2791 pag.
756 2763 810 2785 246.

460 2802 468 2815 ³
487 2803 544 2825 lbid.
562 2808 618 2825 tom.
637 2804 668 2825 lll.
686 2809 740 2830 pag.
758 2803 810 2829 ⁴246,
829 2806 874 2824 not.
893 2803 913 2824 2.

459 2842 467 2854 ‘¹
487 2842 542 2864 lbid.
561 2846 614 2864 tom.
633 2843 664 2864 ΙΙΙ.
683 2848 735 2869 pag.
749 2841 801 2869 245,
820 2844 866 2863 uot.
883 2842 900 2863 l.
912 2843 934 2863 et
947 2847 999 2868 pag.
1013 2841 1066 2866 606,
1079 2844 1125 2862 not.
1144 2841 1164 2862 5.
1178 2842 1245 2862 Error

399 2882 514 2908 multiplex
528 2882 547 2903 iu
559 2881 706 2908 chronologia
720 2881 887 2902 clirouistarum
902 2881 1053 2908 posteriorum
1068 2880 1120 2902 inde
1132 2880 1245 2907 prox-enit,

398 2921 461 2949 quod
480 2920 609 2942 bei-naritus
627 2920 647 2941 in
665 2926 707 2941 suo
725 2920 829 2947 catalogo
848 2919 930 2941 seriem
950 2922 1036 2941 tantum
1054 2922 1076 2940 et
1093 2925 1144 2940 raro
1160 2925 1245 2941 anuum

398 2960 515 2981 electionis
535 2959 643 2986 assignat.
662 2959 773 2986 Domum,
791 2961 914 2986 postquam
932 2958 1043 2980 Chronica
1062 2958 1192 2980 Salimbene
1209 2958 1247 2980 de-

400 3001 455 3020 tecta
474 3002 538 3025 suut,
556 2999 633 3025 plures
651 3004 740 3020 errores
758 2998 841 3025 corrigi
861 3000 992 3025 potuerunt.

1296 271 1333 300 cit
1353 274 1463 300 nostrae
1484 270 1648 303 sententiae,
1671 270 1736 307 quia
1751 270 1840 306 primo
1855 270 2032 307 Glassberger
2054 278 2144 307 neque

1296 326 1339 346 an.
1364 318 1437 346 1238
1467 326 1556 355 neque
1577 326 1620 346 an.
1645 317 1719 345 1248
1748 316 1840 345 favere
1867 317 2000 345 dicendus
2024 320 2080 351 est,
2102 325 2144 345 se-

1296 364 1395 398 eundo,
1411 364 1477 401 quia
1497 364 1597 393 unicus
1619 364 1708 398 testis,
1731 363 1777 400 qui
1800 363 1858 393 fere
1879 363 1932 392 tria
1953 364 2063 392 saecula
2084 368 2145 400 post

1296 411 1398 439 factum
1421 411 1506 445 vixit,
1528 419 1579 448 pro
1600 411 1687 439 nihilo
1708 410 1848 447 putandus
1869 413 1910 438 est
1941 418 2007 446 prae
2029 411 2145 439 testibus

1296 458 1403 486 coaevis
1425 458 1594 492 Salimbene‚
1618 457 1769 491 bernarde,
1791 457 1942 486 Francisco.

1375 505 1401 532 [ι.
1424 506 1499 533 Anno
1515 506 1598 542 igitur
1623 505 1706 539 1248,
1721 508 1832 533 mortuo
1846 504 2007 533 iamdudum
2029 505 2145 533 Alexan-

1295 551 1359 585 drn,
1383 552 1537 580 licentiatus
1558 552 1609 580 fuit
1630 552 1830 580 Bonaventura.
1853 552 1913 588 Quo
1936 555 2058 588 tempore
2079 552 2146 580 San-

1296 601 1357 626 ctus
1380 598 1480 635 incepit
1506 598 1642 635 publicam
1676 599 1702 626 in
1735 598 1915 627 Universitate
1948 599 2081 626 lecturam
2111 598 2145 627 de
2186 610 2189 611 ⁷

1297 645 1444 673 Sententiis
1465 649 1492 673 et
1513 646 1545 673 de
1571 646 1596 673 S.
1625 646 1783 682 Scriptura,
1805 654 1888 682 quam
1915 653 2005 682 usque
2032 645 2066 674 ad
2096 654 2145 674 an-

1297 699 1362 719 num
1388 692 1461 720 *1252
1484 692 1596 728 pacifice
1617 696 1644 720 et
1665 692 1782 720 solerter
1803 692 1982 720 continuavit.
1998 708 2034 713 —-
2056 692 2142 720 Chro-

1297 738 1358 766 nica
1373 738 1453 767 XXlV
1468 738 1642 766 Generalium
1664 739 1716 767 hoc
1732 742 1841 775 tempus
1862 742 2003 775 gestorum
2026 739 2063 767 ita
2083 739 2144 767 bre-

1298 784 1368 812 viter
1383 784 1523 821 stringunt
1536 786 1561 812 ¹:
1585 796 1598 809 «
1616 785 1665 813 lste
1681 785 1765 813 frater
1780 785 1981 819 Bonaventura,
1996 788 2144 822 antequam

1297 834 1369 859 esset
1397 831 1552 865 Generalis,
1581 832 1646 860 dum
1680 835 1786 860 teneret
1819 832 1938 860 Parisius
1970 832 2145 866 cathedram,

1298 878 1440 906 veritatem
1470 879 1653 915 evangelicam
1683 879 1842 908 clarissimis
1862 879 2095 916 disputationibus
2119 883 2146 908 et

1297 925 1573 954 determinationibus
1592 926 1783 954 defensavit».
1805 926 1858 954 Hoc
1880 934 1992 963 quoque
2015 926 2146 962 temporis

1298 972 1443 1000 intervallo
1476 972 1562 1000 maior
1594 980 1658 1008 pars
1689 972 1749 1001 eius
1780 973 1947 1009 scriptorum
1980 973 2146 1009 theologico-

1298 1026 1360 1046 rum
1390 1019 1522 1055 originem
1556 1019 1669 1052 sumsit;
1698 1022 1729 1047 ut
1761 1019 1833 1047 haud
1859 1019 1977 1048 obscure
2005 1020 2146 1048 chronista

1299 1066 1460 1100 Parmensis,
1483 1066 1529 1103 qui
1550 1066 1622 1095 cirea
1644 1070 1753 1103 tempus
1775 1066 1847 1095 istud
1863 1067 1936 1095 circa
1957 1071 2018 1095 octo
2039 1067 2097 1095 dies
2118 1067 2145 1095 in

1298 1114 1439 1141 Conventu
1470 1113 1612 1142 Parisiensi
1643 1114 1790 1147 habitavit,
1812 1114 1917 1142 innuit:
1944 1126 1956 1139 «
1973 1117 2000 1142 et
2022 1118 2087 1142 tunc
2108 1114 2145 1142 se-

1298 1160 1334 1188 cit
1360 1160 1492 1188 lecturam
1523 1167 1606 1196 super
1629 1163 1716 1188 totum
1745 1160 1920 1197 Evangelium
1948 1161 2050 1194 Lucae,
2072 1169 2147 1198 qliae

1296 1206 1424 1243 pulchra
1452 1211 1478 1234 et
1505 1207 1615 1243 aptium
1636 1210 1693 1240 esc,·
1715 1211 1742 1235 et
1768 1216 1858 1244 super
1887 1207 2047 1236 Sententias
2074 1216 2146 1245 qua-

1299 1258 1365 1281 tuor
1388 1253 1476 1281 libros
1506 1253 1591 1291 lecit,
1620 1254 1666 1290 qui
1699 1262 1788 1291 usque
1820 1255 1845 1282 iu
1879 1255 2042 1283 hodiernum
2074 1254 2145 1283 diem

1299 1301 1380 1329 utiles
1411 1304 1437 1328 et
1469 1301 1604 1329 solemnes
1638 1301 1801 1329 habentur...
1834 1301 1970 1330 Currebat
2003 1306 2067 1330 tunc
2099 1310 2146 1330 an-

1298 1356 1351 1375 nus
1376 1347 1476 1376 1248...
1493 1348 1503 1363 ²
1520 1359 1545 1375 ».

1378 1394 1438 1422 Fuit
1460 1398 1551 1422 autem
1577 1394 1768 1423 Bonaventura
1790 1398 1856 1423 tunc
1878 1395 1963 1423 lector
1982 1396 2146 1429 licentiatus,

1299 1441 1421 1469 nondum
1444 1444 1535 1469 autem
1558 1441 1689 1478 dignitate
1714 1442 1835 1478 magistri
1858 1442 1915 1470 sive
1937 1442 2032 1471 laurea
2053 1442 2145 1471 docto—

1300 1488 1348 1516 rali
1372 1488 1528 1525 insignitus,
1550 1496 1612 1516 cum
1636 1488 1687 1517 hoc
1709 1488 1821 1517 demum
1844 1493 1937 1525 postea
1955 1498 1998 1517 au.
2017 1490 2100 1523 1257,
2116 1493 2147 1518 ut

1299 1534 1447 1566 videbitur,
1470 1535 1571 1563 sactum
1594 1535 1637 1563 sit.

1380 1583 1405 1609 o'
1428 1581 1585 1610 Bernardus
1608 1583 1633 1610 in
1656 1590 1706 1611 suo
1728 1583 1850 1619 catalogo
1872 1587 1898 1611 et
1913 1583 2047 1611 Chronica
2067 1583 2147 1612 XXIV

1299 1628 1473 1656 Generalium
1497 1629 1616 1656 innuunt
1637 1628 1735 1663 obiter,
1759 1629 1978 1657 Bonatenturam
2005 1629 2057 1658 hoc
2081 1633 2147 1658 tem-

1301 1676 1374 1712 poris
1397 1675 1540 1703 intervallo
1562 1675 1689 1704 debuisse
1720 1676 1857 1704 debellare
1889 1676 2021 1712 quosdam
2050 1676 2147 1705 adver-

1299 1723 1401 1750 sarios:
1429 1734 1442 1747 «
1459 1722 1517 1756 ilic,
1540 1727 1686 1759 antequam
1709 1726 1779 1751 esset
1802 1723 1932 1756 Miriister,
1954 1723 2019 1751 duni
2043 1726 2148 1752 teneret

1300 1769 1420 1797 Parisius
1442 1769 1616 1802 cathedram,
1640 1770 1782 1798 veritatem
1814 1770 1998 1806 evangelicam
2029 1770 2148 1798 clarissi-

1301 1817 1351 1844 mis
1382 1816 1615 1852 disputationibus
1647 1820 1672 1844 et
1707 1817 1983 1845 determinationibus
2014 1816 2147 1854 defensa-

1299 1864 1339 1891 υιί
1355 1864 1403 1890 3».
1426 1863 1502 1899 Quod
1527 1871 1556 1891 re
1579 1872 1643 1891 vera
1665 1863 1765 1891 sactum
1788 1867 1843 1896 est;
1865 1872 1928 1892 cum
1952 1865 1977 1892 in
2000 1864 2078 1892 istam
2102 1871 2148 1900 pe-

1301 1910 1407 1938 riodum
1424 1910 1501 1938 cadat
1516 1910 1632 1938 celebris
1651 1911 1695 1938 illa
1717 1911 1749 1938 lis
1764 1910 1790 1938 in
1808 1911 1988 1939 Universitate
2006 1911 2147 1939 Parisiensi

1299 1958 1370 1985 inter
1401 1958 1569 1993 professores
1599 1958 1755 1986 saeculares
1777 1960 1803 1985 et
1826 1958 1975 1994 regulares.
2001 1959 2050 1986 Res
2072 1958 2148 1986 suffi-

1300 2004 1404 2032 cienter
1426 2006 1466 2031 est
1488 2007 1551 2031 nota
1583 2004 1783 2040 explorataque
1817 2004 1954 2037 historice,
1977 2007 2148 2041 quapropter

1300 2059 1359 2079 eam
1383 2054 1489 2078 tautum
1512 2054 1635 2086 partem,
1659 2058 1741 2087 quam
1759 2050 1951 2079 Bonaventura
1967 2051 1992 2078 in
2010 2051 2148 2087 praedicta

1299 2098 1487 2125 controversia
1509 2098 1622 2131 habuit,
1647 2101 1798 2134 tangemus.

1380 2145 1469 2181 Usque
1490 2145 1522 2173 ad
1545 2153 1587 2173 au.
1614 2145 1688 2173 1254
1712 2146 1903 2173 lionaventura
1928 2145 2058 2178 docebat,
2080 2145 2148 2181 quin

1299 2196 1395 2220 contra
1411 2192 1527 2220 Minores
1542 2192 1650 2228 aliquae
1665 2192 1868 2220 controversiae
1882 2192 2024 2228 graviores
2039 2199 2148 2220 enasce-

1300 2243 1406 2267 rentur.
1423 2239 1490 2267 Cum
1508 2247 1572 2267 vero
1596 2247 1743 2275 progressu
1765 2239 1898 2275 temporis
1920 2239 1946 2267 in
1968 2239 2148 2267 Universitate

1300 2286 1422 2322 magistri
1446 2294 1480 2314 ex
1503 2286 1638 2314 ambobus
1666 2285 1816 2314 Ordinibus
1837 2286 1914 2314 novis
1937 2286 2147 2314 Mendicantium

1301 2333 1431 2360 maiorem
1455 2332 1593 2361 intluxuin
1616 2333 1852 2366 nanciscerentur,
1876 2332 1976 2360 invidia
2004 2333 2148 2368 magistro-

1301 2388 1363 2408 rum
1386 2380 1567 2408 saecularium
1591 2383 1649 2408 erat
1670 2387 1784 2408 accensa
1798 2383 1881 2415 atque
1896 2379 2026 2407 continuo
2040 2379 2092 2407 sub
2107 2387 2148 2407 se-

1302 2435 1367 2455 rena
1387 2426 1533 2462 superficie
1555 2426 1685 2462 gliscebat.
1708 2434 1796 2463 usque
1817 2426 1849 2454 ad
1871 2434 1913 2454 an.
1933 2427 2014 2454 1252).
2031 2426 2148 2454 Demum

1302 2474 1352 2502 hoc
1374 2482 1445 2501 auno
1468 2474 1493 2500 in
1516 2476 1638 2509 apertam
1662 2473 1761 2509 prodiit
1784 2473 1868 2506 litem,
1883 2473 2015 2501 directam
2039 2473 2148 2500 duobus

1301 2521 1441 2557 prioribus
1462 2520 1540 2547 anuis
1559 2520 1706 2555 praecipue
1721 2523 1815 2548 contra
1832 2519 1961 2547 Ordinem
1979 2520 2148 2547 Praedicato-

1302 2576 1380 2600 rum,
1402 2567 1499 2595 deinde
1520 2575 1631 2603 quoque
1653 2575 1696 2594 an.
1721 2567 1794 2595 1254
1816 2567 1957 2595 occasione
1979 2567 2039 2594 libri
2062 2575 2148 2594 cocin-

1299 2614 1408 2651 gyeli'am
1423 2618 1583 2646 (tabernam,
1599 2618 1712 2641 auctore
1734 2613 1854 2642 Gerardo
1869 2613 1902 2641 de
1920 2613 2009 2649 burgo
2025 2614 2075 2641 San
2096 2613 2148 2641 Do-

1302 2661 1391 2689 nino4
1419 2661 1449 2688 O.
1473 2661 1498 2688 F.
1526 2661 1556 2687 M.
1586 2660 1701 2697 aliisque
1734 2661 1826 2688 multis
1857 2668 1891 2688 ex
1918 2660 2033 2688 causis5
2066 2660 2147 2688 etiam

1365 2763 1371 2775 ¹
1390 2764 1497 2785 Analecta
1514 2762 1635 2788 Francisc„
1654 2765 1709 2784 tom.
1727 2763 1758 2784 lll.
1776 2768 1830 2789 pag.
1849 2762 1902 2783 3⁶26.

1366 2802 1374 2813 ²
1392 2802 1445 2823 Loc.
1466 2801 1502 2823 eit.
1520 2807 1573 2828 pag.
1593 2801 1645 2822 129.

1366 2840 1374 2852 ³
1391 2840 1497 2862 Analecta
1514 2840 1634 2867 Francisc„
1653 2842 1708 2861 tom.
1728 2840 1759 2861 ΙΙΙ.
1777 2845 1831 2866 pag.
1849 2839 1894 2860 699
1911 2842 1933 2861 et
1950 2845 2002 2866 pag.
2022 2839 2073 2859 326.

1364 2879 1373 2891 *¹
1393 2879 1492 2906 Deufflo,
1509 2878 1686 2904 Chartularium,
1704 2881 1751 2900 tom
1769 2879 1783 2900 1.
1802 2884 1855 2905 pag.
1874 2878 1986 2905 eze-2973
2004 2877 2097 2899 Archiv.
2112 2876 2147 2898 fiir

1302 2919 1423 2940 Litteratur
1441 2918 1487 2939 und
1505 2918 1694 2944 Kirchengesch„
1712 2920 1765 2939 tom.
1785 2917 1799 2938 l.
1816 2923 1870 2944 pag.
1888 2916 1916 2938 50
1934 2922 1999 2944 seqq.

1366 2955 1375 2968 ⁵
1393 2956 1490 2983 Domine,
1508 2956 1689 2982 Chartularfflm,
1711 2958 1765 2977 tom.
1790 2956 1803 2976 l.
1830 2961 1883 2982 pag,
1911 2954 1955 2976 2532
1981 2961 2003 2976 n.
2025 2954 2076 2975 230.
2102 2953 2146 2976 Cl'r.

1303 2995 1446 3022 Salimbene,
1464 2994 1588 3021 Chronica,
1608 3000 1661 3022 pag.
1680 2995 1707 3016 19
1726 2997 1748 3016 et
1769 2994 1821 3021 129;
1841 2993 1975 3020 Wadding„
1989 2993 2100 3019 Annales,
2117 2992 2147 3014 ad
