2269 3448
396 190 448 217 108

646 230 700 251 DEU

392 267 445 290 ibid.
463 281 493 284 —
511 269 603 290 videtur
621 268 642 290 in
664 272 782 294 creatura,
804 274 865 297 quae
889 268 959 290 mani-

392 308 456 329 festat
473 308 522 329 eius
545 308 682 335 potentiam,
699 308 848 335 sapientiam,
872 307 958 330 bonita-

391 349 437 369 tem
456 347 484 368 33
502 353 514 368 a
533 359 562 362 —
581 347 601 368 in
620 350 700 368 natura
719 349 819 368 assumta
840 347 904 368 visus
924 350 958 369 est

391 392 402 407 a
422 386 558 408 Patriarchis
576 389 598 407 et
616 386 728 414 Apostolis
745 388 767 407 et
784 386 876 407 videtur
894 392 905 407 a
919 392 957 407 no-

392 425 427 448 bis
438 426 593 454 speculariter,
606 431 617 447 a
632 425 704 447 beatis
723 425 885 453 perspicaciter
902 424 956 447 ibid.

391 478 420 481 —
438 465 530 487 videtur
553 465 574 486 in
598 464 735 486 conscientia
760 470 802 491 per
820 464 954 486 industriam

391 505 483 527 rationis
501 507 521 526 et
540 504 592 526 fidei
610 510 737 530 assensum,
751 509 791 531 per
803 503 880 525 cordis
893 509 956 525 mun-

391 544 469 566 ditiam
493 546 515 566 et
537 544 664 565 intellectus
687 543 782 569 donum,
806 549 847 570 per
865 544 956 564 fervens

390 583 532 605 desiderium
551 586 573 604 et
595 583 720 610 sapientiae
743 586 837 609 gustum
855 580 885 603 ib.
902 587 921 607 a,
941 580 955 602 b

392 635 420 638 —
438 622 529 644 videtur
547 622 568 643 in
580 628 620 643 sua
634 621 731 643 essentia
746 621 862 648 praeclare
874 622 895 641 et
908 626 956 641 ma-

390 662 477 687 nifeste,
503 661 603 683 iucunde
625 664 646 682 ct
671 660 777 688 gloriose,
804 662 916 687 perpetuo
933 661 955 680 et

390 701 438 723 sine
456 701 500 722 fine
518 699 547 722 ib.
565 700 580 721 b

436 752 467 755 —
485 739 546 761 dono
570 739 669 766 Spiritus
692 739 713 760 S.
735 744 760 760 ex
784 738 846 759 omui
870 742 955 765 genere

389 779 509 801 hominum
527 778 555 800 ad
574 784 640 800 suam
658 777 813 804 cognitionem
831 779 897 798 vocat
910 776 954 798 452

389 825 401 840 a
419 830 449 834 ——
468 817 583 839 Debemus
600 822 743 844 cognoscere
760 816 809 838 eius
827 815 919 842 iudicia,
931 818 955 837 ut

390 864 443 880 eum
462 858 597 884 timeamus;
616 856 735 882 beneficia,
754 858 778 877 ut
800 861 853 877 eum
876 855 955 882 diliga-

390 904 453 923 mus,
472 899 602 924 praecepta,
622 899 645 917 ut
662 901 688 917 ea
707 895 830 921 faciainus;
843 894 954 922 exempla,

389 941 412 958 ut
430 942 483 958 eum
501 936 618 957 imitemur
636 935 681 957 525
699 940 718 961 a,
738 933 752 956 1)

438 988 466 991 -
484 975 511 997 Ut
528 975 644 1003 possimus
670 974 741 1001 ligere
767 973 904 995 intellectum
932 973 954 994 in

390 1015 486 1043 gloriam
506 1014 599 1036 divinae
618 1013 745 1039 Maiestatis,
763 1013 888 1041 requiritur
906 1018 955 1039 gra-

375 1078 376 1082 ,
389 1055 425 1082 tia,
441 1054 566 1081 diligentia,
578 1059 644 1075 amor
656 1055 677 1075 et
689 1052 781 1074 devotio
795 1052 839 1073 216
852 1057 872 1073 a.
885 1051 929 1072 217
941 1057 954 1073 a

388 1092 423 1109 —'
436 1094 476 1115 Dei
494 1098 580 1115 secreta
600 1099 643 1114 non
662 1091 832 1119 cognoscimus,
850 1090 892 1112 nisi
905 1090 954 1112 inti-

389 1133 432 1155 mis
444 1133 564 1155 desideriis
576 1133 700 1160 vigeafflus
716 1131 757 1152 199
771 1130 785 1152 1)
797 1142 828 1146 -
840 1130 868 1152 Ut
880 1130 952 1151 Deum

387 1172 518 1198 videamus,
535 1170 660 1199 requiritur
676 1169 784 1197 purgatio
800 1175 812 1190 a
826 1171 920 1196 peceato
933 1170 954 1189 et

388 1211 511 1233 abstractio
533 1210 562 1232 ab
586 1216 665 1232 amore
688 1204 810 1231 mundano
830 1208 874 1230 105
892 1207 906 1229 b
923 1220 953 1224 -

388 1250 526 1278 purgandus
543 1254 576 1272 est
594 1250 692 1275 animus,
712 1252 735 1271 ut
751 1248 853 1270 divinam
878 1248 952 1269 lucem

388 1290 520 1318 perspicere
539 1290 612 1311 valeat
629 1289 673 1311 656
691 1294 703 1310 a
717 1301 746 1303 —
759 1287 802 1316 Qui
815 1287 863 1309 vult
875 1287 951 1314 ipsum

387 1329 537 1357 contemplari
555 1328 624 1351 debet
646 1327 731 1350 habere
756 1333 841 1354 purum
867 1326 953 1348 intelle-

387 1372 449 1391 ctum
468 1369 512 1390 350
531 1368 546 1390 b

434 1420 463 1424 —-
481 1408 572 1429 videtur
597 1414 608 1428 a
635 1405 786 1434 simplicibus,
812 1405 906 1427 mitibus
931 1408 953 1427 et

387 1447 512 1470 humilibus
530 1447 573 1469 303
592 1453 604 1468 a
622 1459 652 1462 —
669 1446 703 1468 Ad
727 1445 854 1468 videndum
878 1445 951 1467 Deum

386 1487 407 1509 in
420 1486 559 1509 conscientia
572 1485 700 1508 necessaria
712 1488 746 1507 est
764 1484 868 1507 mentalis
880 1484 951 1506 devo-

387 1526 425 1552 tio,
447 1526 598 1554 sequestratio
621 1531 634 1547 a
657 1525 756 1547 tumultu
775 1524 951 1552 temporalium,

386 1565 463 1588 cordis
478 1565 588 1594 quietatio
602 1565 646 1587 219
656 1570 668 1586 a
681 1577 711 1580 —
724 1564 746 1585 Si
759 1570 863 1586 essemus
876 1569 952 1591 prom-

386 1605 417 1632 pti
430 1605 459 1627 ad
473 1604 550 1627 divina
561 1604 704 1632 beneplacita
718 1603 827 1630 facienda,
840 1603 952 1624 revelaret

385 1644 452 1666 nobis
468 1644 608 1666 voluntatem
626 1649 692 1665 suam
705 1643 749 1665 580
761 1642 775 1664 b
784 1655 815 1659 -—
826 1642 902 1670 Aliqui
914 1641 951 1664 de-

385 1684 431 1706 voti
455 1683 538 1705 idiotae
561 1683 697 1711 profundius
720 1682 843 1704 Dominum
866 1688 952 1709 cogno-

384 1726 451 1745 scunt
466 1729 536 1751 quam
554 1722 643 1744 litterati
661 1722 761 1744 indevoti
779 1722 824 1744 557
842 1722 857 1744 b
870 1734 898 1737 —
912 1722 951 1744 Dei

384 1762 536 1784 consideratio
553 1762 617 1784 ducit
633 1761 663 1783 ad
680 1761 831 1783 humilitatem
850 1761 894 1782 596
913 1767 924 1782 a

431 1814 461 1817 —
479 1802 508 1823 de
525 1802 588 1823 omni
611 1801 759 1829 proprietate,
782 1801 891 1829 potentia,
915 1807 951 1823 sa-

384 1841 477 1869 pientia,
496 1841 596 1863 bonitate
614 1841 682 1863 habet
699 1841 722 1862 in
740 1847 830 1862 summa
843 1841 950 1863 excellen-

384 1881 412 1903 tia
432 1881 476 1902 503
495 1880 510 1902 1)
528 1893 558 1896 -
575 1883 609 1902 051
627 1879 871 1907 incomprehensibilis,
884 1880 950 1902 inter-

385 1920 507 1947 minabilis,
527 1919 712 1947 incomparabilis
725 1919 769 1941 687
783 1919 798 1941 b
809 1931 840 1935 —
853 1920 891 1941 Est
902 1922 950 1947 pot-

383 1965 431 1984 ens,
455 1958 627 1986 investigabilis,
650 1959 782 1980 caritativus
805 1962 826 1980 et
843 1962 949 1980 aeternus

384 1998 438 2021 ibid.
457 1999 501 2020 688
519 2005 530 2020 a
549 2010 579 2014 -—
597 1999 618 2020 ln
632 1998 678 2020 Deo
696 2002 730 2020 est
747 2004 838 2020 summa
856 1998 948 2026 veritas,

383 2038 512 2065 aeternitas,
538 2038 640 2060 suavitas
664 2041 686 2060 et
711 2037 808 2060 fidelitas
824 2037 870 2059 730
888 2044 899 2059 a
919 2050 949 2053 —

382 2081 416 2100 est
434 2078 549 2104 maiestas,
567 2080 675 2105 potestas,
692 2077 790 2103 bonitas,
806 2077 891 2099 veritas
903 2078 947 2099 236

384 2117 397 2139 1)
416 2130 444 2132 -
462 2117 552 2139 Domini
571 2117 741 2144 magnificentia
753 2120 850 2144 apparet
861 2117 949 2138 ratione

382 2157 505 2184 potentiae,
522 2157 654 2185 sapientiae,
672 2156 844 2178 misericordiae
862 2156 902 2178 431
924 2163 936 2178 a

428 2208 459 2212 —
477 2197 513 2218 Est
530 2202 594 2218 error
611 2196 695 2222 dicere,
714 2196 786 2218 Deum
804 2195 834 2217 ab
855 2199 947 2217 aeterno

382 2236 500 2263 gignendo
527 2235 616 2257 moveri
644 2235 687 2257 107
705 2241 717 2256 a
734 2247 765 2251 —
783 2238 889 2257 aeternus
914 2238 948 2257 est

383 2275 413 2297 de
430 2281 476 2297 non
494 2275 645 2303 principiante
671 2275 812 2302 principians
838 2274 887 2296 sine
911 2275 945 2297 sui

381 2314 507 2336 variatione
525 2314 554 2335 67
572 2320 584 2335 a
604 2327 631 2329 —
650 2314 750 2336 Essentia
770 2314 808 2336 Dei
830 2320 875 2335 non
899 2320 947 2335 mu-

381 2357 441 2375 tatur
458 2354 488 2375 72
507 2353 521 2375 1)

428 2405 458 2408 —
487 2392 599 2414 inhabitat
630 2392 807 2414 immensitatem
840 2395 945 2414 aeternae

381 2432 502 2454 Maiestatis
520 2438 561 2459 pcr
578 2432 708 2458 essentiam,
726 2432 866 2454 mundanam
880 2432 946 2453 vasti-

381 2474 449 2493 tatem
476 2477 517 2498 1101*
541 2471 682 2493 influentiam
709 2474 731 2492 et
756 2470 877 2492 Ecclesiam
905 2477 945 2498 per

379 2510 571 2538 complacentiam
590 2510 635 2531 687
654 2509 668 2531 b
685 2522 715 2525 —
733 2514 767 2532 est
778 2510 873 2531 intimus
884 2510 946 2531 cuili-

380 2549 418 2571 bet
430 2549 461 2571 rei
474 2550 496 2571 in
509 2549 615 2576 essendo,
629 2549 799 2576 potentissimus
811 2549 832 2570 in
845 2549 944 2576 agendo,

381 2589 582 2616 praesentissimus
608 2589 628 2610 in
655 2588 817 2615 cognoscendo
835 2588 864 2610 74-
883 2589 897 2610 b
917 2601 943 2603 --

380 2632 413 2649 est
430 2628 453 2649 in
471 2628 545 2649 anima
565 2631 586 2649 et
604 2628 625 2649 in
649 2627 751 2656 qualibet
773 2627 873 2655 potentia
896 2627 944 2649 ani-

380 2673 431 2689 mae
448 2667 477 2689 73
496 2674 507 2688 a

428 2718 456 2721 —
474 2709 508 2728 est
526 2712 566 2733 per
584 2706 704 2728 essentiam
723 2708 815 2727 sanrtus
832 2706 876 2727 508
889 2712 901 2727 a
915 2717 943 2721 —

381 2746 402 2767 ln
421 2745 514 2766 nominc
530 2746 628 2767 sunit-tus
646 2744 729 2767 dicitur
746 2744 859 2773 quidquid
874 2745 944 2772 perse-

378 2784 459 2806 ctionis
477 2784 505 2806 de
530 2785 575 2805 Deo
600 2784 643 2806 dici
662 2787 737 2811 potest
754 2783 806 2806 ibid.
826 2796 854 2798 —
872 2790 944 2812 quare

379 2824 468 2845 dicatur
485 2826 518 2845 ter
536 2826 628 2845 sanctus
646 2823 690 2844 449
709 2823 722 2844 h
739 2835 770 2839 —
788 2825 863 2844 tantae
885 2814 943 2850 puri-

379 2863 430 2884 tatis
452 2866 496 2887 est,
520 2862 582 2891 quod
608 2862 660 2884 nihil
684 2862 801 2889 impurum
825 2865 944 2889 acceptare

379 2904 400 2923 et
416 2902 470 2923 nihil
484 2908 567 2929 purum
581 2901 687 2923 detestari
699 2904 770 2928 potest
785 2901 829 2922 633
842 2907 853 2922 a
868 2913 897 2917 —
910 2901 944 2922 Di-

379 2940 458 2961 vinum
472 2941 603 2968 exemplum
616 2944 650 2962 est
668 2939 866 2967 irreprehensibile
884 2940 944 2962 ideo—

379 2984 424 3006 que
441 2979 538 3006 dignum
558 2979 684 3001 imitatione
701 2979 746 3001 536
764 2985 775 3000 a

1039 281 1069 285 —
1087 269 1160 297 ipsius
1177 269 1313 297 sapientiam
1337 270 1391 292 nihil
1410 271 1464 292 latet
1481 270 1525 292 377
1544 276 1555 292 a

992 321 1022 324 —
1039 308 1124 336 Omne,
1142 309 1205 337 quod
1225 310 1308 331 facturn
1327 312 1372 335 est,
1390 310 1410 331 in
1430 313 1507 331 mente
1517 310 1556 332 Dei

991 349 1145 375 exemplatum
1164 351 1198 370 est
1215 348 1259 370 316
1278 348 1293 370 1)
1309 361 1340 364 -
1357 348 1466 370 Omnium
1488 349 1557 371 ratio-

991 393 1031 409 nes
1055 388 1171 415 refulgent
1196 388 1218 409 in
1244 391 1292 409 arte
1309 390 1408 415 aeterna,
1426 388 1555 410 secundum

991 427 1054 455 quod
1080 433 1104 449 se
1131 427 1260 449 manifestat
1285 427 1314 449 ad
1337 433 1363 449 ea
1382 428 1426 449 616
1444 434 1456 449 a
1473 439 1504 444 —
1522 431 1556 449 est

990 466 1107 493 inspector
1134 466 1239 488 cordium
1266 466 1310 488 458
1338 466 1352 488 b
1375 479 1402 481 —
1421 467 1488 494 Apud
1506 467 1555 489 eius

991 505 1127 527 memoriam
1147 505 1189 527 fixa
1215 508 1268 527 sunt
1294 506 1370 527 omnia
1390 509 1464 527 nostra
1484 512 1554 534 opera

989 544 1039 566 sive
1056 544 1159 566 caelestia
1168 562 1173 571 ,
1185 545 1235 566 sive
1247 545 1361 567 terrestria
1373 545 1414 566 291
1436 552 1447 567 a
1460 557 1490 561 —-
1502 545 1555 567 Eius

989 583 1100 611 sapientia
1126 584 1245 611 cognoscit
1269 584 1403 611 praeterita,
1425 585 1555 612 praesentia

989 625 1011 644 et
1029 623 1103 644 futura
1124 623 1163 644 431
1187 622 1201 644 b
1218 635 1248 639 —-
1268 623 1374 645 Divinum
1387 623 1507 645 consilium
1521 627 1555 646 est

990 661 1105 683 infallibile
1123 661 1167 684 535
1186 661 1200 683 1)

1036 713 1066 716 -
1084 701 1137 722 Eius
1153 701 1264 728 sapientia
1282 707 1327 723 non
1346 705 1419 729 potest
1432 702 1554 724 1111010525

990 739 1004 761 b
1021 751 1052 756 —-
1070 740 1186 767 Sapientia
1204 740 1281 762 divina
1300 747 1345 762 non
1368 744 1401 762 est
1419 741 1554 767 scrutanda,

989 779 1030 801 sed
1056 779 1192 801 admiranda
1219 779 1259 801 431
1290 779 1305 802 b
1324 793 1350 795 —
1371 780 1423 802 Eius
1440 781 1552 808 sapientia

990 818 1124 841 admiranda
1144 822 1177 841 est
1195 819 1218 840 in
1241 820 1311 841 rebus
1334 819 1507 847 corporalibus,
1524 820 1555 842 in-

990 858 1154 880 tellectualibus
1171 861 1193 880 et
1209 858 1365 881 aeternalibus
1378 859 1421 880 326
1435 865 1446 880 a
1459 872 1489 875 —-
1503 860 1554 881 Eius

989 898 1099 925 sapientia
1118 901 1151 920 est
1174 898 1340 926 investigabilis
1358 899 1402 920 472
1420 905 1432 920 a
1452 911 1479 914 —
1499 899 1555 921 vtae

989 937 1082 959 divinae
1094 938 1221 965 sapientiae
1232 941 1286 959 sunt
1298 938 1470 966 investigabiles
1482 939 1526 960 299
1540 938 1554 960 b

1036 988 1065 992 —
1084 976 1165 998 Divina
1184 976 1330 1004 intelligentia
1354 982 1387 999 est
1414 977 1515 999 virtuosa
1532 980 1555 999 et

989 1015 1086 1042 stabilis,
1105 1016 1203 1043 pretiosa
1221 1020 1244 1038 et
1261 1015 1356 1042 nobilis,
1368 1016 1471 1044 speciosa
1484 1020 1506 1039 et
1517 1016 1555 1039 de-

989 1055 1099 1077 lectabilis
1117 1055 1161 1077 430
1179 1061 1204 1082 a,
1223 1055 1237 1077 b
1255 1068 1284 1071 -
1303 1056 1417 1083 Sapientia
1433 1056 1554 1084 [1011111311-

990 1098 1037 1116 tum
1056 1095 1084 1116 ad
1111 1097 1268 1117 creaturarum
1294 1095 1499 1122 illuminationem,
1516 1101 1553 1117 co-

989 1134 1115 1161 gnitionem
1145 1137 1166 1156 et
1195 1134 1386 1162 gubernationem
1413 1135 1554 1157 transcendit

988 1174 1065 1195 onmia
1083 1174 1128 1195 692
1147 1173 1161 1195 b
1178 1186 1209 1190 —
1227 1174 1280 1196 Eius
1291 1174 1402 1201 sapientia
1414 1174 1492 1196 omnia
1509 1174 1553 1196 ori-

988 1213 1063 1240 ginat,
1089 1212 1217 1240 gubernat,
1245 1216 1337 1240 reparat
1359 1216 1381 1235 et
1407 1216 1553 1235 consummat

988 1253 1032 1273 616
1050 1259 1062 1274 a
1082 1265 1110 1268 —-
1129 1253 1260 1274 Secundum
1279 1253 1393 1275 dictamen
1406 1253 1500 1275 <livinae
1517 1259 1552 1275 sa-

987 1292 1087 1319 pientiae
1104 1293 1174 1314 homo
1192 1293 1314 1318 formatur,
1331 1292 1420 1319 regitur
1432 1294 1453 1314 et
1468 1291 1552 1319 guber-

986 1335 1054 1353 natur
1067 1331 1106 1353 431
1120 1331 1135 1353 l]
1145 1343 1175 1347 —
1185 1331 1299 1359 Sapientia
1312 1331 1389 1353 divina
1402 1332 1552 1353 051011111111111

987 1370 1111 1392 ordinatrix
1132 1370 1174 1392 108
1192 1376 1212 1394 a.
1231 1370 1245 1392 b
1268 1383 1298 1387 —
1321 1371 1436 1398 Sapientia
1459 1374 1551 1393 aeterna

987 1412 1020 1431 est
1038 1410 1178 1437 principium
1197 1410 1313 1432 rationalis
1333 1413 1451 1432 creaturae
1469 1413 1491 1432 et
1508 1417 1551 1433 non

986 1452 1061 1471 cessat
1077 1449 1139 1477 loqui
1162 1449 1191 1471 ad
1211 1449 1271 1471 illam
1295 1449 1445 1477 inspiratione
1463 1451 1551 1472 occulta

987 1489 1015 1511 55³
1039 1488 1054 1510 1)
1079 1501 1109 1504 -
1138 1489 1251 1516 Sapientia
1278 1488 1357 1511 divina
1386 1492 1420 1511 est
1447 1490 1551 1512 omnium

986 1528 1112 1555 reparatrix
1136 1528 1181 1549 290
1200 1534 1211 1549 a
1230 1540 1260 1544 -—-
1279 1528 1359 1550 Divina
1385 1529 1495 1556 sapientia
1519 1536 1551 1551 se-

987 1567 1084 1589 minavit
1100 1567 1122 1589 in
1140 1567 1278 1589 conscientia
1296 1568 1405 1590 caelestes
1422 1568 1551 1590 influentias

990 1607 1032 1628 105
1049 1613 1061 1629 a
1079 1619 1108 1622 —
1127 1607 1180 1628 Eius
1198 1606 1306 1629 scientiae
1329 1607 1454 1629 dictamine
1471 1608 1551 1635 dirigi-

986 1649 1023 1668 tur
1040 1646 1116 1668 omnis
1134 1647 1203 1668 homo
1227 1646 1270 1668 408
1289 1646 1303 1668 b
1325 1659 1357 1663 —
1379 1647 1493 1674 Sapientia
1517 1647 1551 1670 di-

987 1686 1038 1707 vina
1052 1686 1170 1708 diabolum
1185 1686 1318 1708 multiformi
1331 1688 1379 1708 arte
1393 1687 1469 1708 fefellit
1481 1687 1525 1708 413
1538 1693 1549 1709 a

1033 1737 1063 1741 -
1082 1725 1154 1752 ipsius
1179 1725 1263 1747 iudicia
1289 1725 1381 1753 intelligi
1408 1728 1505 1753 possunt
1527 1726 1549 1748 in

986 1767 1074 1792 septem
1092 1765 1185 1792 Angelis
1202 1764 1341 1786 habentibus
1358 1765 1438 1792 plagas
1452 1765 1498 1787 irae
1510 1766 1550 1787 Dei

986 1804 1030 1826 653
1048 1810 1060 1825 a
1078 1816 1108 1820 -
1126 1804 1199 1831 ipsius
1221 1804 1359 1826 iudiciorum
1381 1807 1470 1832 septem
1496 1811 1550 1827 enu-

986 1846 1102 1865 merantur
1120 1843 1272 1870 proprietates
1290 1843 1334 1865 610
1353 1843 1367 1865 b

1034 1895 1059 1897 —-
1078 1882 1132 1904 Eius
1149 1882 1260 1904 voluntati
1278 1883 1353 1904 omnis
1379 1883 1452 1905 virtus
1478 1884 1549 1905 famu-

984 1921 1043 1943 latur
1061 1921 1100 1943 431
1124 1921 1138 1943 b
1156 1934 1185 1937 —
1199 1922 1271 1949 ipsius
1284 1922 1394 1944 voluntati
1407 1922 1461 1944 nihil
1475 1925 1549 1950 potest

984 1960 1089 1983 resistere
1111 1961 1151 1982 180
1169 1967 1181 1982 a
1200 1973 1230 1977 »-
1246 1961 1300 1983 Eius
1317 1962 1418 1988 potentia
1437 1967 1481 1983 non
1499 1964 1549 1989 pot-

983 2003 1017 2022 est
1034 2000 1092 2022 flecti
1111 2006 1154 2022 nec
1176 2000 1280 2028 superari
1304 2000 1349 2022 5⁴25
1368 2000 1382 2022 b
1399 2013 1429 2016 —
1447 2001 1546 2023 Potentia

982 2039 1058 2061 divina
1078 2042 1111 2062 est
1129 2040 1233 2061 omnium
1258 2040 1355 2062 creatrix
1373 2040 1417 2061 290
1436 2046 1447 2061 a
1465 2052 1495 2056 —
1514 2040 1548 2062 Di-

981 2079 1034 2100 vina
1047 2079 1146 2106 potentia
1160 2079 1283 2101 seminavit
1299 2079 1321 2100 in
1339 2079 1426 2101 mundo
1443 2079 1547 2106 spiritua-

981 2118 1013 2140 les
1024 2121 1047 2140 et
1058 2119 1190 2146 corporales
1201 2117 1340 2140 substantias
1353 2118 1396 2139 194
1416 2118 1430 2139 b
1441 2131 1472 2134 —
1485 2119 1547 2140 solus

982 2160 1056 2184 potest
1068 2157 1183 2179 dimittere
1196 2160 1218 2179 et
1229 2157 1305 2179 delere
1319 2160 1412 2185 peccata
1431 2157 1475 2179 417
1493 2164 1514 2184 a,
1532 2157 1547 2179 b

1029 2209 1057 2212 —a
1077 2197 1098 2218 111
1118 2197 1163 2218 Deo
1181 2199 1215 2218 est
1240 2196 1437 2224 imperturbabilis
1455 2197 1545 2224 pietatis

981 2236 1093 2258 t‘ontalitas
1110 2236 1139 2257 70
1158 2235 1173 2257 b
1190 2248 1221 2252 ·—
1238 2239 1272 2258 est
1290 2242 1331 2263 pax
1350 2236 1498 2258 essentialiter
1517 2236 1546 2257 in-

980 2275 1098 2297 transitive
1115 2274 1168 2297 1111ιῖ.
1184 2287 1215 2290 -
1233 2275 1254 2296 111
1274 2275 1321 2297 Deo
1338 2278 1372 2297 est
1389 2275 1546 2297 inextermina-

980 2314 1032 2336 bilis
1049 2314 1168 2336 suavitatis
1195 2314 1287 2336 felicitas
1310 2313 1364 2336 ibid.
1386 2326 1417 2330 —
1439 2317 1545 2336 aeternus

980 2353 1063 2375 dicitur
1082 2359 1135 2380 pax,
1153 2353 1207 2381 quia
1225 2356 1259 2374 est
1277 2353 1339 2380 pacis
1358 2353 1491 2381 inspirator,
1504 2353 1544 2375 da-

980 2396 1014 2414 tor
1032 2396 1054 2414 et
1071 2396 1163 2419 auctor3
1182 2392 1298 2419 immisor,
1318 2393 1391 2414 fautor
1409 2395 1543 2420 etamator;

979 2436 1140 2457 conservator,
1158 2433 1295 2453 reformator
1306 2434 1328 2453 et
1339 2434 1470 2459 promotor,
1483 2437 1544 2453 com-

979 2471 1108 2497 mendator,
1126 2474 1285 2492 remunerator
1302 2473 1324 2492 et
1337 2471 1476 2498 praemiator
1489 2470 1542 2493 ibid.

1026 2522 1056 2526 --
1074 2510 1134 2532 Deus
1151 2510 1220 2531 ardor
1238 2512 1271 2531 est
1289 2510 1329 2531 611
1352 2516 1364 2531 a

1026 2562 1055 2564 —
1074 2550 1130 2571 Sunt
1153 2553 1252 2577 quatuor
1278 2549 1329 2570 viae
1355 2554 1367 2570 a
1387 2549 1446 2575 Deo,
1463 2555 1542 2571 secun-

978 2588 1033 2610 dum
1060 2588 1147 2614 Deum,
1169 2588 1199 2610 ad
1224 2588 1296 2610 Deum
1325 2587 1368 2609 445
1387 2593 1411 2614 a,
1430 2587 1444 2609 1)
1462 2600 1491 2604 -
1509 2590 1543 2610 051

978 2628 1081 2649 omnium
1100 2627 1251 2655 principium,
1269 2627 1396 2654 exemplar,
1416 2627 1466 2649 linis
1487 2626 1540 2649 ibid.

978 2679 1007 2682 —
1025 2669 1059 2688 est
1076 2667 1127 2688 fons
1145 2666 1245 2694 gratiae,
1262 2667 1334 2688 forma
1362 2665 1472 2693 iustitiae,
1489 2672 1542 2687 con-

978 2706 1101 2727 summatio
1119 2705 1180 2727 vitae
1198 2704 1251 2727 zaid.
1270 2717 1299 2720 —
1322 2708 1356 2726 est
1373 2707 1474 2730 creator,
1491 2710 1541 2726 san-

978 2744 1089 2766 ctificator
1105 2747 1127 2766 et
1145 2744 1286 2766 beatificator
1304 2744 1348 2765 580
1367 2743 1381 2765 b
1401 2756 1427 2758 —
1446 2746 1480 2765 est
1492 2744 1542 2765 fons

977 2786 999 2805 et
1016 2783 1082 2810 origo
1100 2783 1169 2805 totius
1195 2782 1355 2810 pulcritudinis
1381 2782 1421 2804 604
1443 2781 1458 2803 1)
1477 2794 1505 2797 -
1523 2784 1540 2804 Α

978 2823 1024 2845 Deo
1044 2823 1108 2844 Patre
1129 2822 1273 2850 originantur
1299 2821 1436 2848 industriae,
1454 2821 1541 2848 gratiae

977 2864 999 2884 et
1015 2868 1178 2890 quaecumque
1195 2861 1308 2883 habemus
1326 2861 1370 2883 696
1389 2867 1401 2882 a
1420 2873 1447 2875 —
1466 2860 1540 2888 Opera

977 2901 1105 2923 Divinitatis
1121 2904 1174 2922 sunt
1192 2900 1288 2922 indivisa
1307 2900 1352 2922 514
1370 2906 1382 2921 a
1401 2912 1430 2915 —
1448 2905 1492 2921 non
1510 2899 1540 2920 in·

976 2940 1040 2967 diget
1057 2940 1136 2968 requie
1156 2940 1198 2961 448
1214 2939 1227 2961 b
1239 2951 1269 2955 —
1281 2942 1390 2966 operatur
1402 2939 1450 2961 sine
1463 2937 1541 2960 labore

977 2978 1030 3001 ibid.

939 191 1037 219 tNDEX
1060 191 1299 220 ALPHABETlCUS
1321 179 1399 221 NONI
1421 192 1609 221 VOLUMlNlS.

1850 233 1905 255 DEU

1637 283 1664 286 —
1685 271 1738 293 Eius
1763 278 1834 299 opera
1859 276 1912 294 50111
1936 273 2056 295 creationis
2080 277 2101 296 et
2124 280 2156 296 re-

1590 310 1712 332 creationis
1730 310 1774 332 563
1793 310 1808 332 b
1825 323 1855 326 —
1874 311 1946 333 Prima
1965 315 2018 334 sunt
2034 313 2156 340 profunda,

1590 349 1690 371 secunda
1717 348 1853 372 abscondita
1878 349 1931 372 ibid.
1953 363 1981 365 —
2007 358 2053 379 quo
2078 352 2156 374 omnia

1591 388 1654 414 tecit,
1671 394 1698 409 eo
1716 388 1795 410 refecit
1817 389 1856 410 109
1876 389 1890 411 11
1908 402 1938 405 —
1961 391 2037 412 omnia
2065 397 2157 418 praeor-

1590 426 1652 448 dinat
1678 427 1699 448 in
1728 427 1803 449 Verbo
1829 431 1922 450 aeterno
1948 429 1993 451 315
2012 429 2026 451 1)
2043 442 2073 445 -
2091 430 2156 452 Pater

1590 471 1631 493 per
1653 465 1769 488 Christum
1795 473 1849 489 suas
1875 468 2002 490 influentias
2028 469 2156 491 communi-

1590 507 1626 527 cat
1643 505 1687 527 696
1705 512 1717 527 a
1737 519 1765 521 —
1784 507 1836 529 fecit
1853 507 1929 529 omnia
1948 507 2026 529 Verbo
2048 509 2155 536 increato,

1571 542 1760 566 Ἰ’101001101111111
1788 545 1865 567 Verbo
1887 546 2004 568 incarnato
2032 548 2071 568 107
2090 547 2105 569 b
2126 560 2154 564 —

1590 583 1630 605 fuit
1656 587 1760 610 potenter
1777 585 1923 612 operativum
1941 586 1962 607 in
1981 592 2058 608 rerum
2077 587 2153 609 condi-

1589 622 1650 644 tione
1673 626 1694 645 et
1720 624 1741 645 iu
1768 629 1845 646 rerum
1871 625 2017 652 reparatione
2042 625 2096 648 z'ln‘d.
2123 639 2153 642 —

1589 661 1669 689 Magna
1687 666 1739 684 sunt
1757 669 1827 690 opera
1851 664 1984 691 creationis,
2011 665 2096 687 maiora
2120 671 2155 687 re-

1588 701 1717 728 creationis,
1736 702 1833 724 maxima
1852 703 2023 730 glorificationis
2041 704 2086 726 229
2104 704 2119 726 b

1636 752 1666 756 -
1694 741 1788 763 Creator
1818 748 1857 769 per
1886 742 1983 770 figulum
2012 743 2154 771 significatur

1588 779 1633 800 714
1653 779 1667 801 1)
1684 792 1715 796 -
1733 780 1831 803 dicendo
1857 782 1909 803 facit
1934 783 2010 804 omnia
2031 783 2073 804 107
2092 782 2107 805 1)
2123 796 2154 799 —

1589 818 1655 840 Solus
1680 819 1741 841 Deus
1769 823 1844 847 potest
1872 821 2002 848 producere
2030 828 2056 843 ex
2085 822 2153 844 nihilo

1590 857 1634 879 477
1652 857 1667 879 b
1685 871 1714 873 —
1733 859 1776 886 ipsi
1794 860 1915 887 proprium
1934 863 1968 882 est
1985 861 2013 883 de
2030 861 2101 883 nihilo
2114 862 2154 883 ali-

1588 896 1646 924 quid
1663 898 1753 924 operari
1772 898 1817 920 694
1835 898 1850 920 b
1866 911 1897 915 —
1918 899 1936 921 si
1955 900 2047 922 materia
2066 900 2155 928 indige·

1588 939 1622 957 ret
1634 936 1655 958 in
1669 937 1768 964 agendo,
1784 941 1843 960 esset
1855 938 2068 966 impet-rectissimus
2081 940 2126 962 563
2139 939 2154 961 b

1590 987 1619 990 —
1636 976 1712 997 omnia
1731 976 1839 1003 produxit
1855 977 1905 999 sine
1930 978 2043 1000 adiutorio
2062 979 2152 1001 virtutis

1588 1014 1674 1036 alienae
1691 1015 1731 1037 651
1753 1022 1765 1037 a
1783 1028 1814 1032 —
1831 1017 1918 1039 creavit
1931 1018 2043 1040 mundum
2056 1018 2106 1040 sine
2118 1019 2153 1041 sui

1588 1054 1714 1076 variatione
1733 1055 1761 1076 67
1780 1061 1791 1077 a
1809 1068 1840 1072 —
1858 1062 1900 1078 nos
1917 1057 2005 1079 creavit
2022 1063 2063 1085 per
2075 1061 2153 1086 poten-

1588 1093 1657 1120 tiam,
1675 1097 1697 1116 et
1724 1094 1775 1116 ideo
1801 1097 1834 1117 est
1857 1095 2009 1118 admirandus
2028 1096 2072 1119 443
2091 1096 2105 1119 b
2122 1109 2153 1114 —

1588 1133 1637 1155 fecit
1656 1134 1772 1155 hominem
1798 1135 1827 1157 ad
1854 1135 1979 1162 imaginem
2005 1142 2071 1158 suam
2090 1140 2112 1159 et
2128 1143 2153 1159 se

1587 1172 1639 1194 fecit
1663 1173 1799 1195 imitabilem
1826 1174 1854 1196 60
1884 1174 1898 1196 b
1924 1186 1954 1191 —
1980 1175 2063 1197 dicitur
2089 1175 2153 1199 faber

1588 1212 1664 1239 quoad
1684 1218 1781 1240 corpus,
1800 1213 1938 1236 architectus
1955 1215 2032 1242 quoad
2051 1215 2151 1237 animam

1587 1251 1720 1273 rationalem
1741 1251 1784 1273 448
1804 1251 1818 1274 b
1835 1264 1866 1269 —
1888 1253 1965 1274 omnia
1984 1254 2049 1281 fecit,
2066 1256 2091 1276 ut
2107 1260 2153 1276 ser-

1587 1290 1661 1312 virent
1679 1291 1765 1312 homini
1784 1291 1829 1313 385
1847 1297 1867 1318 a,
1886 1291 1901 1313 b
1914 1304 1943 1307 —-
1961 1293 2085 1319 Explicatio
2097 1292 2152 1316 ibid.

1633 1341 1664 1345 —-
1686 1329 1780 1352 Creator
1806 1331 1867 1352 idem
1893 1334 1927 1353 est
1952 1337 1979 1353 ac
2001 1332 2152 1360 inhabitator,

1586 1368 1627 1390 671
1650 1368 1664 1390 b

1633 1420 1663 1424 —
1681 1408 1764 1430 dicitur
1777 1409 1888 1431 Dominus
1900 1413 1977 1432 noster
1989 1409 2094 1433 absolute
2110 1417 2152 1438 per

1586 1448 1741 1470 excellentiam
1767 1448 1813 1470 705
1839 1455 1851 1470 a
1877 1461 1907 1465 —
1933 1449 2044 1472 Dominus
2069 1450 2152 1472 exerci-

1586 1489 1650 1508 tuum
1669 1490 1715 1515 est,
1734 1490 1757 1509 ut
1774 1490 1807 1509 est
1825 1488 1932 1510 maiestas
1955 1489 2090 1516 praesidens
2108 1489 2151 1511 vir-

1586 1526 1673 1548 tutibus
1689 1527 1799 1554 angclicis
1816 1527 1861 1549 643
1878 1534 1890 1549 a

1632 1578 1662 1582 —
1680 1566 1840 1594 Omne,quod
1853 1567 1936 1588 factum
1955 1570 1999 1594 est,
2019 1567 2088 1590 habet
2099 1574 2151 1590 con-

1585 1605 1672 1626 servari
1698 1611 1709 1627 a
1737 1605 1784 1627 Deo
1809 1606 1853 1627 316
1872 1605 1887 1629 1)
1904 1618 1934 1622 -
1952 1606 2037 1628 Cuncta
2055 1607 2077 1628 in
2096 1607 2151 1629 nihi-

1585 1644 1632 1665 lum
1649 1644 1763 1671 redirent,
1781 1644 1823 1666 nisi
1842 1644 1920 1667 divina
1933 1645 2032 1672 potentia
2046 1651 2072 1668 ea
2091 1650 2150 1668 tene-

1585 1686 1619 1705 ret
1637 1683 1676 1705 431
1699 1683 1722 1705 b.
1741 1683 1784 1706 447
1809 1683 1823 1705 b
1840 1696 1870 1700 -—
1887 1684 2033 1707 stabilitatem
2052 1686 2149 1707 ferream

1585 1722 1624 1744 dat
1641 1722 1750 1745 omnibus
1763 1722 1833 1745 rebus
1846 1723 1889 1745 447
1903 1723 1918 1745 1)
1933 1736 1959 1739 -
1973 1724 2057 1746 format
2068 1730 2150 1747 omnes

1584 1761 1718 1784 adiuvando
1736 1768 1854 1790 naturam,
1872 1763 1912 1785 sed
1931 1762 2046 1785 Christum
2066 1764 2149 1786 forma-

1584 1801 1616 1823 vit
1632 1801 1753 1828 operando
1770 1808 1839 1829 supra
1857 1805 1964 1824 naturam
1983 1803 2026 1824 1199
2046 1802 2059 1825 b

1630 1852 1661 1856 —
1679 1841 1790 1863 Voluntas
1817 1841 1854 1863 Dei
1881 1842 2060 1864 condescensiva
2087 1848 2149 1864 com-

1583 1880 1657 1907 placet
1680 1879 1723 1902 sibi
1750 1881 1778 1902 ad
1802 1879 1994 1908 gubernationem
2017 1881 2147 1903 animarum

1583 1918 1627 1940 580
1646 1919 1660 1941 b
1683 1931 1713 1935 —
1737 1926 1777 1947 per
1803 1920 1859 1942 alios
1885 1921 1934 1942 vult
1958 1920 2007 1948 regi
2034 1921 2147 1948 populum

1582 1965 1649 1981 suum
1676 1959 1721 1981 525
1739 1959 1754 1980 b
1771 1971 1801 1975 —
1818 1959 1946 1987 ingreditur
1972 1960 1994 1981 in
2017 1963 2147 1982 creaturam

1584 2001 1606 2020 ut
1624 1999 1777 2026 principium,
1800 1998 1930 2025 obiectum,
1956 1999 2056 2027 donum⁷
2074 2002 2146 2027 actus,

1581 2038 1654 2059 virtus
1672 2038 1877 2065 supernaturaliter
1903 2039 2043 2065 fecundans,
2066 2041 2091 2061 ut
2108 2039 2146 2066 hy-

1581 2077 1679 2104 postasis
1697 2077 1725 2098 99
1744 2083 1755 2098 a

1628 2127 1658 2132 —
1675 2119 1709 2137 051
1727 2116 1888 2143 formidabilis,
1907 2116 2036 2144 placabilis,
2059 2117 2144 2145 suavis,

1581 2155 1742 2182 insuperabilis
1768 2156 1793 2176 7l
1824 2155 1838 2177 1)
1861 2168 1891 2171 -
1910 2156 1988 2177 Manus
2006 2155 2046 2178 Dei
2064 2158 2097 2178 est
2115 2156 2145 2178 ul-

1580 2195 1693 2221 sciscens,
1711 2194 1826 2221 tribuens,
1851 2198 1987 2222 protegens,
2013 2195 2144 2222 praemians

1580 2233 1624 2255 370
1643 2240 1663 2260 a,
1683 2233 1696 2255 b
1713 2246 1744 2250 -
1762 2233 1830 2256 habet
1842 2234 1899 2256 duas
1912 2240 1995 2256 manus
2007 2234 2072 2262 quasi
2085 2234 2143 2256 duas

1580 2273 1629 2295 vias
1646 2274 1691 2295 526
1709 2279 1721 2294 a
1738 2285 1769 2289 —
1786 2273 1846 2300 vias,
1864 2279 1924 2301 quae
1942 2276 1994 2295 sunt
2016 2279 2027 2295 a
2046 2273 2142 2301 dextris,

1578 2312 1655 2339 novit,
1673 2312 1701 2334 de
1723 2312 1820 2334 sinistris
1844 2318 1891 2334 non
1912 2315 1987 2340 curat,
2005 2312 2047 2334 nisi
2065 2318 2143 2340 pecca-

1579 2355 1639 2374 tores
1662 2352 1725 2379 prius
1746 2351 1908 2379 poenitentiam
1929 2351 2018 2379 egerint
2037 2350 2091 2374 ibid.
2112 2364 2142 2368 -

1579 2392 1689 2413 Dominus
1706 2394 1739 2413 est
1757 2391 1862 2413 terribilis
1880 2391 1990 2417 inimicis,
2004 2390 2143 2413 honorabilis

1577 2431 1670 2457 amicis,
1687 2430 1846 2453 desiderabilis
1864 2431 1954 2452 miseris
1972 2430 2011 2452 431
2034 2436 2045 2452 a

1624 2482 1654 2486 —
1672 2473 1705 2492 est
1722 2470 1832 2497 optimus,
1851 2469 2030 2497 benignissimus
2042 2468 2141 2491 01110110-

1578 2508 1741 2530 ficentissimus
1766 2508 1809 2530 668
1836 2514 1848 2529 a
1872 2520 1902 2524 -
1929 2509 1950 2529 ln
1968 2507 2140 2535 comparatione

1577 2548 1616 2569 Dei
1634 2554 1701 2570 nemo
1719 2547 1834 2569 invenitur
1858 2547 1934 2569 bonus
1951 2547 1996 2568 678
2014 2546 2037 2568 b.
2054 2546 2098 2568 708
2117 2546 2140 2568 b.

1575 2587 1620 2608 714
1647 2586 1661 2608 1)
1685 2599 1713 2602 ——
1739 2590 1773 2608 est
1797 2592 1915 2608 summum
1943 2585 2042 2612 bonum,
2069 2585 2139 2607 immo

1575 2632 1645 2648 omne
1663 2626 1748 2648 bonum
1767 2626 1811 2648 516
1824 2631 1835 2647 a
1849 2638 1879 2641 —
1895 2625 1976 2647 Omnis
1993 2625 2067 2652 copia,
2080 2630 2139 2653 quae

1577 2665 1636 2687 Deus
1654 2671 1698 2687 non
1716 2668 1760 2692 est,
1778 2667 1868 2692 egestas
1885 2667 1919 2686 est
1936 2665 1980 2686 602
1999 2663 2013 2685 b

1621 2717 1652 2720 —
1678 2705 1740 2726 solus
1765 2705 1837 2731 replet
1862 2703 2003 2725 desiderium
2032 2706 2137 2725 nostrum

1576 2744 1619 2765 139
1639 2743 1653 2765 b
1670 2755 1700 2759 —
1718 2743 1740 2765 ln
1758 2743 1808 2770 ipso
1826 2746 1860 2765 est
1886 2745 1929 2764 tota
1947 2742 2045 2764 dulcedo
2063 2742 2107 2764 439
2125 2748 2137 2764 a

1574 2794 1604 2798 —
1621 2782 1756 2809 Degustatio
1775 2782 1813 2804 Dei
1831 2782 1856 2803 fit
1873 2788 1912 2803 ore
1929 2781 2040 2809 spirituali
2059 2781 2104 2803 630
2122 2780 2137 2803 b

1574 2833 1604 2837 —
1622 2821 1643 2842 Si
1662 2821 1714 2849 quis
1731 2821 1752 2843 in
1770 2821 1820 2843 eius
1837 2820 2013 2848 pulcritudinem
2033 2821 2137 2847 ferretur,

1574 2860 1693 2882 vilesceret
1711 2860 1730 2881 ei
1750 2860 1850 2882 mundus
1868 2860 1912 2881 616
1930 2865 1942 2881 a
1960 2871 1990 2875 —
2007 2859 2025 2880 si
2038 2865 2080 2881 nos
2097 2859 2137 2881 de-

1574 2899 1692 2927 relinquit,
1710 2899 1775 2927 quasi
1794 2902 1852 2921 terra
1869 2901 1946 2920 nostra
1964 2898 2079 2920 desolatur
2091 2898 2136 2920 580

1575 2938 1589 2959 b
1606 2950 1636 2954 —
1654 2938 1778 2966 aliquando
1795 2944 1820 2959 50
1837 2937 1968 2963 abscondit,
1986 2941 2010 2959 ut
2027 2941 2078 2964 post
2091 2942 2136 2959 ma—

1574 2977 1609 3005 gis
1633 2980 1748 3004 gratanter
1765 2983 1790 2999 se
1807 2977 1886 2999 offerat
1903 2977 1933 2998 92
1951 2975 1966 2997 b
1984 2988 2013 2991 --
2028 2976 2136 3004 quamvis
