2269 3448
716 237 756 264 nt:
780 237 853 265 vir-t
877 237 1040 265 stiltitl'tttel
1065 238 1237 266 hott‘ronts,
1817 244 1850 269 (57

100 314 190 342 adhuc
211 315 340 343 assistere
367 315 454 350 potuit
479 314 547 342 felici
574 315 662 343 exitui
691 315 801 342 Concilii
827 318 854 342 et
881 315 950 343 iubi-

101 362 164 389 lanti
195 362 230 389 Te
253 362 350 389 Deum.
374 361 477 389 Abhinc
499 361 570 389 enim
594 361 744 389 Concilium
770 362 886 389 orbatur
907 370 950 389 as-

100 408 223 436 sistentia
247 408 445 436 llonaventura.

178 455 204 483 Ιι.
229 455 353 482 Eteniml
381 466 394 479 α
410 455 503 483 eodem
526 463 597 482 anno
616 458 642 483 et
666 463 770 489 mense,
792 455 835 483 die
859 455 949 483 Domi-

100 502 176 535 nica‚
198 501 302 529 decima
325 501 421 537 quinta
443 501 581 535 eiusdem,
606 502 672 529 hora
700 502 852 530 matutinali
882 502 948 529 obiit

100 548 190 576 clarae
213 548 360 576 memoriae
383 548 477 576 Frater
500 548 703 582 anventnra,
720 549 877 577 Albancnsis
892 549 948 585 epi-

99 603 213 631 scopus,
236 595 282 631 qui
316 595 367 623 t'uit
400 595 481 623 homo
512 595 659 623 eminentis
690 595 819 624 scientiae
841 598 868 623 et.
893 596 948 623 elo-

99 641 243 677 quentiae,
275 642 314 669 vir
347 642 458 678 quidem
488 642 631 670 sanctitate
664 643 846 679 praecipuus,
877 643 947 676 vita,

98 688 336 716 commiseratione
358 696 389 716 ac
423 689 547 716 moribus
575 689 814 717 excellentissimis
835 689 947 717 decora-

101 739 192 768 ratus,
217 735 366 770 benignus,
389 735 520 768 affabilis,
544 735 605 772 pius
627 739 653 764 et
677 736 842 770 misericors,
860 737 948 764 virtu-

101 782 174 810 tibus
196 782 309 818 plenus,
334 782 387 810 Deo
409 786 435 810 et
459 782 616 810 hominibus
637 783 769 817 dilectus,
792 784 837 820 qui
856 785 947 820 scpul-

101 832 144 857 tus
165 832 206 857 est
228 829 286 865 ipso
308 829 351 857 die
372 828 508 857 dmninico
532 829 556 857 in
582 830 639 857 loco
662 830 786 858 Fratrum
811 831 946 858 illinorum

101 876 223 912 Lugduni
235 899 241 909 ,
264 876 343 904 cuius
359 877 500 913 exsequiis
517 876 640 904 interfuit
655 877 782 905 dominns
799 878 866 914 l'apa
883 886 945 905 cnm

98 923 227 951 onmibus
249 923 392 959 praelatis.
415 923 461 960 qui
485 927 564 951 eraut
587 924 611 951 in
635 924 763 957 Concili0,
786 928 812 952 et
830 928 883 952 tota
899 933 946 953 cu-

99 970 147 998 ria.
166 970 195 998 Et
210 970 304 999 Frater
328 971 438 1004 Petrus,
462 970 595 998 Ostiensis
612 971 775 1007 Episcopus,
797 972 947 1000 celebravit

97 1016 204 1044 Missam
227 1020 253 1045 et
277 1016 460 1052 praedicavit,
494 1018 634 1053 proposito
664 1018 799 1051 themate,
827 1019 946 1047 scilicet:

99 1062 182 1091 Doleo
203 1072 291 1100 super
313 1067 350 1096 te,
372 1063 469 1100 frater
492 1064 533 1091 ml
555 1063 713 1092 Ionatham.
736 1065 836 1093 Multae
860 1066 946 1101 lacry-

99 1118 158 1138 mae
180 1114 206 1138 et
227 1111 345 1147 gemitus
368 1111 402 1138 ibi
426 1112 547 1139 fuerunt.
572 1111 644 1139 llanc
666 1112 688 1139 ei
705 1112 820 1148 gratiam
837 1120 946 1141 eonces-

99 1160 172 1185 serat
195 1157 342 1189 Dominus,
367 1161 397 1185 ut
418 1158 578 1194 quicunque
600 1166 663 1186 eum
693 1158 837 1192 videbant,
861 1159 947 1195 ipsius

98 1212 193 1232 amore
216 1204 392 1232 incontinenti
423 1208 589 1241 caperentur
611 1213 646 1233 ex
669 1205 751 1234 corde
767 1218 793 1233 ».
818 1206 853 1234 Ne
877 1207 947 1234 hanc

97 1251 256 1279 relationem
280 1251 356 1279 testis
383 1256 409 1279 et
440 1252 560 1280 historici
591 1253 739 1289 synchroni
769 1253 832 1282 dicti
855 1253 947 1282 Conci-

97 1298 123 1326 lii
146 1298 337 1334 Lugdunensis
358 1299 574 1335 abrumpamus,
592 1300 788 1336 prosequimur
811 1301 947 1328 narratio-

97 1352 157 1373 nem
180 1345 213 1373 de
235 1345 401 1374 desolatione
429 1346 511 1374 totius
532 1346 642 1375 Concilii
666 1350 726 1383 post.
759 1351 875 1376 mortem
900 1348 946 1376 Bo-

97 1393 304 1421 naventurae³t
332 1393 455 1421 «Eodem
478 1401 549 1421 anno
578 1397 604 1422 et
633 1402 741 1427 mense,
767 1395 811 1423 die
842 1395 947 1423 decima

97 1443 176 1467 sexta
197 1439 336 1473 eiusdem,
358 1440 429 1468 facta
450 1444 491 1468 est
512 1441 609 1477 quinta
631 1442 731 1475 sessio,
756 1442 780 1469 in
803 1450 885 1478 qua...
903 1443 947 1470 do-

97 1487 189 1515 minns
212 1487 281 1523 l'apa
302 1487 440 1515 allocutus
454 1491 495 1516 est
510 1488 675 1521 Concilium,
690 1488 793 1521 dicens,
809 1489 947 1525 quomodo

98 1534 215 1562 Ecclesia
249 1534 293 1562 Dei
328 1534 525 1563 inaestimabile
546 1535 677 1563 damnum
702 1544 829 1572 perpessa
856 1536 947 1564 fuerat

96 1588 131 1609 ex
154 1581 230 1609 obitu
254 1581 356 1609 Fratris
378 1581 603 1615 Bonaventnrae,
625 1582 784 1611 Albanensis
816 1583 946 1619 episcopi,

96 1631 122 1656 et
144 1628 283 1656 mandavit
304 1628 433 1656 omnibus
455 1629 584 1665 praelatis
605 1632 632 1657 et
653 1629 782 1657 omnibus
805 1630 946 1666 presbyte-

96 1675 135 1702 ris
158 1682 206 1711 per
239 1678 325 1703 totum
355 1675 506 1708 mundum,
528 1679 559 1704 ut
590 1676 707 1712 quilibet
728 1684 825 1704 eorum
858 1685 942 1705 unam

95 1721 203 1750 Missam
226 1721 338 1750 deberet
359 1726 470 1750 cantare
499 1731 549 1759 pro
577 1723 668 1751 anima
697 1723 783 1760 ipsius
811 1727 838 1752 et
864 1724 945 1752 aliam

96 1776 147 1805 pro
168 1768 314 1797 animabus
335 1769 459 1798 omnium
482 1770 616 1804 aliorum,
639 1771 685 1807 qui
704 1771 804 1799 mortui
822 1774 887 1799 sunt
902 1771 946 1799 ad-

97 1815 241 1849 veniendo,
264 1816 375 1849 stando,
398 1824 446 1844 sen
470 1816 611 1845 redeundo
632 1817 665 1845 ad
688 1817 823 1851 Concilia,
839 1818 897 1846 sive
911 1818 944 1846 ad

96 1862 256 1891 Concilium.
274 1863 331 1891 Et...
348 1864 519 1892 continuavit
533 1864 613 1892 aliam
630 1864 778 1893 sessionem
795 1865 944 1901 (ultimam)

97 1910 122 1937 in
145 1909 314 1944 crastinum,
336 1910 439 1939 scilicet
460 1911 593 1940 decimam
612 1914 735 1940 octavam
758 1912 897 1946 eiusdem,
919 1916 945 1941 et

98 1957 135 1985 sic
158 1957 291 1985 dissoluta
312 1961 353 1986 est
374 1958 471 1995 quinta
492 1959 577 1987 sessio
593 1971 618 1986 ».

177 2004 252 2032 Sicut
274 2004 324 2033 iste
348 2005 432 2039 testis,
454 2005 491 2033 ita
513 2014 624 2042 quoque
656 2006 726 2034 alter
747 2006 945 2042 synchronus⁴

97 2051 202 2085 innuit,
225 2051 297 2088 quod
322 2055 445 2088 tempore
468 2052 552 2081 buius
583 2053 693 2081 Concilii
721 2064 734 2077 α
752 2062 850 2090 magna
873 2062 946 2082 mor-

98 2098 186 2126 talitas
207 2098 267 2131 fnit,
289 2101 316 2127 et
336 2099 466 2127 obierunt
488 2099 523 2127 ibi
541 2099 634 2136 plures
656 2100 808 2128 cardinales
824 2100 944 2128 etmulti

98 2145 210 2182 praelati
232 2149 259 2174 et
279 2146 323 2174 alii
347 2147 405 2175 sine
426 2154 545 2174 numero
560 2158 586 2174 ».
608 2147 674 2175 Tam
709 2148 760 2176 ista
791 2149 946 2177 communis

96 2192 248 2221 mortalitas
269 2201 352 2229 quam
368 2193 489 2230 gravitas
505 2194 676 2230 negotiorum
693 2198 720 2223 et
736 2195 860 2223 laborum
877 2199 946 2224 tem-

96 2247 162 2276 pore
183 2239 294 2268 Concilii
317 2240 525 2269 Bonaventurae
541 2241 684 2277 imposita,
700 2245 731 2269 ut
752 2242 881 2278 opinatur
898 2243 946 2270 Ba-

96 2286 178 2322 ptista
199 2286 232 2315 de
255 2287 392 2315 iudicibus
407 2288 428 2320 ⁵,
450 2296 533 2324 quam
560 2288 692 2324 fragilitas
714 2289 838 2325 corporis
860 2289 946 2317 Bona—

97 2337 230 2361 venturae
253 2337 404 2370 potueruut
426 2334 536 2363 insimul
556 2342 615 2363 esse
631 2343 723 2368 causa,
739 2343 789 2363 cur
805 2335 945 2363 Bonaven-

159 2459 166 2471 ¹
185 2459 339 2482 Conciliorum
358 2463 414 2482 tom.
431 2461 468 2482 28.
486 2466 541 2488 pag.
560 2460 605 2482 532
623 2467 672 2489 seq.

158 2498 167 2510 ²
186 2499 235 2521 Lib.
254 2500 278 2521 ll.
295 2500 352 2527 Reg.
374 2501 392 2527 l,
410 2500 446 2522 26.

159 2537 168 2550 ³
186 2538 340 2561 Conciliorum
358 2542 412 2561 tom.
431 2540 468 2561 28.
487 2545 540 2567 pag.
559 2539 612 2561 533.

158 2577 167 2589 ⁹¹
185 2578 237 2600 Rer.
255 2578 323 2600 ltalic.
341 2578 424 2606 Script.
441 2581 496 2601 tom.
514 2579 535 2600 9.
554 2579 597 2601 col.
613 2578 668 2600 787.

158 2616 168 2628 ⁵
185 2618 262 2644 Steph.
282 2618 368 2644 Balnzi,
387 2618 526 2640 miscellanea
552 2618 636 2646 (Lucae
658 2618 739 2646 1764),
758 2621 811 2640 tom.
831 2618 868 2640 lV.
890 2625 944 2646 pag.

97 2655 140 2678 476
158 2656 201 2678 col.
219 2657 246 2678 ll:
276 2657 355 2678 «Nam
373 2663 426 2678 cnm
446 2657 466 2678 in
484 2657 535 2684 ipso
558 2656 660 2678 Concilio
684 2657 831 2685 Lugdunensi
858 2657 944 2684 gravis-

96 2695 159 2717 simis
177 2696 323 2723 negotiorum
342 2695 525 2718 incumbentium
545 2695 645 2718 fascibus
662 2702 721 2724 pene
734 2697 904 2724 opprimeretur
922 2700 944 2718 et

96 2734 166 2756 modo
190 2738 267 2757 contra
285 2735 396 2763 Graecos,
415 2735 485 2757 modo
511 2738 587 2757 contra
615 2735 743 2757 haereticos
768 2736 837 2758 vitam
861 2735 944 2758 Mendi-

96 2774 196 2795 cantium
214 2773 392 2801 impugnantes,
410 2776 450 2795 aut
474 2774 615 2801 disputaret,
633 2777 672 2796 aut
696 2773 819 2801 scriberet,
841 2775 943 2803 nihilque

95 2812 222 2841 omitteret,
248 2813 312 2841 quod
334 2813 363 2835 ad
389 2819 474 2835 munus
497 2813 633 2835 sanctissimi
660 2813 835 2842 doctissimique
860 2814 904 2835 viri
921 2816 944 2836 et

96 2852 195 2879 suscepti
213 2852 281 2874 officii
304 2855 472 2881 susceptaeque
489 2853 608 2880 dignitatis
628 2853 764 2880 pertineret,
783 2853 890 2880 fatigatus
915 2853 943 2874 ln-

96 2890 199 2918 boribus,
223 2891 244 2913 in
268 2891 432 2918 gravissimum
455 2891 534 2914 incidit
552 2891 673 2919 morbum;
691 2898 738 2920 qno
755 2892 779 2914 in
804 2892 854 2914 dies
874 2895 896 2914 et
921 2892 942 2914 in

96 2931 164 2952 boras
180 2933 332 2958 angmentum
354 2931 458 2958 capiente
480 2931 594 2959 susceptis·
619 2937 673 2953 cum
696 2931 767 2953 multa
788 2932 942 2959 lacrymarum

95 2970 206 2992 effusione
223 2970 336 2992 Ecclesiae
353 2970 517 2997 Sacramentis,
530 2970 703 2997 mandavit‚.ut
716 2970 866 2995 Breviarium.
879 2970 942 2998 quod

96 3009 170 3031 solum
188 3008 231 3031 sibi
248 3012 409 3032 reservaverat
427 3009 523 3038 (reliqua
541 3009 602 3031 enini
620 3009 642 3031 in
657 3016 772 3038 pauperes
784 3009 941 3038 distribuerat)

95 3048 173 3071 Ordiui
192 3049 382 3071 restitueretur».

1009 318 1070 343 tura
1092 316 1280 344 succubuerit.
1315 317 1465 345 l‘raecisam
1502 321 1590 345 tamen
1625 319 1719 346 mortis
1744 328 1853 347 cansam

1008 362 1174 398 ignoramus.

1085 409 1283 437 'l'estimonium
1317 410 1429 438 allatum
1463 411 1603 439 suiliceret
1634 412 1665 439 ad
1700 414 1853 441 testamlmn

1008 455 1118 483 modum
1141 459 1167 483 et
1201 460 1309 492 teinpus
1339 457 1408 485 beati
1439 457 1530 485 obitus
1564 458 1785 493 llonaventurco·.;
1808 461 1853 488 secl

1006 502 1130 538 aequitas
1153 503 1271 538 postulat
1293 503 1390 531 audire.
1412 512 1524 540 qnoque
1546 508 1686 532 auctorem
1705 509 1757 533 tam
1774 516 1854 543 saepe

1007 548 1058 576 iam
1075 549 1258 577 adductorum
1274 550 1474 578 Cin-onicornni
1492 551 1571 578 XXlV
1586 552 1760 580 Generalium
1777 554 1793 586 ¹,
1806 554 1851 589 qui

1005 595 1086 623 dicit:
1113 607 1125 620 α
1143 596 1240 624 Eodem
1263 600 1354 625 autem
1381 600 1519 633 tempore,
1543 598 1663 626 nonduin
1688 599 1764 627 finito
1786 602 1854 628 Con—

1005 642 1076 675 cilio,
1094 643 1341 671 revercndissimus
1356 647 1383 671 et
1396 644 1554 672 recolendae
1572 646 1719 673 memoriae.
1736 647 1760 674 in
1776 647 1854 674 Chri-

1006 692 1047 717 sto
1071 689 1148 717 l'ater
1170 690 1298 718 dominus
1320 691 1520 725 bonaventura,
1542 692 1688 720 cardinalis
1707 694 1854 729 praetatus,

1005 736 1037 763 ad
1057 739 1165 764 sanctos
1182 737 1274 764 Patres
1288 737 1439 773 appositus,
1456 738 1659 774 triumphantes
1674 748 1733 773 suo,
1752 744 1780 767 nt
1796 749 1854 769 rre-

1005 782 1112 816 ‹limus‚
1136 783 1300 811 beatificavit
1332 784 1485 817 consortio,
1515 785 1561 812 sed
1592 785 1742 814 incredibili
1765 787 1854 815 affecit

1007 829 1141 857 moestitia
1165 829 1320 858 militantes.
1343 830 1408 858 Nam
1431 831 1524 859 Graeci
1547 835 1574 859 ct
1597 832 1698 865 Latini,
1721 833 1811 861 clerici
1829 837 1855 861 et

1006 875 1063 903 laici
1087 876 1189 904 amaris
1213 877 1454 913 prosequebantur
1478 878 1605 914 lacrymis
1626 887 1736 907 sacrum
1759 880 1852 914 funus,

1004 922 1127 951 dolentes
1159 923 1192 951 ale
1223 924 1348 951 luctuosa
1381 927 1471 953 tantae
1502 926 1690 954 subtractione
1713 935 1853 963 personae.

1005 969 1069 997 Erat
1091 970 1162 998 enim
1187 974 1277 998 tantae
1301 971 1464 999 humilitatis
1486 975 1512 1000 et
1534 973 1653 1008 gratiae,
1670 977 1700 1001 ut
1721 974 1755 1001 ab
1770 975 1854 1002 omni-

1006 1017 1057 1044 bus
1079 1020 1237 1050 animetur,
1262 1020 1392 1054 tantaque
1415 1019 1606 1054 praerogativa
1626 1020 1761 1048 donorum
1785 1020 1853 1048 ‹tivi—

1006 1071 1104 1090 norum
1128 1063 1254 1097 dotatus,
1279 1068 1306 1091 ut
1331 1064 1465 1092 Ecclesiae
1488 1065 1532 1093 Dei
1557 1066 1663 1094 millum
1687 1075 1779 1102 parem
1803 1067 1852 1095 sibi

1006 1109 1163 1146 relinquere
1179 1113 1335 1146 putaretur.
1354 1111 1383 1139 tit
1398 1111 1464 1139 obiit
1479 1120 1550 1139 anno
1569 1113 1691 1148 praefato
1715 1114 1752 1141 lll.
1771 1114 1831 1142 ldus
1844 1114 1853 1130 '²

1005 1157 1080 1190 lulii,
1102 1158 1198 1186 aetatis
1219 1166 1285 1186 suae
1317 1158 1377 1186 Llll.
1400 1159 1460 1186 Fuit
1491 1163 1582 1187 autem
1606 1168 1668 1188 cum
1693 1169 1790 1195 inagna
1812 1169 1854 1189 so-

1005 1204 1144 1233 lemnitate
1166 1206 1293 1241 sepultus
1315 1205 1340 1233 in
1363 1206 1477 1233 ecclesia
1492 1206 1620 1235 Fratrum
1637 1208 1772 1236 Minoi-nni
1790 1217 1854 1237 con-1

1005 1254 1103 1279 ventus
1126 1252 1332 1288 Lugdunensis,
1354 1252 1465 1280 domino
1489 1253 1558 1289 Papa
1580 1261 1642 1282 cum
1668 1255 1854 1284 cardinalibus

1005 1306 1097 1326 sacras
1119 1299 1268 1335 exsequias
1289 1299 1489 1327 celebrante».

1085 1346 1109 1373 5.
1134 1346 1226 1373 Annus
1248 1346 1349 1382 igitur,
1373 1346 1398 1374 iu
1422 1355 1477 1383 quo
1506 1347 1698 1376 Bonaventura
1727 1352 1854 1377 mortuus

1004 1396 1061 1425 est,
1085 1401 1137 1420 non
1160 1396 1200 1421 est
1221 1393 1292 1421 alius
1314 1401 1397 1430 [ptam
1423 1394 1513 1428 1274,
1537 1399 1567 1422 ut
1589 1396 1764 1431 synchronus
1785 1396 1854 1424 Con-

1004 1439 1056 1467 cilii
1081 1440 1229 1468 historicus
1251 1441 1351 1468 citatus
1372 1442 1470 1469 asserit
1490 1449 1541 1469 nec
1563 1450 1616 1470 non
1641 1442 1797 1471 Bernartius
1821 1443 1854 1472 ‹le

1004 1487 1084 1515 Bessa
1117 1487 1279 1516 scribens3:
1312 1488 1369 1516 «ln
1399 1489 1531 1525 Lugduuo
1564 1493 1687 1526 tempore
1718 1491 1854 1526 generalis

1004 1534 1114 1562 Concilii
1138 1534 1205 1562 obiit
1221 1535 1376 1568 cardinalis,
1398 1544 1469 1563 anuo
1484 1536 1580 1564 aetatis
1595 1545 1661 1565 suae
1678 1537 1737 1569 Llll,
1753 1538 1854 1573 episco-

1005 1589 1056 1617 pus
1078 1581 1181 1609 scilicet
1202 1582 1362 1610 Albanensis
1377 1594 1402 1610 ».
1427 1583 1452 1610 ln
1477 1584 1528 1611 hoc
1553 1584 1720 1612 conveniimt
1742 1584 1852 1621 quidem

1003 1636 1098 1656 omnes
1119 1628 1261 1665 graviores
1276 1629 1434 1665 scriptores.
1450 1631 1481 1657 At
1495 1634 1592 1658 auctor
1613 1630 1751 1658 dictorum
1767 1631 1853 1659 Chro-

1004 1675 1129 1702 uicorum
1142 1698 1148 1708 ,
1170 1683 1252 1711 quem
1270 1676 1347 1704 multi
1365 1676 1415 1704 hac
1438 1676 1464 1704 in
1481 1685 1510 1704 re
1525 1680 1590 1705 sunt
1605 1677 1705 1710 secuti,
1727 1678 1853 1714 quamvis

1003 1722 1147 1750 conveniat
1164 1722 1188 1749 in
1207 1722 1252 1750 illo
1267 1730 1339 1750 anno
1354 1723 1451 1751 mortis
1466 1723 1639 1760 assignando,
1655 1724 1734 1752 aliani
1753 1728 1852 1758 tamen,

1003 1771 1030 1797 et
1051 1769 1162 1805 quidem
1187 1777 1341 1803 erroneam,
1357 1769 1468 1798 adducit
1486 1770 1556 1798 diem
1580 1771 1676 1799 mortis
1692 1771 1814 1800 referens
1826 1772 1849 1799 4ε

1007 1815 1109 1844 «Obiit
1140 1824 1212 1844 anuo
1246 1816 1367 1853 praefato
1397 1817 1436 1845 lli.
1460 1817 1521 1845 idus
1554 1818 1627 1851 lulii,
1660 1819 1756 1847 aetatis
1787 1826 1853 1847 suae

1004 1863 1092 1891 Llll».
1117 1863 1201 1892 Debet
1222 1864 1293 1892 enim
1317 1872 1376 1893 esse
1406 1865 1497 1893 idibus
1524 1865 1580 1893 lulii
1604 1865 1657 1901 (vel
1682 1866 1768 1902 pridie
1791 1866 1853 1894 idus

1004 1910 1046 1939 vel
1069 1910 1160 1947 potius
1183 1911 1208 1938 iu
1232 1914 1311 1939 nocte
1331 1911 1384 1940 diei
1410 1912 1445 1940 14
1466 1912 1499 1940 ad
1521 1912 1592 1940 diem
1621 1913 1653 1940 15
1677 1913 1764 1948 lulii);
1787 1913 1852 1950 quia

1002 1957 1154 1986 secundum
1179 1958 1320 1986 laudatum
1350 1962 1376 1987 et
1408 1967 1493 1995 supra
1515 1958 1664 1987 adductum
1688 1959 1851 1988 historicum

1003 2005 1190 2041 synchronum
1223 2005 1333 2034 Concilii
1368 2005 1559 2034 Bonaventura
1589 2009 1717 2034 mortuus
1746 2010 1786 2035 est
1808 2006 1853 2035 (lie

1007 2053 1039 2080 15
1064 2052 1134 2080 [ulii
1161 2051 1236 2081 liora
1268 2053 1446 2081 inolitciualt'.
1470 2053 1642 2081 Concordant
1673 2046 1792 2089 Baptista
1820 2053 1853 2082 de

1004 2099 1173 2132 ludieibus5,
1194 2100 1347 2128 Alexander
1370 2100 1493 2128 Ariostus
1508 2100 1528 2134 ⁶,
1551 2100 1736 2132 Galesinius⁷,
1754 2100 1853 2128 Rndol-

1003 2146 1086 2182 phius
1097 2146 1118 2180 ³,
1149 2146 1350 2183 WaddtngusO,
1374 2147 1458 2175 immo
1486 2150 1513 2175 et
1540 2147 1721 2176 Bollandistae
1736 2148 1765 2181 ¹⁰,
1788 2148 1852 2184 qui,

1003 2194 1051 2222 etsi
1075 2193 1108 2222 de
1130 2194 1155 2222 S.
1186 2194 1378 2223 bonaventura
1410 2198 1491 2231 agant
1522 2194 1565 2222 (lie
1600 2194 1634 2222 'lli
1657 2195 1714 2223 lulii
1740 2199 1852 2232 propter

1002 2239 1179 2268 festivitatem
1211 2241 1236 2268 in
1271 2241 1388 2269 Ecclesia
1421 2241 1621 2275 introductam,
1647 2245 1736 2270 tamen
1759 2242 1852 2269 aiunt:

1007 2297 1020 2310 «
1036 2287 1061 2314 Si
1084 2287 1184 2323 igitur,
1207 2291 1275 2316 teste
1296 2287 1407 2316 Concilii
1442 2288 1587 2320 historico,
1610 2289 1635 2315 S.
1660 2288 1852 2316 bonaventura

1002 2333 1069 2361 obiit
1090 2333 1117 2360 in
1140 2333 1294 2367 Dominica,
1317 2334 1385 2362 obiit
1406 2334 1558 2362 certissime
1580 2334 1623 2362 ‹lie
1645 2334 1706 2367 XV,
1729 2334 1802 2370 quod
1825 2338 1852 2362 et

1003 2379 1117 2416 ipsemet
1139 2380 1240 2408 diserte
1262 2381 1428 2409 enuntiat».

1082 2427 1118 2455 Ad
1147 2428 1252 2456 obitum
1287 2429 1311 2456 S.
1346 2428 1553 2457 Bonaventurae
1582 2428 1663 2464 plura
1695 2432 1761 2456 sunt
1791 2432 1852 2456 orla

1002 2475 1125 2503 carmina
1148 2475 1277 2512 lugentia.
1300 2475 1339 2503 Ex
1366 2475 1494 2503 omnibus
1519 2475 1660 2512 seligimus
1681 2475 1850 2511 epicedium‚

1491 2592 1497 2607 s

1064 2616 1071 2628 ¹
1090 2617 1197 2638 Analecta
1215 2617 1336 2643 Francis-e,
1355 2620 1409 2638 tom.
1428 2616 1460 2638 lll.
1479 2622 1532 2643 pag.
1550 2616 1604 2637 356.

1063 2654 1072 2667 2
1091 2656 1113 2677 ln
1132 2655 1273 2683 assignando
1285 2655 1323 2677 die
1337 2655 1416 2677 mortis
1428 2655 1541 2677 chronista
1555 2654 1652 2681 erravit,
1666 2657 1689 2676 ut
1701 2654 1789 2676 dicetur
1800 2661 1851 2676 mox

1000 2695 1066 2716 infra.

1063 2733 1072 2746 ³³
1091 2733 1146 2756 ibid.
1165 2740 1217 2762 pag.
1237 2734 1290 2756 (599.

1063 2772 1072 2785 ⁴
1091 2772 1145 2795 ibid.
1165 2779 1218 2801 pag.
1236 2773 1289 2795 356.

1063 2812 1072 2824 ⁵
1089 2813 1168 2841 Steph.
1186 2813 1274 2839 Baluzi,
1293 2813 1446 2839 Miscellanea,
1464 2816 1520 2835 tom.
1543 2812 1578 2834 lV.
1597 2818 1650 2840 pag.
1670 2812 1713 2833 477
1732 2813 1775 2833 eol.
1794 2812 1824 2837 l.,„

1063 2851 1073 2864 ⁶
1090 2852 1157 2880 Apud
1176 2852 1275 2878 Bonelli,
1293 2852 1422 2878 Drodrom„
1440 2852 1483 2874 eol.
1502 2852 1538 2873 62.

1063 2891 1072 2904 ⁷
1089 2892 1157 2919 Apud
1175 2892 1230 2914 Acta
1249 2892 1399 2917 Sanctorum,
1421 2890 1446 2912 14
1465 2891 1524 2917 iulii,
1542 2897 1596 2918 pag.
1612 2891 1655 2912 838
1674 2896 1726 2918 cap.
1738 2890 1759 2911 7.
1778 2897 1800 2912 u.
1813 2890 1850 2912 83.

1063 2929 1072 2942 s
1090 2931 1156 2958 Apud
1176 2930 1310 2957 Wadding.y
1329 2930 1357 2952 ad
1376 2936 1413 2951 au.
1436 2929 1492 2951 1274
1511 2936 1533 2951 n.
1554 2930 1588 2951 lb'.

1063 2969 1072 2982 ⁹
1091 2970 1223 2997 Wadding„
1242 2969 1271 2991 ad
1288 2976 1325 2991 au.
1347 2969 1404 2991 1274
1422 2976 1446 2991 n.
1467 2970 1499 2991 13.
1518 2975 1583 2997 seqq.

1064 3009 1083 3021 ¹⁰
1100 3011 1153 3031 Aeta
1172 3010 1317 3036 sanctoruni,
1339 3009 1363 3030 14
1383 3009 1439 3036 lnlii,
1457 3008 1642 3031 Commentarius
1660 3008 1780 3036 praevius,
1798 3010 1810 3035 ζ,
1833 3008 1849 3029 l.

1000 3055 1021 3070 n.
1044 3049 1078 3070 lO.
