2269 3448
655 207 753 235 INDEX
775 207 1016 237 ittrllitssffl‘tcus
1038 208 1115 237 NON!
1139 210 1324 238 votthths

359 246 406 268 MlN

108 287 165 314 fugit
181 285 210 308 ad
227 288 329 307 castrum
350 285 420 307 tutius
437 285 482 308 543
500 292 511 307 a
531 298 560 301 —-
583 285 672 307 Dictum

107 325 228 353 egregium
246 325 342 347 alicuius
366 324 442 346 militis
459 324 577 346 Octaviani
596 324 640 346 554
660 323 674 346 b

154 377 184 381 —
207 364 257 386 siue
279 364 355 392 capite
377 363 431 386 nihil
455 364 515 386 valet
540 363 585 385 572
611 362 626 385 b
643 375 674 379 —-

106 404 164 426 Nihil
188 403 247 425 valet
271 402 356 425 habere
382 409 464 425 nomen
489 402 565 424 militis
589 405 611 424 et
628 408 673 424 non

107 444 181 465 facere
206 448 266 470 opus
283 442 360 464 militis
378 441 423 463 305
440 448 452 463 11
469 453 500 457 -—
519 448 563 463 non
582 444 616 463 cst
641 447 674 463 sa-

107 482 186 510 piens,
204 481 244 510 qui
262 481 357 503 inermis
379 481 443 503 vadii
469 486 510 508 per
532 483 617 502 terram
635 480 674 502 ini-

107 521 220 543 micorum
239 520 283 542 573
297 526 309 542 a
327 532 357 536 -—
369 522 429 541 essct
446 520 539 546 stultus,
557 519 575 541 si
593 525 604 541 a
622 525 674 541 con-

107 560 167 582 flictu
187 561 275 587 fugeret
291 562 313 581 et
330 563 409 587 postea
427 559 512 581 rediret
524 562 545 580 et
558 559 626 580 vellet
637 559 673 580 ha·

107 599 162 622 bere
185 600 297 621 honorem
324 599 393 621 totius
419 598 471 620 beili
492 598 538 620 512
564 597 578 619 b
596 610 626 614 —
644 598 672 619 illi

106 644 206 667 quorum
226 644 307 660 manus
324 638 406 665 plenae
420 640 472 659 sunt
484 637 606 665 sanguine,
618 637 673 659 mul-

106 681 154 700 tum
173 680 299 706 provocant
317 677 390 699 Deum
408 676 453 698 640
472 676 486 698 b

153 730 182 734 —
206 716 322 739 Debemus
344 716 471 738 esse=boni
499 716 593 742 milites,
618 716 672 744 quia

106 756 220 779 habemus
238 756 374 778 fortissimos
392 757 468 778 hostes
485 755 530 777 ‘256
549 754 564 777 b
581 767 612 771 —-
629 755 673 776 Mo-

106 796 150 818 dus
168 795 280 817 militandi
306 798 351 821 cst,
376 798 400 817 ut
418 796 488 816 homo
514 794 632 816 abstrahat
647 800 673 816 se

105 835 135 857 ab
153 836 187 857 his
204 840 264 863 quae
287 834 417 856 distrahunt
441 840 453 855 a
479 833 545 855 honis
562 833 673 861 operibus

105 873 160 897 ibid.
173 887 201 890 --
216 873 323 896 Militibus
339 872 422 895 Christi
440 873 569 895 necessaria
585 872 673 895 6511115-

105 914 176 936 cretio
202 916 224 935 et
250 913 359 935 fortitudo
385 912 429 934 568
453 911 468 934 b
490 924 521 928 —-
543 912 625 935 Christi
650 912 672 934 in

105 953 230 975 constantia
250 951 378 980 probantur
402 954 424 974 et
446 950 606 979 approbantur
623 957 672 978 per-

105 992 212 1020 pessione
229 991 333 1018 martyrii
351 990 396 1012 569
414 996 427 1012 a
444 1003 473 1006 —-
492 990 540 1012 Iloc
561 990 585 1012 iit
605 990 673 1018 tripli-

105 1031 137 1054 cis
158 1030 305 1058 sunt-aganus
327 1030 417 1052 virtutis
439 1030 554 1052 adiutorio
572 1029 601 1051 il).
619 1035 639 1056 a,
658 1029 672 1051 b

104 1083 135 1086 —-
152 1071 226 1092 Homo
244 1069 313 1092 debet
325 1069 422 1091 militare
434 1069 463 1091 ad
476 1069 573 1096 gloriam
587 1069 671 1091 summi

105 1110 176 1137 Regis
193 1111 222 1131 82
240 1115 252 1131 a
269 1121 300 1125 —
317 1109 379 1131 Multi
405 1111 459 1131 sunt
485 1108 606 1130 militantes
624 1108 672 1130 dia-

105 1149 158 1172 bolo
175 1148 229 1172 ibid.

152 1189 258 1210 MlNlSTER
276 1200 304 1203 -—
324 1187 449 1210 Ministrum
463 1187 573 1209 idoneum
587 1187 672 1209 faciunt

104 1228 230 1256 sagacitas,
249 1229 363 1254 1101165135,
380 1226 541 1255 promptitudo
559 1226 603 1248 620
622 1232 634 1248 a

152 1279 182 1283 —
200 1266 282 1289 Christi
300 1272 394 1294 sumus,
407 1266 424 1288 si
437 1272 519 1288 sumus
531 1266 595 1292 tales,
607 1266 671 1294 quod

104 1306 180 1329 omnis
198 1305 282 1328 habeat
299 1312 341 1328 nos
366 1312 409 1333 pro
431 1305 505 1327 servis
523 1305 595 1332 ipsius
612 1305 640 1326 85
658 1311 670 1326 a

104 1358 134 1362 —
152 1345 235 1368 Christi
252 1345 336 1367 debent
355 1345 376 1367 in
394 1345 441 1367 vita
463 1344 605 1372 respondere
622 1344 670 1365 Deo

104 1388 127 1407 et
152 1384 293 1407 conformari
319 1390 404 1406 novem
428 1384 504 1406 choris
528 1384 669 1411 Angelorum

104 1423 134 1447 ib.
152 1423 174 1446 b.
192 1424 220 1445 86
239 1430 260 1450 a,
272 1423 287 1445 b
299 1436 329 1440 —
345 1423 426 1446 Christi
449 1422 518 1445 debet
537 1422 621 1445 habere
638 1428 671 1444 se-

105 1466 167 1492 ptem
186 1463 283 1485 virtutes
301 1463 329 1485 87
348 1469 360 1485 a

155 1516 181 1519 —
198 1503 312 1525 Ecclesiae
329 1506 382 1524 sunt
399 1502 469 1524 medii
482 1502 539 1524 inter
556 1502 670 1529 populum

104 1546 126 1565 et
145 1543 217 1564 Deum
236 1541 281 1564 674
299 1541 314 1564 b
331 1554 362 1558 —
380 1541 493 1563 Ecclesiae
515 1541 568 1569 eligi
586 1540 671 1563 debent

104 1581 207 1604 instructi
227 1582 248 1603 in
261 1581 347 1609 litteris,
359 1581 446 1609 experti
460 1581 481 1602 in
494 1580 592 1608 negotiis
604 1584 626 1602 et
638 1580 671 1602 111-

104 1621 195 1644 formati
213 1620 317 1643 moribus
335 1620 401 1643 bonis
418 1620 463 1642 567
482 1619 496 1641 b
513 1632 544 1636 —
562 1620 623 1642 Deus
635 1626 671 1642 re-

104 1661 174 1690 quirit
192 1660 291 1683 mundos
317 1661 433 1682 ministros
454 1659 499 1682 544
518 1659 532 1681 b
550 1672 580 1675 —›
598 1659 671 1681 Eccle-

103 1700 151 1722 siae
168 1700 190 1722 in
208 1700 353 1722 exsecutione
372 1699 473 1727 suscepti
490 1698 559 1720 officii
577 1698 671 1726 triplici-

104 1743 138 1762 ter
155 1739 242 1762 debent
261 1745 311 1762 esse
334 1738 424 1767 probati
447 1739 467 1760 in
492 1738 575 1760 iustitia
592 1737 637 1760 567
658 1743 670 1758 a

105 1791 134 1795 ——
152 1779 264 1801 Ecclesiae
282 1778 368 1801 debent
385 1784 436 1800 esse
453 1784 520 1800 senes
532 1781 554 1800 et
566 1777 669 1805 magistri

105 1818 149 1840 674
168 1817 183 1840 b
200 1830 230 1834 —-
252 1818 368 1840 Ecclesiae
392 1817 478 1839 debent
500 1823 551 1839 esse
574 1817 626 1845 puri
649 1819 671 1839 et

104 1858 187 1880 eruditi
206 1857 251 1880 674
268 1864 289 1886 a,
306 1857 321 1879 b
333 1870 363 1873 —
376 1857 489 1879 Ecclesiae
501 1856 587 1879 debent
600 1856 671 1879 abun-

102 1897 158 1920 dare
175 1897 286 1925 spirituali
303 1897 386 1919 laetitia
405 1897 450 1918 675
467 1902 479 1918 a
502 1908 533 1912 —
557 1896 670 1918 Ecclesiae

102 1935 188 1958 debent
204 1936 260 1958 alios
278 1936 391 1958 mundare
408 1936 513 1963 exemplo
531 1938 553 1957 et
571 1935 670 1957 ministe-

101 1975 135 1998 rio
154 1975 199 1997 674
216 1981 229 1997 a
248 1988 276 1990 —
294 1975 409 1997 Ecclesiae
426 1974 512 1997 debent
524 1974 609 1997 habere
627 1980 670 2002 pu-

102 2015 191 2037 ritatem
210 2014 338 2037 secundum
357 2015 473 2042 exemplar
494 2014 577 2036 Mariae
594 2014 638 2035 638
656 2020 668 2036 a

102 2067 134 2071 —
151 2054 246 2083 quinam
264 2054 328 2081 digni
346 2054 390 2076 sint
407 2054 436 2076 de
453 2053 548 2076 ecclesia
561 2053 611 2076 eiici
624 2053 669 2075 674

104 2100 125 2120 a,
143 2093 165 2115 b.
184 2093 229 2115 675
247 2099 258 2115 a

149 2133 295 2155 Mixis'renium
314 2145 342 2148 —
360 2133 421 2155 iuxta
440 2132 550 2160 triplicem
569 2132 669 2160 gradum

102 2172 215 2195 Ecclesiae
233 2172 312 2200 triplex
330 2171 443 2194 debemus
455 2172 502 2194 Deo
516 2171 668 2194 ministerium

102 2211 219 2240 tripliciter
236 2211 345 2234 exhibere
362 2212 391 2233 85
408 2217 429 2239 a,
447 2211 462 2233 b

150 2251 249 2273 linimus
266 2264 294 2266 —
312 2250 376 2273 Ordo
399 2251 512 2272 lilinoruin
536 2250 670 2272 denomina-

104 2294 140 2312 tur
157 2289 186 2311 ab
205 2290 332 2312 humilitate
349 2290 394 2312 588
413 2289 427 2311 b
444 2301 475 2305 —
492 2289 579 2311 debent
595 2295 619 2311 se
637 2295 670 2311 re-

102 2334 185 2357 putare
201 2329 311 2351 omnibus
328 2329 448 2351 inferiores
464 2328 518 2351 ibid.
532 2340 564 2344 —
580 2328 669 2350 Fratres

103 2369 202 2391 Minores
219 2368 316 2396 professi
342 2370 395 2390 sunt
420 2368 554 2390 altissimam
573 2373 669 2395 pauper-

102 2411 171 2430 tatem
190 2407 235 2429 537
253 2414 265 2429 a
283 2420 313 2424 —
330 2407 428 2435 Spiritus
446 2408 469 2429 S.
486 2406 620 2429 mirabiliter
631 2412 670 2428 eo-

103 2453 155 2470 rum
174 2447 341 2475 professionem
360 2447 503 2475 paupertatis
524 2447 670 2469 confirmavit.

103 2487 148 2509 587
166 2486 181 2509 b
198 2500 229 2502 —
247 2487 294 2509 Non
312 2490 346 2509 est
363 2486 457 2513 mirum,
475 2486 539 2515 quod
558 2486 670 2508 Dominus

103 2527 193 2548 Fratres
211 2526 323 2553 Minores,
341 2526 488 2554 perfectionis
514 2526 669 2553 professores,

104 2566 177 2593 pascit
193 2566 251 2588 inter
274 2565 352 2588 fideles
377 2565 422 2587 537
440 2570 453 2587 3
470 2577 500 2581 -
518 2565 572 2587 Esse
589 2564 668 2586 mitem

104 2607 126 2627 et
142 2605 253 2627 humilem
271 2605 354 2633 corde,
372 2605 415 2626 hoc
432 2607 466 2627 est
488 2610 539 2627 esse
556 2610 611 2626 vere
629 2605 670 2626 fra·

105 2647 162 2667 trem
181 2645 295 2667 minorem
321 2644 366 2667 594
391 2650 403 2666 3
421 2656 452 2661 —-
469 2644 567 2666 Minores
590 2650 670 2666 omnes

104 2687 196 2712 oportet
212 2690 262 2706 esse
285 2690 309 2706 re
331 2683 386 2706 ibid.
403 2696 433 2700 —
451 2684 516 2712 Quae
539 2684 624 2706 faciunt
640 2684 669 2705 ad

104 2723 328 2745 commendationem
341 2723 433 2746 Ordinis
450 2729 494 2745 non
512 2722 627 2745 debemus
641 2726 671 2744 ta-

105 2768 157 2784 cere
174 2762 219 2784 587
237 2762 252 2784 b
269 2775 299 2778 —
317 2762 377 2785 Vide
394 2762 463 2784 etiam
476 2762 505 2784 V.
519 2761 670 2785 [ἒν-(1116136113.

152 2801 264 2823 Minaeum
289 2814 317 2817 —
338 2804 392 2823 sunt
414 2807 483 2829 supra
509 2803 616 2823 naturam
641 2800 670 2822 24

105 2839 127 2862 b.
150 2841 193 2862 180
215 2840 229 2862 b
250 2852 281 2856 —
304 2840 349 2862 Cur
371 2840 433 2862 Deus
454 2840 544 2862 dederit
566 2840 588 2861 in
612 2839 671 2868 prin-

105 2879 165 2907 cipio
184 2880 296 2902 Ecclesiae
321 2879 430 2901 miracula
456 2880 571 2907 potentiae
592 2879 637 2901 593
656 2878 671 2900 b

105 2932 133 2935 -
152 2925 206 2941 vera
224 2922 361 2941 attestantur
383 2919 424 2941 soli
446 2919 539 2940 divinae
556 2920 670 2946 potentiae

106 2958 135 2980 24
154 2957 168 2980 b
185 2971 216 2974 —
233 2958 371 2981 confirmant
387 2964 428 2980 eos
450 2964 510 2987 quos
527 2962 604 2980 movet
625 2959 671 2980 esti-

105 2999 167 3021 cacia
184 2998 250 3020 verbi
269 2999 314 3021 332
333 2998 347 3020 11
363 3011 393 3015 --
410 2998 495 3021 debent
507 2998 605 3020 excitare
621 3000 671 3021 illos

707 291 766 314 quos
783 286 811 307 ad
831 286 899 308 fldem
918 293 962 308 non
976 290 1054 309 movet
1066 288 1207 315 praedicatio
1220 287 1273 309 ibid.

707 337 737 341 —
755 325 890 347 Franciscus
907 328 928 347 ct
946 326 1028 348 l‘aulus
1046 333 1087 354 per
1105 327 1213 349 miracula
1228 333 1273 349 rcr-

708 365 795 386 tissime
811 364 939 391 sciverunt,
951 371 1018 387 suam
1031 366 1160 388 doctrinam
1178 372 1229 388 csse
1241 372 1274 387 sa-

707 404 803 425 lutarem
822 404 867 425 592
886 403 900 425 b
918 416 948 420 —
970 404 1100 426 claruerunt
1121 405 1190 427 ctiam
1210 406 1272 433 apud

708 442 822 471 infideles,
844 443 885 465 sed
912 449 956 464 nou
983 446 1007 465 ut
1033 443 1159 471 probarent
1184 450 1274 466 errores

707 481 811 509 ipsorum
829 481 874 503 356
894 481 914 503 b.
935 482 979 504 357
998 489 1010 504 a
1029 494 1058 498 —
1081 483 1200 511 quomodo
1218 490 1272 505 vera

706 520 878 548 distinguantur
895 527 907 542 a
926 521 987 543 falsis
1005 521 1033 543 24
1059 521 1072 543 b
1090 534 1120 538 -
1139 522 1193 544 falsa
1211 523 1273 544 aufe-

707 563 757 581 runt
777 560 830 582 tldci
848 561 968 582 veritatem
987 560 1015 583 ib.
1033 568 1045 582 a

754 599 844 621 Mtsmuii
862 611 892 615 —-
910 600 1026 627 Multiplici
1045 600 1135 622 miseria
1149 601 1219 622 homo
1231 607 1273 628 op—

706 638 814 665 primitur
833 638 853 660 in
871 639 914 660 hac
927 639 971 660 1113
986 638 1029 661 432
1042 645 1062 666 a,
1076 638 1090 660 b
1102 651 1132 655 —
1146 639 1272 667 Descriptio

708 677 853 699 miseriarum
873 678 940 700 huius
963 678 1023 700 vitae
1046 678 1091 700 596
1109 678 1131 700 b.
1149 678 1194 700 597
1212 685 1223 700 a
1242 691 1272 695 —

706 716 784 738 Merito
802 722 896 744 gemere
909 723 1041 744 possumus,
1054 717 1107 746 quia
1126 720 1202 739 nostra
1220 723 1271 739 con-

706 756 780 783 ceptio
790 756 1091 784 6111113,111111ν1135,1)υ6113;
1103 763 1111 778 1
1120 757 1157 783 ita,
1169 757 1226 779 mori
1238 760 1272 778 est

706 794 751 817 545
770 794 784 816 b
801 807 832 811 —-
849 796 925 817 onmis
943 796 1046 823 poenalis
1063 799 1138 823 potest
1150 796 1228 818 reduci
1242 796 1270 818 ad

707 836 866 861 paupertatem
884 837 906 856 et
924 838 1022 856 mortem
1043 834 1071 856 48
1089 841 1101 856 a
1119 847 1149 851 —
1168 836 1189 857 111
1209 841 1272 862 prae-

705 873 762 895 senti
780 879 862 895 sumus
887 874 977 901 gravati
996 877 1143 902 paupertate,
1161 875 1271 902 nuditate,

705 912 749 939 siti,
768 913 828 934 same
846 912 885 934 411
909 912 924 934 b

753 963 783 967 —
793 951 867 973 Homo
877 951 898 973 in
910 952 1024 979 praesenti
1036 952 1126 974 miseria
1137 952 1272 974 incurvatur

706 991 798 1013 vinculo
816 992 894 1018 famis,
911 990 972 1017 sitis,
995 991 1116 1019 nuditatis,
1135 991 1272 1013 infirmitatis

706 1029 734 1052 46
752 1036 764 1052 a
783 1042 813 1046 —
830 1032 910 1052 Aestas
921 1036 974 1052 eum
989 1030 1110 1058 impugnat
1122 1036 1164 1058 per
1176 1031 1271 1052 nimiam

705 1069 856 1097 caliditatem,
881 1070 967 1096 hiems,
986 1076 1026 1097 per
1049 1070 1144 1092 nimiam
1163 1070 1272 1097 frigidita-

706 1112 763 1136 tem3
786 1112 924 1136 autumnus,
948 1115 989 1136 per
1013 1109 1106 1131 nimiam
1133 1109 1272 1137 sict-itatem;

706 1154 757 1176 ver,
776 1155 817 1176 per
834 1148 983 1171 excedentem
1002 1148 1163 1170 humiditatem
1175 1147 1228 1171 ibid.
1244 1161 1272 1164 —

705 1188 753 1210 Non
771 1190 806 1210 est
823 1188 909 1209 homini
928 1188 948 1209 111
962 1188 1004 1209 1136
1016 1187 1062 1209 vita
1075 1188 1204 1215 respiratio,
1217 1188 1272 1216 quia

705 1227 840 1249 sensualitas
856 1230 972 1255 repugnat
989 1227 1070 1249 rationi
1088 1230 1110 1248 et
1128 1228 1233 1249 voluntas
1249 1228 1271 1249 in

705 1266 829 1294 semetipsa
847 1269 881 1289 est
897 1267 1011 1289 contraria
1029 1269 1051 1288 et
1068 1265 1228 1289 (111-6153111111.
1242 1278 1272 1282 —

705 1305 799 1328 durabit
817 1312 891 1334 usque
908 1306 936 1327 ad
956 1306 1018 1328 diem
1041 1306 1156 1333 generalis
1173 1312 1273 1328 resurre-

705 1345 787 1367 ctionis
805 1345 833 1367 48
852 1352 863 1367 a

754 1385 910 1407 Misaiuconniix
928 1397 958 1400 -
976 1387 998 1406 ct
1014 1391 1061 1406 non
1082 1384 1168 1406 iustitia
1185 1388 1219 1406 est
1236 1390 1272 1412 pe·

706 1424 772 1446 tenda
790 1430 802 1446 a
821 1424 929 1451 domino,
946 1430 1017 1452 quem
1041 1424 1180 1446 offendimus
1198 1423 1241 1446 349
1260 1430 1272 1445 a

705 1476 735 1478 —
761 1463 783 1485 Si
811 1463 919 1490 fecimus,
936 1463 1000 1492 quod
1025 1463 1072 1485 Deo
1098 1462 1214 1490 displicet,
1233 1462 1273 1485 de-

705 1502 789 1524 bemus
806 1502 835 1524 ad
852 1508 906 1524 eum
932 1502 1011 1524 venire
1029 1505 1051 1524 et
1067 1502 1167 1524 clamare
1185 1502 1271 1524 miseri-

705 1542 808 1564 cordiam
826 1542 867 1564 52t
890 1548 902 1563 a
919 1554 950 1558 —
968 1542 1102 1569 Exemplum
1120 1540 1175 1564 ibid.
1192 1554 1222 1557 -
1235 1548 1272 1563 110-

706 1581 741 1603 bis
757 1581 886 1604 necessaria
904 1584 949 1608 est,
966 1581 1007 1610 qui
1031 1587 1113 1603 sumus
1130 1581 1191 1608 pieni
1208 1581 1272 1603 omni

707 1621 797 1643 miseria
816 1621 860 1643 259
874 1627 893 1642 a.
912 1621 953 1643 351
976 1620 991 1642 b
1008 1633 1039 1636 —
1056 1621 1103 1642 sola
1121 1626 1164 1648 pro
1182 1620 1272 1642 misci-is

705 1663 740 1682 est
756 1660 793 1682 via
812 1660 945 1688 egrediendi
964 1660 993 1682 de
1011 1660 1102 1681 miseria
1121 1660 1161 1682 651
1180 1659 1194 1681 b
1206 1672 1236 1675 —
1250 1659 1271 1681 Si

705 1700 782 1722 adhuc
791 1699 896 1721 viventes
905 1699 1006 1727 petimus
1016 1699 1208 1725 misericordiam,
1220 1704 1271 1720 eam

705 1738 863 1761 obtinebimus
885 1738 930 1760 585
953 1738 968 1760 b
990 1751 1020 1754 —
1038 1739 1060 1760 Si
1079 1738 1128 1760 sine
1145 1738 1272 1760 misericor-

705 1778 742 1800 dia
760 1778 789 1801 de
808 1778 896 1800 mundo
914 1778 1051 1804 transimus,
1068 1781 1148 1805 postea
1161 1783 1271 1799 6311111011

706 1817 845 1840 habebimus
861 1816 917 1840 ibid.

751 1869 782 1873 —
798 1863 869 1886 quam
888 1857 963 1879 Sancti
977 1856 1153 1883 desiderabant,
1166 1859 1199 1878 est
1210 1856 1272 1879 Chri-

705 1899 754 1919 stus
772 1897 812 1919 651
835 1896 850 1918 b
869 1909 897 1911 —
916 1896 994 1918 divina
1012 1896 1067 1918 vide
1084 1896 1111 1918 V.
1128 1896 1193 1919 Deus

751 1948 782 1952 --
799 1938 833 1958 est
851 1936 914 1958 tertia
933 1936 1007 1958 virtus
1019 1935 1142 1963 purgativa
1157 1935 1202 1958 655
1215 1935 1230 1958 b
1241 1948 1272 1952 —

704 1979 738 1997 est
755 1975 842 2003 optima
860 1975 1031 1997 commendatio
1055 1975 1099 1996 348
1118 1980 1130 1996 a
1150 1987 1177 1990 ——
1196 1975 1272 1997 omnis

704 2015 726 2036 in
744 2019 832 2042 septem
846 2014 957 2042 operibus
969 2014 1099 2036 continetur
1112 2013 1141 2036 ib.
1154 2013 1168 2036 b
1187 2026 1216 2030 —
1229 2015 1271 2037 Sex

703 2057 756 2076 sunt
772 2060 843 2082 opera
869 2054 1042 2076 misericordiae
1059 2054 1104 2075 -200
1123 2053 1137 2075 b
1155 2066 1185 2070 —
1202 2053 1272 2076 debet

703 2100 754 2116 esse
771 2094 793 2115 111
811 2093 899 2120 31111110,
917 2093 940 2115 111
958 2093 1032 2115 verbo
1049 2097 1071 2115 et
1089 2093 1110 2115 in
1130 2095 1188 2116 t'acto
1202 2093 1245 2116 438
1258 2100 1270 2115 a

703 2145 734 2149 —
750 2133 779 2155 sit
796 2133 817 2154 in
841 2133 922 2155 affectu
949 2136 970 2155 et
995 2133 1077 2154 effectu
1097 2132 1141 2154 405
1159 2139 1170 2154 a
1189 2145 1219 2149 —
1236 2133 1270 2155 Ad

703 2178 754 2194 eam
773 2172 871 2200 pertinet
888 2172 1003 2194 desolatos
1015 2175 1037 2194 61
1048 2172 1145 2194 afflictos
1156 2172 1271 2194 consolari

704 2211 732 2233 27
751 2218 763 2233 a
780 2224 810 2227 —
829 2212 987 2233 manifestatur
1004 2211 1026 2233 in
1038 2212 1184 2239 eleemosyna
1198 2211 1243 2233 655
1256 2211 1271 2233 b

704 2262 732 2266 -—
750 2253 772 2272 et
789 2256 830 2278 per
848 2251 907 2272 illam
926 2250 995 2272 habet
1012 2251 1138 2272 efficaciam
1156 2249 1211 2273 ibid.

750 2302 780 2305 —
797 2290 846 2311 sine
863 2290 946 2311 iustitia
965 2292 998 2311 est
1016 2289 1093 2317 potius
1104 2289 1186 2311 vitium
1199 2295 1270 2318 quam

703 2329 777 2351 virtus
794 2328 838 2350 243
858 2328 872 2350 b
889 2340 920 2344 -—-
937 2329 986 2350 sine
1004 2329 1086 2350 iustitia
1114 2329 1206 2356 culpam
1225 2335 1270 2351 non

703 2368 821 2396 aestimat,
839 2368 879 2390 sed
898 2368 988 2396 ignorat
1005 2368 1033 2390 28
1052 2374 1063 2390 a
1081 2380 1110 2384 —
1124 2368 1174 2390 sine
1186 2368 1270 2390 iustitia

704 2408 751 2430 Deo
768 2414 812 2430 non
830 2410 864 2430 est
881 2407 962 2435 placita
981 2406 1035 2430 ibid.
1048 2407 1113 2429 —in
1130 2407 1270 2429 remittendo

703 2446 772 2469 debet
789 2447 959 2475 superexaltare
982 2446 1093 2469 iudicium
1112 2447 1134 2468 in
1152 2446 1270 2474 puniendo

703 2485 757 2509 ibid.
774 2499 805 2502 —
823 2486 902 2509 melior
919 2489 953 2508 est
970 2492 1040 2515 quam
1054 2486 1137 2508 iustitia
1149 2486 1194 2508 703
1214 2485 1228 2508 h
1241 2498 1271 2502 —

705 2526 778 2554 parcit
801 2526 895 2548 faciliter
921 2526 950 2547 28
973 2531 994 2548 a.
1012 2525 1056 2547 417
1075 2525 1090 2547 1)
1108 2538 1138 2541 -
1155 2525 1212 2548 Cum
1232 2525 1271 2547 mi-

704 2565 828 2588 sericordia
847 2565 916 2587 tidem
933 2565 1018 2587 habere
1029 2564 1144 2588 debemus
1156 2565 1200 2587 636
1214 2564 1229 2586 b
1241 2577 1271 2581 —

704 2605 873 2627 Misericordiae
890 2611 961 2632 opera
979 2604 1064 2627 habent
1087 2605 1211 2632 perfectam
1230 2611 1272 2632 pu-

704 2645 808 2672 ritatem,
825 2650 878 2666 cum
897 2644 952 2666 nihil
970 2643 1056 2666 habent
1073 2644 1103 2666 de
1120 2645 1183 2666 faece
1201 2647 1270 2666 terre-

704 2690 747 2706 nae
764 2684 895 2706 intentionis
911 2683 956 2705 655
974 2683 989 2705 b
1006 2696 1037 2700 —
1054 2689 1095 2711 per
1112 2683 1197 2705 olivam
1210 2683 1271 2705 intel-

706 2723 783 2751 ligitur
800 2723 846 2745 652
864 2729 876 2745 a

752 2776 782 2778 —
806 2763 928 2790 Praecepta
954 2762 1128 2785 misericordiae
1145 2766 1198 2784 sunt
1222 2763 1272 2785 eius

704 2803 744 2831 qui
763 2802 870 2824 misertus
882 2805 916 2824 est
929 2802 972 2823 438
986 2809 998 2824 a
1010 2814 1041 2818 —
1052 2802 1157 2824 Christus
1168 2808 1210 2824 nos
1223 2809 1271 2825 mo-

704 2845 743 2864 vet
760 2842 790 2864 ad
812 2841 994 2863 misericordiam
1019 2847 1060 2869 per
1085 2841 1270 2864 informationem

705 2882 797 2904 divinae
825 2880 1016 2908 exemplaritatis‚
1042 2880 1220 2908 promissionem
1251 2884 1272 2903 et

705 2921 848 2948 punitionem
867 2919 910 2942 347
930 2925 941 2941 a
960 2932 987 2935 —
1007 2919 1185 2941 Misericordiam
1204 2919 1272 2941 debe-

705 2967 757 2982 mus
769 2960 901 2986 addiscere,
913 2962 937 2981 111
950 2959 1066 2987 possimus
1077 2960 1166 2981 animas
1182 2959 1272 2981 salvare

705 3000 750 3021 6⁶29
768 3006 779 3021 a
797 3012 828 3016 —-
841 2999 875 3021 Ad
888 3005 938 3021 eam
953 2998 1112 3021 manuducunt
1124 2999 1203 3026 Angeli
1217 2998 1272 3021 ibid.

1817 216 1870 244 143

1563 253 1622 275 MOI)

1355 301 1385 305 -
1402 289 1530 312 exhibenda
1548 295 1582 313 est
1600 291 1666 313 nuliis
1684 292 1745 320 ipsis,
1764 294 1825 315 fratri
1844 295 1873 316 111-

1308 327 1411 356 iuriauti,
1433 329 1541 357 pauperi,
1560 330 1687 353 domestico
1711 331 1750 353 441
1772 338 1793 359 a,
1812 332 1826 353 h
1843 345 1874 349 —

1307 372 1361 388 cum
1383 367 1431 389 aliis
1456 369 1582 391 exercenda
1600 374 1634 391 cst
1658 369 1688 391 ab
1705 378 1732 391 co
1750 371 1789 399 qui
1809 372 1873 394 mise-

1307 405 1430 428 ricordiam
1458 406 1488 428 ab
1515 408 1592 436 aliquo
1619 409 1716 436 postulat
1739 410 1783 431 348
1805 417 1816 432 a
1843 423 1873 427 —

1308 445 1329 465 si
1349 445 1409 466 Deus
1434 446 1506 473 replet
1532 447 1682 474 indigentiam
1701 451 1814 476 nostram,
1832 450 1872 471 de-

1308 482 1390 505 bemus
1408 486 1430 506 ct
1455 491 1496 506 nos
1521 486 1623 507 relevare
1641 487 1737 509 alienam
1757 488 1797 509 351
1820 494 1840 515 a,
1859 488 1873 510 l›

1307 534 1336 538 —
1355 522 1471 545 Debemus
1490 525 1591 547 misereri
1604 526 1632 547 ad
1647 526 1744 548 invit-cm
1758 527 1816 549 sicut
1829 534 1873 549 mc-

1306 561 1372 583 dicus
1392 563 1505 585 visitando
1531 567 1552 586 et
1578 565 1694 593 curando,
1711 566 1769 587 sicut
1788 570 1873 594 mater,

1307 601 1457 624 ministrando
1481 605 1501 624 ct
1520 604 1650 631 tolerando;
1668 604 1726 626 sicut
1751 605 1872 633 dominus,

1306 640 1444 667 corrigendo
1462 644 1484 663 et
1501 643 1652 671 remittendo,
1675 643 1733 665 sicut
1750 645 1873 672 magister,

1305 680 1447 702 consulendo
1465 683 1487 702 et
1504 681 1592 703 orando
1616 681 1670 704 ibici.
1689 695 1717 698 ψ
1735 683 1788 711 quia
1807 683 1874 706 nobis

1307 720 1362 740 facta
1382 722 1416 741 est
1433 725 1444 741 a
1464 720 1518 747 Dco,
1536 720 1650 743 debemus
1667 724 1688 743 et
1706 728 1748 743 nos
1765 728 1815 744 csse
1834 723 1873 744 mi-

1306 758 1434 780 sericordes
1451 759 1472 781 in
1491 760 1608 786 proximos
1621 766 1702 788 parem
1715 761 1791 783 dando
1804 763 1872 784 otien-

1306 797 1425 825 (lentitius,
1438 799 1597 826 supportando
1610 800 1666 821 dura
1680 801 1736 822 facta
1755 803 1777 823 ot
1793 801 1872 829 verba,

1306 837 1429 859 clementer
1446 838 1594 865 suscipiendo
1612 839 1717 862 inimicos
1734 840 1778 862 347
1792 840 1814 862 b.
1828 841 1871 863 :348

1305 882 1317 897 a
1335 888 1366 892 -—
1384 876 1452 898 Alteri
1479 877 1582 900 misereri
1607 883 1711 900 tenemur
1734 886 1759 901 ex
1785 880 1872 902 ratione

1306 915 1406 942 suscepti
1425 915 1542 943 beneficii,
1560 917 1632 939 divini
1658 919 1768 947 exempli,
1786 919 1871 941 aeterni

1306 954 1412 982 supplicii
1432 954 1475 976 437
1494 955 1508 977 b

1353 1005 1383 1009 —-
1401 994 1444 1021 Qui
1461 1000 1512 1016 eam
1531 1001 1575 1017 non
1595 995 1663 1017 habet
1680 997 1785 1025 acquiret
1803 998 1872 1019 111316-

1306 1032 1429 1055 dictionem
1448 1034 1492 1055 686
1510 1040 1522 1055 3
1540 1046 1570 1050 -
1589 1035 1611 1056 Si
1624 1041 1678 1062 erga
1695 1036 1813 1063 proximos
1826 1042 1871 1058 non

1306 1078 1387 1094 sumus
1400 1073 1569 1100 misericordes,
1580 1074 1639 1096 Deus
1648 1075 1792 1103 sententiam,
1802 1082 1872 1104 quam

1307 1117 1347 1138 per
1369 1112 1551 1134 misericordiam
1572 1113 1681 1140 dederat,
1701 1120 1741 1141 per
1764 1114 1872 1136 iustitiam

1306 1150 1425 1173 revocabit
1443 1151 1486 1173 348
1505 1157 1526 1173 3.
1544 1151 1589 1173 349
1611 1158 1622 1173 a
1641 1165 1670 1168 —
1693 1153 1871 1176 Misericordiam

1307 1189 1409 1212 divinam
1422 1197 1466 1212 non
1481 1191 1588 1218 impetrat
1600 1192 1642 1213 nisi
1660 1192 1699 1220 qui
1719 1192 1771 1214 facit
1788 1193 1874 1221 miseri-

1306 1229 1409 1252 cordiam
1423 1230 1468 1252 655
1480 1229 1493 1252 b
1502 1243 1532 1246 —
1543 1231 1623 1258 Magna
1636 1231 1738 1260 nequitia
1750 1235 1784 1254 est
1795 1235 1873 1260 petere

1306 1275 1318 1290 a
1338 1269 1384 1291 Deo
1402 1269 1488 1297 peccati
1507 1269 1689 1292 misericordiam
1704 1274 1726 1292 et
1743 1277 1793 1293 eam
1807 1271 1873 1293 dene·

1307 1314 1362 1335 gare
1375 1309 1437 1330 fratri
1455 1315 1497 1331 suo
1510 1309 1553 1331 436
1567 1316 1578 1331 a
1593 1322 1621 1325 ——
1634 1310 1813 1333 Misericordiam
1827 1317 1871 1333 non

1307 1348 1415 1370 facientes
1423 1349 1551 1376 spoliantur
1563 1349 1661 1376 gratuita
1675 1349 1805 1378 donatione,
1816 1350 1872 1372 vitu-

1306 1390 1417 1414 perantur
1440 1387 1517 1409 divina
1544 1388 1722 1415 redargutione,
1741 1389 1873 1411 cruciantur

1306 1429 1398 1448 aeterna
1424 1427 1573 1449 damnatione
1598 1427 1642 1449 348
1666 1427 1681 1450 b
1709 1440 1738 1444 -
1764 1428 1807 1451 lllis
1832 1429 1872 1457 qui

1306 1472 1351 1488 non
1364 1467 1465 1488 fecerunt
1482 1466 1626 1494 pauperibus
1640 1467 1822 1490 misericordiam
1835 1468 1873 1490 fiet

1307 1506 1417 1528 iudicium
1436 1506 1486 1527 sine
1503 1506 1661 1528 misericordia
1681 1507 1725 1529 366
1744 1506 1759 1529 b
1771 1520 1802 1523 —
1814 1508 1870 1530 Tota

1306 1545 1418 1567 iudicialis
1435 1545 1550 1567 discussio
1567 1548 1589 1567 ct
1605 1546 1716 1568 sententia
1736 1546 1818 1569 iudicis
1830 1547 1872 1569 erit

1305 1584 1435 1606 secundum
1453 1584 1553 1606 exhibita
1570 1587 1592 1607 et
1609 1591 1654 1607 non
1682 1585 1782 1607 exhibita
1800 1592 1870 1614 opera

1306 1623 1479 1646 misericordiae
1497 1624 1542 1646 349
1560 1630 1571 1646 a

1353 1675 1383 1679 -
1400 1663 1464 1685 ducit
1480 1663 1508 1685 ad
1526 1663 1690 1691 poenitentiam
1709 1664 1737 1686 28
1749 1670 1762 1686 a
1775 1677 1804 1680 —
1816 1670 1871 1692 erga

1306 1708 1422 1729 pauperes
1440 1702 1492 1724 facit
1510 1703 1582 1724 Deum
1600 1703 1727 1730 propitium
1745 1703 1790 1725 366
1809 1703 1823 1725 b
1841 1716 1871 1719 —

1306 1741 1381 1769 Opera
1404 1741 1577 1764 misericordiae
1602 1741 1699 1764 liberant
1724 1748 1736 1764 a
1762 1743 1873 1765 servitute

1306 1780 1393 1808 peccati
1412 1780 1456 1802 547
1475 1786 1487 1802 a
1505 1787 1537 1796 —‘
1552 1781 1646 1803 resolvit
1667 1781 1759 1803 vincula
1782 1783 1872 1810 culpae,

1306 1822 1441 1847 augmentat
1457 1820 1518 1842 dona
1536 1820 1635 1848 gratiae,
1653 1821 1759 1848 perducit
1771 1821 1801 1843 ad
1818 1827 1872 1849 gau·

1306 1859 1369 1881 dium
1388 1859 1449 1880 vitae
1466 1859 1510 1881 348
1529 1865 1554 1886 a,
1572 1859 1587 1881 b
1610 1871 1640 1876 -—
1663 1859 1756 1888 liberat,
1779 1860 1872 1887 exaltat,

1307 1898 1443 1920 honorificat
1468 1901 1490 1920 et
1515 1899 1628 1926 glorificat
1650 1899 1694 1921 578
1719 1898 1733 1921 h
1755 1912 1785 1915 —
1808 1900 1873 1921 Mise-

1305 1938 1418 1960 ricordiae
1436 1938 1530 1960 effectus
1546 1941 1581 1960 est
1598 1938 1719 1961 multitudo
1737 1939 1873 1961 meritorum

1306 1978 1351 2000 656
1370 1983 1382 1999 a
1405 1990 1435 1994 ·-
1457 1977 1514 1999 ditat
1537 1977 1557 1999 in
1584 1976 1651 2000 bonis
1676 1977 1834 2006 spiritualibus
1851 1981 1873 2000 et

1307 2016 1474 2045 temporalibus
1497 2016 1541 2038 348
1562 2016 1577 2038 b
1599 2029 1629 2032 —-
1646 2023 1689 2039 nos
1707 2017 1759 2039 facit
1775 2020 1872 2040 matrem

1306 2056 1390 2079 Christi
1407 2056 1452 2077 213
1470 2062 1483 2078 a
1505 2068 1536 2072 —
1556 2056 1599 2084 Qui
1617 2057 1666 2078 vult
1683 2057 1770 2084 suscipi
1787 2057 1815 2079 ad
1834 2057 1873 2078 mi-

1306 2096 1455 2118 sericordiam
1473 2095 1655 2124 condonantem⁷
1674 2099 1834 2124 protegentem
1851 2099 1873 2118 et

1306 2135 1454 2162 liberantem,
1473 2134 1543 2157 debet
1560 2134 1646 2156 habere
1668 2135 1780 2163 triplicem
1801 2135 1874 2157 humi·

1305 2174 1390 2196 litatem
1409 2174 1453 2195 578
1471 2180 1492 2201 a,
1510 2173 1525 2195 b

1353 2213 1416 2235 Miris
1434 2226 1461 2229 —
1481 2216 1515 2235 est
1532 2214 1602 2235 homo
1620 2220 1661 2241 per
1673 2214 1781 2236 affectum
1793 2215 1873 2236 frater-

1305 2252 1381 2274 nitatis
1398 2252 1442 2274 594
1461 2259 1473 2274 3
1491 2265 1520 2268 -
1538 2256 1573 2274 est
1590 2258 1660 2281 quem
1678 2253 1711 2274 ira
1737 2253 1773 2275 rel
1790 2259 1873 2275 rancor

1306 2297 1351 2313 non
1376 2291 1445 2313 afficit
1468 2297 1509 2313 nec
1535 2292 1647 2319 asperitas
1672 2298 1713 2313 seu
1739 2292 1871 2314 amaritudo

1304 2329 1333 2353 ib.
1346 2329 1361 2352 b
1379 2342 1409 2346 —
1426 2330 1526 2352 maxime
1543 2330 1647 2358 dispositi
1664 2332 1717 2353 sunt
1732 2330 1761 2353 ad
1774 2331 1871 2358 gratiam

1304 2370 1503 2397 contemplationis
1521 2369 1565 2392 303
1583 2376 1595 2391 a

1352 2409 1413 2431 Mein
1429 2421 1460 2425 —
1477 2409 1519 2431 Per
1536 2407 1602 2431 Moab
1628 2409 1786 2437 intelliguntur
1809 2410 1873 2431 volu-

1305 2448 1381 2476 ptuosi
1400 2448 1444 2469 150
1461 2447 1477 2470 b
1493 2460 1524 2464 —
1543 2448 1616 2470 Duces
1633 2448 1699 2470 Moab
1714 2451 1767 2470 sunt
1780 2448 1872 2471 daemo-

1304 2493 1345 2509 nes
1362 2487 1398 2509 vel
1416 2490 1508 2514 peccata
1526 2487 1631 2515 capitalia
1650 2486 1702 2509 ibid.

1353 2527 1463 2549 Monesrnt
1481 2538 1511 2543 —-
1529 2529 1563 2548 est
1579 2526 1697 2548 rationalis
1714 2530 1735 2549 et
1752 2526 1872 2549 ordinatus

1305 2566 1390 2588 modus
1408 2565 1501 2588 vivendi
1528 2566 1556 2587 69
1575 2565 1590 2587 1)
1606 2577 1637 2581 —-
1659 2572 1712 2587 vera
1731 2566 1833 2588 consistit
1850 2566 1872 2588 in

1305 2605 1432 2627 humilitate
1449 2608 1471 2627 et
1488 2604 1573 2632 pietate
1590 2605 1759 2632 intellectuum,
1777 2605 1872 2627 militate

1305 2647 1328 2666 et
1344 2644 1459 2672 paucitate
1476 2650 1622 2671 sermonum,
1640 2644 1731 2666 lenitate
1748 2644 1872 2672 611611ςὶ0-

1306 2684 1371 2706 sitate
1401 2689 1493 2705 morum
1506 2701 1511 2711 ,
1542 2683 1681 2705 discretione
1709 2686 1731 2705 et
1758 2683 1872 2706 suavitate

1307 2723 1437 2750 actionum,
1455 2722 1597 2750 benignitate
1614 2725 1635 2744 et
1659 2721 1773 2750 probitate
1790 2723 1872 2744 exhor-

1306 2762 1416 2785 tationum
1444 2761 1497 2784 ibid.
1514 2762 1543 2783 70
1561 2768 1573 2783 a
1591 2774 1622 2778 —
1638 2761 1708 2783 debet
1725 2767 1776 2783 esse
1793 2761 1871 2789 quoad

1306 2808 1333 2823 ea
1350 2807 1411 2830 quae
1436 2805 1490 2823 sunt
1512 2800 1628 2828 corporis,
1646 2800 1705 2827 oris,
1723 2800 1812 2829 oper1s,
1830 2801 1870 2822 ho-

1307 2841 1374 2862 minis
1396 2840 1511 2862 interioris
1536 2840 1580 2861 567
1604 2839 1619 2861 l)
1643 2852 1674 2856 —
1700 2840 1728 2861 sit
1752 2840 1776 2861 in
1801 2846 1871 2868 opere

1306 2883 1328 2902 et
1345 2879 1366 2901 in
1384 2885 1504 2906 sermone,
1527 2879 1548 2900 in
1571 2878 1641 2901 corde
1664 2882 1686 2901 et
1709 2879 1730 2901 in
1752 2879 1872 2901 affectione

1306 2920 1347 2941 681
1369 2925 1381 2940 a

1353 2958 1456 2980 Monetas
1473 2971 1501 2974 -
1520 2958 1637 2987 Quidquid
1656 2958 1775 2986 proiicitur
1787 2958 1809 2980 in
1823 2965 1872 2981 1110-

1306 2999 1386 3021 dulum
1404 2999 1478 3021 induit
1495 2998 1544 3020 eius
1562 2999 1660 3020 formam
1679 2999 1723 3021 ι129
1741 2998 1756 3021 b
