2269 3448
394 182 447 210 178

645 219 693 242 VlR

391 261 496 283 timorem
507 259 599 282 10111.-
608 258 736 281 Virtutibus
745 259 900 281 cardinalibus
910 264 958 286 per⁴

391 300 465 322 ficitur
482 301 552 322 homo
571 298 664 321 interior
677 298 722 320 604
734 304 746 320 a
759 311 789 315 —
803 298 917 320 reducunt
929 298 957 320 ad

391 340 477 367 Deum,
496 339 518 361 in
536 341 648 367 quantum
667 341 720 360 sunt
737 337 855 366 politicae,
874 343 959 365 purga-

391 379 461 401 toriae
479 381 501 400 et
518 378 588 400 animi
607 378 650 399 iam
670 377 762 405 purgati
780 376 834 399 ibid.

437 430 467 434 —
486 417 662 440 Exercitationes
674 416 786 439 virtutum
801 416 958 444 contemplati-

391 463 473 480 varum
491 461 513 479 et
530 457 659 479 antivarum
672 456 808 478 coniunctae
820 458 874 478 sunt
888 456 933 477 639
945 461 957 477 a

390 510 421 513 —
439 497 504 519 Prius
521 499 555 519 est
572 495 702 518 exercitatio
720 495 847 517 activorum
862 494 915 517 ibid.
928 506 958 510 —

390 536 526 559 Coniunctio
551 536 662 558 virtutum
685 534 919 562 contemplativarum
937 537 958 555 et

390 576 564 604 operativaruni
588 575 613 597 fit
636 581 677 602 per
695 575 812 596 caritatem
832 574 876 595 638
896 573 910 595 b
927 584 958 589 —

391 616 508 637 Virtutum
530 615 659 637 activorum
683 617 705 635 ct
726 613 957 640 contemplativarum

390 655 456 682 origo
474 657 508 677 est
525 654 608 676 caritas
624 652 679 676 ibid.
698 665 725 668 —ffl
745 653 861 674 Virtutum
879 657 959 679 opera-

391 694 491 716 tivarum
510 693 650 722 principium
669 696 703 714 est
720 692 847 714 hierarchia
865 690 959 713 subcae-

391 734 453 756 lestis
471 734 515 755 639
536 733 550 755 b
568 745 597 749 --
616 732 729 760 incipiens
747 731 776 753 ab
799 731 873 753 activa
896 730 959 752 venit

391 773 419 796 ad
433 772 637 800 contemplativam
650 770 705 794 ibid.
716 784 743 786 —
756 771 870 798 incipiens
882 776 894 791 a
907 776 959 792 con-

392 812 525 840 templativa
543 811 613 833 debet
629 811 706 833 redire
724 810 752 832 ad
771 810 870 832 activam
889 809 933 831 640
946 815 958 830 a

391 864 422 868 —
440 852 529 873 activae
546 854 568 872 et
591 850 785 877 contemplativae
808 848 959 877 pei-ficiuntur

391 897 433 919 per
442 890 636 918 expugnationem
650 889 799 912 tentationum
812 891 834 910 et
846 894 887 916 per
899 894 959 910 exer-

391 930 522 952 citationem
540 930 586 951 638
604 929 626 951 b.
649 929 693 951 639
712 935 723 950 a
750 941 781 945 —
803 927 960 956 speculativae

391 969 557 992 transcendunt
573 969 661 991 activas
678 968 722 990 638
741 974 753 990 a
771 980 802 984 —
819 967 960 994 contempla-

391 1009 452 1031 tivae
469 1012 522 1031 sunt
539 1008 561 1030 in
580 1008 707 1030 hierarchia
725 1007 816 1029 caelesti
835 1007 879 1028 639
897 1005 912 1028 6

438 1060 469 1064 -
487 1048 521 1070 Ad
541 1048 647 1070 virtutem
666 1047 796 1069 necessaria
819 1050 872 1068 sunt
888 1045 959 1072 scire,

392 1088 450 1110 velle
468 1091 489 1109 et
508 1086 824 1115 impermutabiliteroperari
842 1085 887 1107 356
905 1091 917 1106 3
930 1097 960 1101 --

392 1128 445 1149 Eius
463 1127 594 1149 exercitatio
612 1126 636 1148 fit
653 1132 694 1154 per
716 1126 830 1153 vigorem,
848 1125 960 1151 nitorem,

392 1172 496 1189 amorem
515 1165 569 1189 ibid.
586 1177 616 1182 —
634 1169 668 1188 est
684 1166 793 1193 perfecta,
806 1165 824 1187 si
842 1163 961 1192 prosequi-

394 1209 430 1228 tur
448 1206 514 1233 iusta,
532 1205 617 1233 refugit
639 1205 719 1227 suavia
746 1207 767 1226 et
784 1204 880 1226 sustinet
902 1203 960 1225 dura

395 1246 438 1268 160
457 1252 469 1267 3
487 1258 518 1262 -
537 1245 631 1267 Virtutis
649 1244 759 1272 perfectio
782 1243 879 1272 requirit
901 1242 961 1271 puri-

394 1288 472 1313 tatem,
490 1285 600 1312 rigorem,
613 1284 773 1311 humilitatem,
784 1283 902 1305 caritatem
916 1282 960 1304 529

394 1324 408 1347 6
425 1337 456 1341 --
474 1324 585 1346 Perfectio
597 1323 689 1346 virtutis
700 1322 803 1345 consistit
814 1322 835 1344 in
854 1321 961 1349 eligendo

392 1363 544 1390 laudabiliter,
567 1362 731 1392 prosequendo
759 1361 861 1388 viriliter,
887 1367 961 1389 perse-

392 1403 496 1425 verando
513 1403 623 1425 stabiliter
641 1403 686 1424 562
705 1401 719 1424 6

440 1455 470 1458 -
488 1442 592 1465 Christus
604 1442 708 1464 medium
722 1442 794 1464 tenuit
807 1442 828 1463 in
847 1441 910 1463 omni
925 1447 962 1468 ge-

392 1488 447 1504 nere
465 1482 556 1504 virtutis
574 1482 603 1504 57
622 1481 636 1503 6

439 1534 469 1537 -
488 1521 646 1543 manifestatur
658 1527 700 1549 per
717 1520 875 1548 operationem
890 1520 934 1542 482
946 1519 961 1542 6

392 1573 423 1577 -
440 1560 590 1583 Manifestatio
608 1560 700 1582 virtutis
717 1564 751 1582 est
777 1560 798 1582 111
817 1560 961 1582 assecutione

395 1600 505 1628 triumphi
523 1600 563 1622 501
587 1599 601 1622 6

443 1652 470 1656 -
490 1640 550 1662 Multi
568 1641 621 1662 sunt
642 1639 731 1662 debiles
752 1639 781 1661 ad
803 1639 899 1661 virtutes
917 1638 960 1661 482

395 1685 407 1701 3
424 1691 454 1695 -
473 1679 576 1701 Virtutes
592 1679 689 1707 adipisci
707 1685 752 1700 non
776 1685 901 1706 possumus
919 1678 961 1700 nisi

394 1718 496 1741 virtuose
514 1719 606 1746 agendo
619 1718 664 1740 639
676 1724 688 1740 3
701 1730 732 1735 —
745 1718 859 1740 Volumus
876 1717 961 1740 habere

393 1758 502 1780 virtutem
520 1761 542 1780 et
559 1759 667 1780 nolumus
685 1758 732 1785 pati
750 1757 803 1780 ibid.

441 1810 471 1814 —
489 1798 538 1820 Non
557 1800 591 1820 est
613 1803 667 1819 vera
690 1798 764 1819 virtus
788 1797 838 1819 sine
861 1797 962 1819 incarna-

395 1837 456 1859 tione
469 1836 540 1858 Verbi
558 1839 579 1858 et
596 1836 723 1864 spiratione
740 1837 839 1864 Spiritus
852 1836 874 1858 S.
892 1835 961 1858 6396

394 1889 425 1892 —
443 1876 526 1898 Virtuti
553 1882 598 1898 non
624 1876 831 1903 compaginamur,
855 1875 897 1897 nisi
921 1881 963 1903 per

395 1915 465 1937 fidem
483 1918 505 1937 et
524 1921 627 1937 amorem
645 1915 839 1943 compaginemur
855 1914 963 1942 sanguini

395 1954 476 1977 Christi
496 1955 540 1976 260
556 1954 570 1976 6
588 1967 617 1971 —
635 1954 657 1976 ln
674 1953 800 1976 virtutibus
819 1960 861 1976 nos
881 1954 963 1976 exerci-

396 1996 443 2016 tare
461 1993 575 2016 debemus
590 2000 631 2022 per
649 1993 821 2016 meditationem
840 1993 922 2016 Christi
941 1994 962 2016 in

395 2039 464 2055 cruce
482 2034 526 2055 639
545 2033 560 2055 b

444 2085 474 2089 —
492 2073 514 2094 Si
532 2073 667 2101 quaerimus
679 2072 805 2094 efficaciam
817 2073 915 2099 virtutis,
927 2078 963 2094 re-

396 2118 489 2134 currere
507 2111 621 2133 debemus
639 2111 668 2133 ad
687 2112 771 2133 fontem
785 2111 877 2134 virtutis
893 2112 937 2134 317
950 2117 961 2133 a

397 2164 426 2167 —
444 2151 503 2173 nulla
521 2154 555 2173 est
577 2151 777 2178 superaedificatio
795 2151 898 2179 virtutis⁷
921 2151 963 2173 nisi

396 2189 556 2213 substernatur
568 2190 652 2212 veritas
664 2190 774 2212 credendi
790 2190 835 2212 652
847 2197 859 2212 3
872 2203 902 2207 -
914 2190 964 2213 sine

396 2229 489 2252 caritate
506 2232 559 2252 snut
577 2230 686 2252 informes
704 2229 749 2251 419
767 2229 782 2251 6

444 2281 476 2286 —
493 2268 589 2291 Habitus
607 2269 718 2291 virtutum
737 2269 850 2291 habentur
862 2276 904 2297 per
922 2270 964 2292 fre-

397 2309 569 2337 quentationem
589 2309 633 2330 638
651 2315 663 2330 3
689 2321 720 2325 -
743 2309 909 2331 incrementum
928 2310 964 2331 ha·

398 2347 453 2370 bent
470 2355 495 2370 ex
514 2348 635 2370 dilectione
654 2349 693 2370 181
713 2348 728 2370 6
745 2361 776 2365 -
792 2349 875 2371 crescit
892 2349 915 2371 in
933 2348 965 2370 vi-

398 2387 489 2414 tuperio
507 2388 551 2409 578
571 2393 583 2409 a
601 2400 630 2404 —
649 2388 779 2410 Similitudo
797 2387 852 2410 ibid.
871 2400 901 2404 —-
917 2389 965 2410 fun-

397 2426 464 2448 datae
476 2426 499 2448 in
509 2426 598 2449 Christo
611 2433 655 2449 non
667 2430 737 2449 ruunt
749 2433 790 2454 per
801 2427 965 2454 carnalitatem,

398 2466 478 2488 mundi
496 2465 662 2488 oblectamenta
676 2467 710 2488 vel
723 2466 866 2489 daemonum
884 2467 966 2494 impul-

398 2505 487 2527 sionem
501 2506 545 2527 238
558 2512 570 2527 3
588 2518 618 2522 -
635 2508 688 2528 sunt
705 2506 869 2528 custodiendae
881 2506 902 2528 in
915 2512 967 2528 con-

398 2544 491 2566 scicntia
511 2548 533 2567 et
550 2545 620 2568 corde
638 2546 733 2573 proprio
752 2545 796 2567 475
815 2544 829 2567 b

447 2596 474 2600 —
494 2584 600 2607 inchoata
617 2591 663 2607 non
676 2585 778 2612 prodest,
793 2585 835 2607 nisi
853 2584 881 2607 ad
896 2584 965 2606 finem

400 2623 540 2650 perducatur
559 2623 603 2646 457
621 2630 641 2650 a,
654 2623 669 2646 b
688 2637 716 2639 —
730 2624 842 2646 Virtutem
856 2624 967 2646 inchoans

399 2663 517 2690 quendam
536 2663 556 2685 in
577 2669 601 2685 se
622 2663 730 2685 bonitatis
751 2664 850 2685 fructum
872 2664 966 2689 format,

399 2701 439 2723 sed
458 2701 569 2729 incipiens
586 2705 608 2724 et
626 2702 735 2724 deserens
746 2702 809 2724 velut
825 2703 910 2724 fructus
928 2702 967 2723 im-

400 2743 504 2763 maturus
521 2745 573 2763 ante
592 2745 683 2769 tempus
701 2741 762 2763 cadit
779 2740 808 2764 ib.
827 2740 841 2762 b

447 2793 477 2796 —-
495 2781 517 2802 Si
531 2781 664 2809 indigemus
676 2780 807 2807 virtutibus,
824 2782 892 2808 longe
905 2786 917 2802 a
930 2786 967 2802 no·

402 2819 436 2841 bis
453 2822 506 2842 sunt
525 2821 568 2842 139
587 2826 598 2842 3
616 2832 646 2836 -
664 2821 759 2843 Summa
777 2820 869 2842 stultitia
887 2822 921 2842 est
938 2819 967 2842 de

401 2859 485 2881 virtute
497 2860 571 2881 facere
583 2861 702 2887 peccatum
716 2862 738 2881 ct
750 2859 830 2881 vitium
848 2860 889 2881 189
905 2859 919 2881 b
937 2871 967 2876 —-

402 2898 509 2920 laudibus
527 2899 623 2921 aliorum
642 2899 772 2921 redduntur
795 2899 874 2921 inanes
892 2899 936 2921 639
954 2904 966 2920 3

402 2950 431 2952 -
450 2938 521 2959 Nemo
540 2937 627 2960 laboret
644 2938 673 2960 ad
691 2938 788 2960 virtutes
805 2941 900 2966 propter
923 2939 967 2960 lau-

403 2976 443 2998 des
460 2976 515 2998 ibid.
534 2989 565 2992 —
574 2980 663 3004 septem
676 2977 813 2999 ochduntur
826 2984 866 3005 per
878 2980 967 3005 septem

993 258 1046 280 vitia
1065 258 1170 286 capitalia
1188 258 1228 280 511
1252 257 1272 280 b.
1291 258 1332 280 561
1355 257 1370 280 6
1387 258 1451 280 —in
1464 258 1561 280 elatione

992 297 1085 319 eliditur
1104 297 1147 319 158
1166 296 1181 319 6

1039 349 1069 353 -
1088 337 1111 358 111
1122 336 1207 359 virtute
1218 336 1315 364 probata
1328 337 1375 359 Deo
1388 337 1561 364 complacemus

992 375 1037 398 576
1050 380 1062 398 a
1079 388 1110 392 —
1123 376 1164 398 Per
1181 382 1220 398 cas
1236 375 1367 398 levabiinur
1378 382 1471 398 sursum
1490 375 1535 397 640
1547 382 1559 397 a

992 427 1022 431 —
1041 416 1069 438 Ex
1089 414 1147 437 bona
1166 416 1252 437 virtute
1270 415 1374 442 procedit
1398 414 1458 437 bona
1482 420 1561 442 opera-

993 454 1037 481 ti0;
1056 460 1082 476 ex
1101 454 1207 482 mirabili,
1225 453 1337 476 mirabilis
1355 454 1399 476 482
1417 453 1432 476 b
1449 467 1480 470 —
1502 454 1561 482 facit,

993 500 1044 516 esse
1062 494 1134 516 facilia
1152 500 1213 522 quae
1232 494 1317 516 iudicat
1328 494 1382 522 quis
1399 499 1449 516 esse
1462 491 1560 515 difficilia

994 533 1039 555 562
1066 533 1081 554 b
1107 546 1136 548 —
1162 533 1289 561 Dii-iginius
1315 533 1377 554 viam
1405 532 1494 554 Domini
1520 539 1561 560 per

992 575 1091 601 quatuor
1103 573 1209 594 exercitia
1222 572 1333 594 virtutum
1346 572 1374 593 68
1389 572 1411 594 6.
1429 573 1457 593 69
1470 578 1483 594 3
1498 584 1526 587 —
1539 575 1562 594 et

992 612 1080 639 gratiae
1096 614 1150 634 sunt
1166 617 1230 633 arma
1243 614 1321 633 contra
1334 617 1428 633 carnem
1446 612 1486 633 108
1505 610 1519 633 b
1531 623 1561 627 —

993 650 1123 673 Virtutibus
1140 651 1306 678 impugnantur
1324 650 1378 672 vitia
1398 650 1441 673 415
1460 650 1474 672 b

1041 690 1154 712 Vin‘rUths
1166 690 1224 718 (scil.
1237 690 1299 712 Ordo
1312 690 1462 718 Angelorum)
1475 702 1506 706 —
1520 692 1562 711 sta-

993 729 1076 751 biliunt
1087 729 1109 751 in
1123 729 1207 751 intimis
1218 732 1240 751 et
1251 729 1335 751 sanctis
1346 729 1471 756 propositis
1483 729 1528 751 623
1538 728 1562 750 6.

993 768 1038 790 624
1050 775 1061 790 3
1076 781 1104 784 —
1124 769 1208 791 faciunt
1226 775 1306 797 pacem
1325 774 1378 790 cum
1397 768 1499 790 interiori
1517 768 1561 790 623

993 807 1008 830 6
1025 820 1056 824 -
1073 814 1115 830 1105
1133 810 1272 836 promovent
1289 808 1311 830 in
1330 808 1410 830 mundi
1426 810 1561 836 contemptu

993 848 1038 870 619
1051 847 1066 870 b
1082 860 1113 864 —
1131 848 1214 869 Earum
1232 851 1266 870 est
1284 847 1393 876 prosequi
1411 850 1433 869 et
1450 847 1562 875 perficere

994 887 1034 909 611
1057 886 1072 909 6
1092 900 1119 902 -
1137 888 1221 909 Ε31·11111
1239 891 1273 909 651
1290 887 1383 915 exsequi
1401 887 1447 908 613
1465 892 1477 908 a

1043 926 1144 949 Visnntis
1159 939 1190 943 —
1208 927 1249 949 Per
1266 926 1363 949 visibilia
1381 926 1516 948 reducimur
1532 925 1562 947 ad

994 965 1117 988 invisibilia
1134 966 1175 988 3l¹i
1197 972 1217 988 a.
1236 966 1280 988 398
1298 972 1309 987 a

1042 1005 1103 1027 Visto
1121 1017 1150 1021 —
1169 1005 1202 1027 Ad
1226 1005 1341 1028 visionem
1360 1005 1495 1032 pervenitur
1521 1011 1562 1033 per

994 1050 1032 1067 sex
1050 1045 1138 1072 gradus
1154 1045 1183 1066 79
1201 1051 1213 1067 a

1040 1097 1071 1100 —
1089 1085 1150 1106 Deus
1167 1084 1259 1106 videtur
1277 1084 1298 1106 in
1317 1084 1398 1106 mundi
1413 1087 1526 1112 creatura,
1539 1084 1560 1106 in

994 1126 1073 1145 natura
1092 1126 1203 1150 assumta,
1221 1124 1242 1146 in
1260 1125 1361 1146 humana
1378 1124 1525 1149 conscientia,
1538 1123 1560 1145 in

995 1170 1035 1186 sua
1054 1164 1153 1186 essentia
1177 1164 1205 1185 83
1224 1170 1244 1191 a,
1262 1163 1277 1185 b
1295 1176 1324 1179 —-
1350 1164 1371 1185 ln
1389 1166 1448 1185 statu
1475 1163 1561 1191 gloriae

995 1203 1056 1225 Deus
1072 1203 1166 1225 videtur
1183 1203 1326 1230 immediate,
1343 1203 1364 1224 in
1382 1205 1441 1225 statu
1455 1202 1561 1225 miseriae

995 1243 1111 1265 mediante
1129 1243 1223 1270 speculo
1242 1243 1286 1264 399
1305 1248 1317 1264 a
1337 1255 1365 1257 —
1383 1242 1460 1270 Quare
1477 1242 1513 1264 hic
1531 1242 1562 1263 vi-

995 1282 1093 1304 deamus
1111 1288 1151 1309 per
1167 1282 1289 1310 speculum
1301 1282 1323 1303 in
1341 1281 1471 1309 aenigmate
1491 1281 1535 1303 105
1548 1280 1562 1303 b

994 1333 1025 1337 —
1043 1321 1078 1343 Ad
1095 1321 1208 1343 visionem
1227 1321 1267 1343 Dei
1280 1321 1301 1343 in
1320 1320 1459 1343 conscientia
1473 1326 1562 1342 1101150-

996 1362 1043 1383 lum
1069 1361 1195 1389 requiritur
1221 1361 1329 1388 purgatio
1354 1366 1366 1382 a
1389 1363 1497 1388 peccato,
1521 1360 1561 1382 sed

995 1401 1064 1423 etiam
1082 1400 1207 1423 abstractio
1217 1399 1246 1422 ab
1259 1406 1339 1422 amore
1350 1399 1469 1422 mundano
1482 1400 1527 1421 290
1539 1399 1561 1421 b.

996 1440 1036 1462 291
1058 1446 1070 1462 3
1088 1452 1118 1456 -
1136 1440 1197 1462 Haec
1214 1439 1273 1462 visio
1286 1439 1401 1462 desiderio
1414 1439 1449 1461 sui
1468 1445 1561 1461 omnem

995 1479 1096 1502 animam
1117 1479 1177 1507 rapit
1195 1479 1235 1501 291
1258 1485 1270 1500 3
1288 1491 1317 1494 —
1335 1478 1417 1501 Christi
1441 1479 1463 1500 in
1487 1478 1524 1500 via
1541 1481 1563 1501 et

996 1519 1017 1541 in
1036 1520 1109 1547 patria
1133 1519 1239 1546 producit
1258 1521 1358 1547 quatuor
1375 1519 1470 1540 effectus
1492 1519 1520 1540 83
1540 1518 1562 1540 b.

996 1559 1026 1581 84
1044 1565 1056 1581 a

1043 1611 1073 1614 —
1092 1598 1171 1620 divina
1189 1601 1223 1620 est
1248 1603 1350 1624 merces,
1367 1603 1428 1626 quae
1450 1597 1562 1625 operariis

996 1638 1109 1665 redditur,
1121 1644 1167 1660 non
1180 1638 1287 1665 donatur,
1299 1637 1351 1659 licet
1368 1637 1397 1659 sit
1413 1637 1467 1659 citra
1486 1636 1563 1659 condi-

995 1684 1068 1705 gnum
1088 1677 1132 1699 196
1150 1683 1161 1699 3
1180 1689 1210 1693 -—·
1227 1679 1262 1699 esi.
1279 1680 1324 1699 tota
1347 1682 1437 1698 merces
1454 1679 1476 1698 et
1493 1676 1562 1698 beati-

996 1717 1052 1739 tudo
1071 1717 1114 1739 105
1133 1716 1147 1738 6
1166 1729 1193 1732 -
1212 1717 1235 1739 111
1252 1717 1342 1738 visione
1359 1719 1393 1738 est
1410 1718 1455 1738 tota
1475 1721 1563 1738 merces

997 1757 1040 1778 108
1064 1756 1088 1778 b.
1110 1756 1155 1778 535
1181 1756 1196 1778 b
1219 1769 1249 1772 -
1275 1755 1380 1778 beatifica
1406 1760 1441 1777 est
1457 1758 1562 1782 aeterna,

996 1796 1056 1818 nullo
1074 1796 1144 1818 niodo
1162 1796 1268 1818 intercisa
1287 1796 1332 1817 623
1349 1801 1361 1817 3

1043 1848 1073 1852 --
1091 1835 1190 1863 Spiritus
1208 1836 1230 1858 S.
1248 1835 1361 1858 illuminat
1385 1835 1464 1857 oculos
1482 1835 1511 1857 ad
1530 1834 1562 1857 vi-

995 1875 1098 1898 dendum
1116 1876 1193 1898 omnia
1210 1876 1233 1898 in
1253 1876 1299 1898 Deo
1317 1875 1361 1897 629
1384 1875 1399 1897 6
1416 1888 1445 1891 -—
1464 1875 1562 1904 Quando

995 1916 1077 1937 oculus
1093 1915 1251 1937 intellectualis
1268 1915 1363 1943 pervius
1375 1915 1425 1937 luce
1437 1915 1516 1937 divina
1528 1921 1562 1937 re-

996 1954 1083 1982 pletur,
1101 1954 1198 1976 efficitur
1216 1954 1335 1976 deiformis
1348 1954 1392 1976 616
1406 1961 1417 1976 3
1430 1967 1461 1970 -
1472 1954 1562 1981 Α1111113,

996 2000 1056 2022 quae
1080 1994 1152 2015 Deum
1178 1994 1243 2016 videt
1267 1994 1379 2021 perfecte,
1405 1994 1563 2021 configuratur

997 2033 1040 2060 ipsi
1058 2035 1080 2054 et
1097 2033 1174 2060 ipsum
1192 2032 1299 2055 continue
1316 2033 1416 2055 intuetur
1434 2033 1478 2054 623
1497 2039 1509 2054 a

1045 2085 1071 2087 —
1091 2072 1162 2094 Oculo
1188 2072 1218 2094 ad
1239 2072 1331 2094 oculum
1359 2072 1438 2094 videre
1463 2075 1497 2094 est
1513 2078 1563 2099 gra-

998 2111 1056 2133 tioso
1073 2114 1167 2139 aspectu
1186 2112 1291 2139 aspicere
1308 2114 1330 2134 et
1347 2111 1419 2139 aspici
1437 2112 1461 2133 81
1484 2111 1500 2133 6

1045 2163 1075 2167 -
1092 2154 1127 2173 651
1149 2151 1198 2173 51116
1224 2150 1303 2173 labore
1326 2155 1347 2173 et
1368 2157 1446 2173 errore
1471 2153 1563 2173 etcum

998 2190 1149 2213 delectatione
1166 2190 1210 2212 409
1229 2196 1241 2212 a
1257 2203 1288 2206 —
1306 2191 1330 2212 ln
1342 2191 1431 2212 visione
1443 2190 1563 2212 veritatem

998 2230 1047 2252 sine
1064 2230 1106 2252 ulla
1126 2230 1258 2252 difficultate
1278 2229 1411 2252 videbimus
1428 2236 1502 2258 eaque
1520 2230 1565 2252 cla-

998 2269 1088 2291 rissima
1114 2274 1136 2291 et
1159 2269 1286 2292 certissima
1310 2270 1457 2297 perfruemur
1482 2269 1523 2291 105
1542 2268 1565 2291 b.

1000 2309 1044 2331 313
1062 2308 1077 2330 b
1094 2321 1125 2325 ——
1143 2309 1164 2331 ln
1189 2309 1278 2331 visione
1296 2315 1340 2331 non
1366 2309 1453 2337 aliquid
1471 2315 1565 2337 quaere-

999 2354 1052 2371 mus
1068 2348 1239 2375 ratiocinando,
1257 2348 1298 2371 sed
1321 2354 1444 2370 cernemus
1466 2351 1565 2370 contem-

1001 2388 1086 2415 plando
1103 2387 1158 2410 ibid.
1185 2400 1215 2404 —
1238 2388 1259 2409 ln
1283 2388 1372 2410 visione
1389 2387 1411 2409 in
1429 2387 1500 2415 patria
1520 2394 1565 2409 non

1000 2430 1075 2455 potest
1093 2427 1231 2449 intervenire
1248 2433 1312 2449 error
1329 2427 1388 2449 sicut
1406 2427 1427 2448 in
1445 2426 1516 2449 modo
1534 2427 1566 2448 vi-
1582 2453 1583 2462 ἵ

999 2466 1069 2488 dendi
1086 2466 1110 2488 in
1129 2466 1165 2488 via
1184 2466 1229 2488 313
1248 2466 1262 2488 b
1280 2479 1308 2482 —-
1328 2467 1403 2494 Quare
1429 2472 1476 2488 non
1493 2466 1566 2493 possit

999 2512 1050 2528 esse
1067 2512 1131 2528 error
1148 2505 1169 2527 in
1188 2506 1277 2528 visione
1295 2505 1360 2528 beata
1379 2506 1407 2527 26
1426 2511 1439 2527 3

1047 2557 1077 2561 —
1096 2545 1135 2567 Dei
1162 2544 1276 2567 beatificat
1299 2544 1423 2572 purgando
1449 2550 1565 2572 errorem,

1001 2584 1102 2612 fugando
1128 2584 1247 2611 dolorem,
1275 2583 1420 2606 terminando
1448 2583 1565 2611 laborem,

1000 2623 1136 2645 evacuando
1153 2623 1259 2645 timorem
1280 2623 1322 2645 105
1340 2622 1362 2645 b.
1382 2623 1425 2645 106
1439 2629 1451 2644 3
1465 2635 1494 2638 -
1507 2623 1566 2650 Quo-

1002 2663 1071 2685 modo
1088 2663 1118 2685 ad
1136 2664 1192 2685 haec
1209 2662 1362 2690 disponamur
1379 2661 1432 2685 ibid.
1444 2674 1475 2678 —
1487 2662 1565 2684 divina
1582 2672 1583 2675 =

1000 2703 1105 2724 dulcorat
1131 2705 1240 2730 gustum,
1265 2702 1323 2724 ditat
1347 2704 1369 2723 et
1392 2703 1489 2723 honorat
1514 2707 1566 2729 pro-

1001 2742 1077 2769 prium
1095 2741 1225 2764 subiectum
1243 2744 1265 2763 et
1282 2741 1379 2763 delectat
1396 2741 1472 2763 visum
1486 2741 1530 2763 197
1543 2739 1565 2762 b.

1002 2781 1045 2803 '198
1064 2787 1075 2802 a
1093 2793 1124 2797 —
1147 2781 1225 2803 divina
1243 2781 1303 2808 rapit
1326 2781 1428 2802 animam
1451 2780 1566 2803 desiderio

1001 2820 1099 2847 amoris,
1126 2823 1150 2842 ut
1176 2820 1277 2848 gaudeat
1301 2820 1395 2842 interius
1420 2822 1442 2841 et
1467 2819 1567 2842 exterius

1002 2860 1047 2882 195
1065 2866 1077 2881 3
1102 2872 1132 2876 -
1150 2859 1245 2882 Maxima
1272 2859 1314 2881 erit
1339 2859 1449 2886 dulcedo,
1472 2858 1566 2886 quando

1001 2899 1077 2921 anima
1097 2899 1193 2921 totaliter
1210 2898 1348 2921 absorbetur
1365 2899 1387 2920 111
1400 2899 1483 2927 pelago
1502 2897 1567 2920 felici-

1002 2939 1052 2961 tatis
1078 2938 1178 2960 infinitae
1202 2939 1242 2960 291
1270 2937 1284 2960 6
1302 2951 1330 2954 ——
1350 2938 1389 2960 Dei
1412 2938 1512 2959 animani
1531 2937 1567 2959 sui

1002 2978 1116 3000 desiderio
1142 2978 1163 2999 in
1190 2978 1239 3000 eius
1263 2977 1473 3005 concupiscentiam
1499 2977 1567 2999 trahit

939 180 1037 208 INDEX
1059 179 1301 209 ALPHABETICUS
1322 179 1400 208 NONt
1424 180 1612 208 VOLUMtNtS.

1860 220 1908 242 VlT

1595 257 1639 279 409
1657 264 1669 279 3
1688 269 1718 274 -
1735 258 1796 285 rapit
1816 258 1906 281 animas
1929 262 1975 280 toto
1998 259 2114 281 desiderio
2132 259 2161 281 ad

1595 297 1668 318 Deum
1688 297 1731 318 198
1752 296 1766 318 b

1643 348 1670 351 -η
1690 342 1736 358 non
1759 339 1854 363 generat
1879 337 2009 363 fastidium,
2026 337 2067 359 sed
2093 337 2162 359 conti-

1595 377 1650 397 nuat
1667 375 1809 397 desiderium
1838 376 1878 397 106
1904 382 1917 397 a
1934 388 1962 392 —
1983 377 2004 398 ln
2023 377 2111 398 visione
2128 380 2163 399 est

1594 414 1663 436 simul
1680 414 1772 436 satietas
1784 417 1805 436 et
1818 415 1960 437 desiderium
1976 415 2019 437 487
2034 415 2048 437 b
2062 428 2090 431 ⁴-
2104 416 2162 438 Vide

1595 452 1663 475 etiam
1683 453 1710 475 V.
1728 452 1834 482 Caelum,
1853 453 1977 477 Beatictido
1995 457 2017 476 et
2034 454 2125 478 Gloria.

1644 492 1709 515 Visus
1725 504 1756 508 —
1773 493 1887 515 arcendus
1904 496 1939 515 est
1955 493 1985 515 ab
2003 498 2098 521 aspectu
2110 500 2162 516 con-

1595 531 1765 559 cupiscibilium
1783 532 1829 554 724
1848 532 1862 554 b

1645 571 1699 593 Viri
1717 583 1747 587 —
1765 574 1799 593 est
1821 575 1885 594 aetus
1908 572 2032 594 continuus
2057 572 2087 594 ab
2110 575 2162 595 ente

1595 610 1674 639 quieto
1686 614 1709 633 et
1720 611 1863 638 sempiterno
1880 611 1954 633 fluens
1969 612 2009 633 271
2027 611 2041 633 6
2058 624 2089 628 -
2107 612 2162 634 lllud

1595 650 1659 678 quod
1678 650 1786 677 viviticat,
1804 650 1871 672 intrat
1898 651 2021 672 formaliter
2038 656 2124 679 corpus
2140 653 2163 673 et

1595 689 1745 711 essentialiter
1763 691 1785 711 111
1802 689 1905 718 qualibet
1917 693 1982 717 parte
1994 690 2096 712 vivificat
2107 690 2136 712 73
2149 696 2162 712 a

1595 740 1625 744 —
1643 729 1697 751 illud
1720 728 1785 757 quod
1807 728 1910 751 vivificat
1932 729 2033 751 animam
2059 729 2163 752 effective

1596 767 1645 789 sive
1662 768 1789 796 causaliter,
1801 772 1835 790 est
1852 768 2001 790 essentialiter
2018 769 2042 790 in
2053 768 2128 790 anima
2141 772 2164 791 et

1596 807 1617 828 in
1643 806 1746 835 qualibet
1771 807 1871 834 potentia
1898 807 1989 829 animae
2012 807 2066 830 ibid.
2086 820 2113 823 ——
2131 808 2163 830 di-

1596 846 1715 873 gnoscitur
1732 852 1800 868 sensu
1818 849 1840 868 et
1858 851 1921 868 motu
1940 846 1980 868 411
2002 853 2022 868 a.
2041 846 2085 869 412
2102 853 2114 869 a

1644 898 1673 901 —
1692 885 1843 913 incorporeae
1859 889 1912 908 sunt
1929 885 2062 914 quindecim
2080 886 2126 908 318
2140 886 2162 908 b.

1596 925 1642 947 322
1659 931 1671 946 a
1691 937 1719 940 »-
1737 928 1790 947 511111
1806 925 1931 947 duodecim
1945 925 2032 952 gradus
2045 925 2106 947 vitae
2118 925 2162 947 659

1595 970 1608 986 a
1626 977 1656 980 —
1673 964 1744 991 Origo
1762 964 1823 986 vitae
1845 968 1994 992 comparatur
2012 965 2066 987 fonti
2085 964 2125 986 271
2147 964 2162 986 6

1595 1015 1626 1020 —
1642 1006 1794 1026 conservatur
1812 1009 1853 1032 per
1870 1004 1984 1032 calidum,
2005 1004 2127 1026 humidum
2141 1006 2163 1026 et

1595 1043 1779 1065 conciliationem
1798 1043 1967 1065 contrariorum
1984 1043 2025 1064 711
2047 1049 2059 1065 a
2078 1056 2107 1059 —-
2119 1043 2163 1065 sol-

1596 1082 1665 1110 vitur,
1682 1083 1757 1105 soluto
1774 1083 1867 1105 vinculo
1884 1082 1976 1104 animae
1989 1088 2043 1104 cum
2065 1088 2164 1110 corpore

1596 1122 1641 1144 558
1658 1121 1674 1144 b

1642 1173 1673 1177 —
1691 1165 1767 1184 nostra
1785 1164 1820 1183 est
1836 1162 1935 1189 languor
1952 1167 2106 1189 perseverans
2118 1161 2159 1183 411

1597 1201 1610 1223 b
1628 1213 1659 1217 —
1677 1201 1810 1229 temporalis
1828 1204 1934 1223 aeternae
1951 1204 2086 1229 comparata
2099 1207 2163 1223 mors

1596 1244 1629 1263 est
1647 1241 1725 1268 potius
1746 1241 1844 1263 dicenda
1867 1246 1939 1269 quam
1964 1241 2011 1262 vita
2038 1241 2083 1263 432
2101 1240 2116 1262 6
2133 1252 2164 1257 --

1596 1279 1666 1302 (16661
1682 1286 1733 1302 6556
1752 1283 1843 1308 tempus
1861 1280 1964 1306 inediae,
1990 1279 2125 1302 abiectionis
2142 1282 2165 1302 et

1596 1319 1737 1342 contusionis
1754 1320 1779 1341 61
1801 1325 1814 1341 3
1832 1332 1860 1335 —-
1878 1319 1928 1341 Nati
1945 1325 2039 1346 sumus,
2057 1322 2081 1342 ut
2098 1319 2164 1341 brevi

1598 1362 1703 1387 tempore
1729 1359 1838 1381 vivamus
1859 1359 1905 1381 585
1930 1366 1942 1381 a
1964 1371 1994 1375 —
2011 1358 2164 1387 Quotidianus

1598 1399 1701 1421 defectus
1718 1398 1874 1426 corruptionis
1891 1398 1945 1420 nihil
1963 1398 2024 1420 aliud
2042 1400 2077 1420 est
2092 1404 2164 1427 quam

1598 1438 1714 1467 quaedam
1740 1438 1857 1466 prolixitas
1883 1437 1962 1460 mortis
1981 1438 2021 1460 411
2044 1437 2066 1460 b.
2087 1437 2130 1460 432
2148 1437 2164 1460 b

1596 1490 1627 1494 -
1644 1478 1728 1500 Totum
1747 1481 1838 1506 tempus
1856 1478 1983 1506 praesentis
2001 1478 2061 1500 vitae
2078 1477 2164 1505 signifi-

1596 1520 1661 1540 catur
1678 1519 1768 1545 septem
1786 1517 1869 1540 (1166115
1886 1517 1911 1539 61
1934 1523 1947 1539 3

1644 1569 1673 1572 ψ
1692 1556 1728 1579 Sic
1745 1556 1860 1579 debemus
1877 1557 1969 1583 vivere,
1986 1556 2049 1585 quod
2069 1556 2112 1578 vita
2126 1562 2164 1578 no-

1596 1599 1642 1618 stra
1661 1596 1778 1624 praedicet
1794 1595 1905 1618 omnibus
1922 1596 1967 1618 582
1985 1602 2005 1624 3,
2024 1595 2039 1617 6
2056 1609 2086 1611 -
2103 1601 2165 1618 com·

1596 1635 1704 1663 ponenda
1722 1638 1756 1658 651
1772 1636 1902 1658 secundum
1918 1638 2007 1663 septem
2025 1635 2097 1658 libros
2119 1634 2163 1657 454

1596 1681 1616 1703 a,
1636 1674 1651 1697 b
1667 1687 1699 1691 —-
1716 1675 1834 1697 Debemus
1857 1675 1937 1697 vivere
1959 1677 2066 1703 respectu
2091 1674 2163 1697 nostri

1597 1714 1687 1742 sobrie,
1705 1717 1811 1742 respectu
1839 1714 1949 1742 proximi,
1968 1714 2039 1742 iuste;
2057 1718 2164 1742 respectu

1597 1754 1650 1781 Dei,
1669 1755 1706 1782 pie
1732 1754 1772 1776 271
1795 1760 1807 1776 3
1826 1766 1856 1770 -
1874 1754 1997 1776 christiana
2023 1753 2125 1776 consistit
2142 1753 2164 1775 in

1598 1794 1685 1821 integra
1712 1794 1877 1820 conversione,
1901 1796 1995 1815 strenua
2017 1793 2164 1820 operatione,

1597 1833 1681 1855 devota
1699 1833 1893 1861 contemplatione
1919 1833 1963 1855 276
1982 1832 1996 1854 6
2013 1845 2044 1849 -
2060 1832 2163 1854 Primum

1598 1876 1632 1895 est
1657 1873 1839 1901 poenitentium,
1864 1872 1994 1895 secundum
2020 1872 2163 1899 activorum,

1598 1912 1688 1935 tertium
1699 1912 1934 1940 contemplativorum
1944 1911 1998 1934 ibid.
2010 1923 2041 1927 —
2054 1910 2164 1933 Perfectio

1598 1951 1672 1974 bonae
1690 1952 1751 1974 vitae
1768 1952 1872 1974 consistit
1889 1951 1911 1973 in
1923 1951 1983 1973 bona
1996 1950 2130 1978 operatione
2142 1952 2164 1972 et

1597 1994 1675 2013 sancta
1693 1991 1823 2013 eruditione
1840 1992 1881 2013 531
1905 1990 1919 2012 b

1646 2043 1675 2046 —
1692 2034 1727 2053 est
1743 2031 1819 2053 activa
1841 2034 1863 2053 et
1888 2029 2069 2057 contemplativa
2088 2029 2134 2051 406
2150 2035 2163 2051 a

1599 2083 1628 2086 —
1646 2070 1721 2092 activa
1739 2075 1761 2092 et
1778 2070 1959 2098 contemplativa
1976 2069 2032 2098 quid
2045 2069 2074 2092 sit
2091 2068 2135 2091 470
2150 2067 2164 2090 6

1598 2121 1628 2125 -
1645 2112 1679 2131 651
1696 2112 1804 2136 actuosa,
1821 2109 1893 2131 otiosa
1912 2112 1934 2130 et
1950 2115 1977 2130 ex
1995 2112 2093 2137 utraque
2104 2114 2165 2131 com-

1600 2148 1673 2176 posita
1692 2148 1735 2171 457
1754 2155 1766 2170 a
1783 2161 1813 2165 —
1832 2148 1955 2177 Quomodo
1973 2148 2028 2170 istae
2044 2148 2089 2170 sint
2105 2154 2167 2170 exer-

1600 2188 1686 2210 cendae
1704 2187 1758 2210 ibid.

1647 2239 1677 2243 —
1695 2227 1744 2249 Non
1761 2230 1795 2249 est
1818 2227 1945 2249 vivendum
1973 2227 2107 2253 carnaliter,
2124 2226 2166 2248 sed

1600 2266 1749 2294 spiritualiter
1767 2266 1812 2288 305
1829 2273 1842 2288 a
1859 2278 1890 2283 —
1908 2266 2004 2288 carnalis
2022 2269 2044 2288 et
2061 2265 2166 2288 animalis

1601 2309 1634 2328 est
1651 2305 1763 2332 odienda,
1789 2309 1813 2328 ut
1837 2309 1988 2328 conservetur
2014 2305 2043 2327 ad
2064 2307 2165 2327 futuram

1602 2345 1698 2372 gloriam
1718 2345 1761 2367 489
1788 2351 1800 2367 3
1817 2357 1848 2361 -
1866 2345 1917 2366 Plus
1939 2343 2053 2367 debemus
2070 2344 2166 2372 diligere

1602 2385 1673 2406 vitam
1691 2385 1834 2412 spiritualem
1852 2390 1923 2413 quam
1936 2385 2079 2412 corporalem
2094 2384 2138 2407 540
2152 2383 2167 2406 b

1600 2436 1630 2440 —-
1648 2424 1671 2446 Si
1696 2414 1784 2446 tant'um
1811 2423 1930 2451 diligimus
1955 2423 2026 2445 vitam
2050 2423 2167 2451 corporis,

1600 2463 1724 2491 diligamus
1742 2463 1810 2485 etiam
1837 2463 1907 2485 vitam
1932 2463 2024 2485 animae
2041 2463 2086 2485 539
2104 2462 2119 2484 b
2136 2475 2167 2479 —

1601 2503 1622 2525 ln
1640 2503 1686 2525 vita
1704 2502 1815 2531 spirituali
1842 2502 2008 2524 confirmamur
2034 2508 2075 2530 per
2093 2508 2166 2524 exem-

1601 2543 1665 2570 plum
1684 2543 1820 2564 Sanctorum
1838 2545 1860 2564 et
1877 2542 2043 2564 documentum
2067 2541 2167 2569 Scriptu-

1599 2587 1677 2603 rarum
1696 2582 1740 2603 472
1758 2581 1773 2603 b

1647 2634 1677 2637 —
1695 2621 1821 2644 Duodecim
1840 2621 1900 2643 vitae
1923 2621 2041 2643 ordinatae
2064 2621 2138 2643 fluunt
2153 2625 2166 2641 a

1602 2660 1679 2682 Verbo
1697 2664 1790 2683 aeterno
1804 2661 1847 2683 468
1861 2660 1875 2682 6
1893 2673 1922 2676 -
1940 2661 1999 2682 Fons
2012 2660 2072 2682 vitae
2084 2660 2112 2682 ad
2125 2665 2167 2682 nos

1600 2706 1645 2721 non
1663 2700 1781 2722 derivatur
1798 2699 1840 2722 nisi
1859 2706 1900 2727 per
1914 2699 2028 2722 Christum
2047 2699 2166 2727 cognitum

1601 2742 1623 2761 et
1640 2742 1742 2761 amatum
1761 2740 1801 2761 271
1824 2738 1839 2761 6

1648 2790 1679 2794 -
1696 2781 1786 2800 aeterna
1805 2778 1928 2807 aliquando
1950 2778 2096 2806 singulariter
2114 2777 2167 2800 dici-

1602 2820 1637 2839 tur
1651 2818 1809 2845 repromissio,
1827 2817 1951 2846 aliquando
1964 2817 2081 2845 pluraliter
2094 2817 2138 2839 606
2152 2815 2167 2838 6

1601 2869 1631 2873 -
1648 2861 1740 2879 aeterna
1759 2858 1781 2879 in
1801 2858 1846 2880 Deo
1863 2861 1897 2879 est
1914 2857 1959 2879 516
1977 2863 1989 2878 a
2006 2869 2036 2873 —
2054 2856 2087 2878 Ad
2109 2857 2166 2878 hanc

1601 2897 1675 2919 solum
1694 2897 1763 2919 debet
1780 2897 1855 2919 anima
1873 2897 1926 2919 iusti
1943 2897 2059 2924 suspirare
2077 2895 2130 2919 ibid.

1648 2949 1679 2953 --
1696 2941 1786 2959 aeterna
1800 2936 1829 2958 ab
1841 2936 1949 2958 omnibus
1961 2936 2113 2963 desideratur,
2125 2935 2166 2957 sed

1602 2982 1614 2997 a
1632 2977 1697 2998 malis
1715 2983 1760 2998 non
1786 2976 1864 2998 debito
1889 2976 1959 2998 modo
1983 2975 2027 2997 464
2045 2982 2057 2997 a
2075 2986 2106 2990 —
2124 2974 2166 2996 Via
