2269 3448
644 199 743 228 lNDEX
766 198 1005 227 ALPttitliti't'tCtls
1028 198 1103 226 NON!
1128 197 1314 225 VOLtJMtNtS.

352 242 396 264 ΙΟΛ

147 297 175 300 —
196 283 236 305 fuit
253 282 345 309 signum
368 280 450 302 Christi
476 279 505 301 59
524 278 538 300 b
555 291 585 294 —
611 285 664 307 qua·

98 322 231 351 111-3111101101·
248 320 360 347 ostendit,
378 319 441 348 quod
465 318 559 341 nuntius
581 317 663 339 Christi

99 362 139 384 fuit
149 361 203 384 ibid.
213 373 242 377 —
254 363 302 382 crat
315 359 408 381 nuntius
421 357 534 380 fidelitatis
546 360 568 379 et
581 362 664 384 praeco

99 400 201 423 veritatis
219 400 247 421 557
260 406 272 421 a
291 411 321 415 —
333 401 429 420 vocatur
443 396 518 419 bouus
529 395 664 423 discipulus,

98 440 171 463 fluctis
189 439 282 461 nuntius
305 440 327 460 et
351 443 419 459 verus
446 441 529 464 praeco
551 434 581 457 74
599 441 610 456 a
634 447 664 450 —

97 482 131 502 est
148 478 287 507 praecipuus
304 476 431 504 discipulus
449 474 551 496 veritatis
568 474 597 495 50
609 480 620 495 a
634 486 664 489 —

98 518 138 541 fuit
155 524 198 540 vox
217 517 237 539 in
256 515 412 544 praedicando
431 513 533 536 Verbum
557 513 585 535 67
604 519 616 535 a
636 525 663 528 -—

97 558 180 580 (licitur
197 563 240 579 vox
258 555 289 578 ob
306 561 344 577 sex
362 554 462 576 rationes
479 552 508 576 ib.
527 552 549 575 b.
563 552 591 574 68
610 558 630 579 a,
648 551 662 573 b

145 609 175 613 -—
192 596 233 618 fuit
250 594 361 617 mirabilis
378 593 510 616 devotionis
532 595 554 614 et
578 590 664 613 amoris

98 637 119 658 iu
137 635 252 658 Christum
271 634 301 656 55
319 633 334 655 b
351 646 380 649 —
399 638 481 655 nomen
503 631 584 654 Christi
603 636 664 652 men-

97 675 159 698 tibus
175 674 343 702 discipulorum
360 678 456 694 suorum
479 669 664 698 praecordialiter

98 714 231 742 imprimere
248 711 362 734 nitebatur
380 710 434 733 ibid.
451 722 481 726 —
498 709 566 732 etiam
582 708 604 731 in
617 715 663 731 car-

97 759 149 776 cere
166 752 254 775 zelabat
271 751 457 773 clarificationem
471 749 570 771 nominis
581 747 662 770 Christi

97 791 150 815 ibid.

143 843 173 848 --
191 830 357 859 Opportunitas
375 828 486 857 temporis
504 833 560 850 suae
575 826 662 855 praedi-

97 870 192 894 cationis
210 869 323 898 colligitur
349 875 375 891 ex
401 868 485 890 unione
511 866 600 895 imperii
619 867 662 888 tto-

96 910 165 937 mani,
183 916 210 932 ex
228 909 349 937 partitione
367 907 431 936 regni
450 906 543 933 ludaici‚
561 912 587 928 ex
606 905 663 928 divi-

95 950 160 972 sione
171 948 293 971 sacerdotii
305 947 389 970 levitici
402 947 430 969 87
445 946 459 968 b
476 959 506 962 —
519 946 599 974 Quoad
613 945 662 967 eius

94 989 267 1017 inspirationem
291 990 310 1009 et
335 986 530 1015 praedicationem
554 987 662 1007 notantur

95 1027 255 1056 opportunitas
268 1026 385 1054 temporis,
397 1025 539 1053 originalitas
553 1024 662 1046 informa-

95 1067 170 1094 tionis,
178 1066 290 1089 idoneitas
300 1071 418 1094 personae,
426 1063 549 1087 necessitas
558 1063 600 1085 loci
609 1062 637 1084 76
647 1062 661 1084 b

96 1119 124 1122 —
143 1106 185 1134 lpsi
204 1107 260 1128 facta
279 1109 312 1127 est
329 1104 438 1127 revelatio
450 1110 462 1126 a
475 1103 564 1126 Christo
578 1105 600 1124 et
611 1102 661 1130 ipse

95 1146 147 1168 fecit
167 1145 360 1173 praedicationem
385 1147 406 1166 et
427 1142 608 1165 testificationem
632 1141 661 1164 de

95 1185 185 1207 Christo
206 1184 247 1206 179
267 1183 281 1206 b
298 1196 328 1200 —
347 1183 445 1205 insinuat
456 1188 512 1204 suae
529 1181 661 1204 humilitatis

96 1224 248 1252 fragilitatem,
262 1223 380 1251 dignitatis
388 1222 561 1248 sublimitatem,
571 1220 660 1243 iurisdi-

95 1264 176 1286 ctionis
194 1266 329 1291 potestatem
348 1262 377 1284 67
390 1268 402 1284 3
421 1274 451 1278 -
464 1262 529 1283 'totus
545 1260 661 1289 praedica-

96 1303 135 1325 bat
151 1303 196 1325 538
210 1302 224 1324 b
242 1299 272 1319 ”-
284 1302 407 1330 Explicatio
420 1300 474 1324 ibid.
491 1313 521 1317 —
538 1300 660 1328 indignum

95 1349 119 1365 se
136 1342 236 1365 ostendit
253 1342 283 1364 ad
300 1341 443 1370 loquendum
461 1341 491 1363 de
508 1339 598 1362 Christo
616 1339 660 1361 667

97 1388 109 1404 a
127 1394 157 1398 —
175 1382 273 1404 asseruit
298 1380 460 1403 reconciliatixi
486 1380 553 1402 officii
579 1379 661 1401 Christi

94 1421 269 1449 congruentiam
288 1421 316 1443 57
334 1427 346 1442 a
364 1432 395 1436 —
412 1419 486 1441 innuit
503 1418 575 1441 Verbi
592 1419 662 1441 incar-

94 1461 140 1483 nati
158 1460 312 1489 praesentiam
326 1459 381 1482 ibid.
398 1471 428 1475 -
445 1459 522 1486 arguit
539 1458 617 1486 populi
631 1458 661 1480 lu*

95 1500 155 1523 daici
172 1499 335 1527 negligentiam
348 1498 402 1521 ibid.
414 1511 444 1514 —
462 1501 549 1520 tantum
568 1497 589 1519 in
602 1503 660 1526 aqua

95 1539 212 1567 baptizare
231 1542 320 1567 poterat
338 1539 367 1560 65
385 1544 396 1560 3

142 1591 172 1595 -
190 1578 273 1601 dicitur
286 1577 403 1600 actualiter
420 1582 539 1605 uunquam
554 1582 662 1604 peccasse

96 1618 140 1641 546
158 1624 169 1639 a
189 1630 217 1633 —-
236 1617 316 1639 habuit
333 1616 507 1644 dispositionem
534 1615 563 1638 ad
581 1621 660 1643 pecca-

96 1660 143 1680 tum
154 1657 251 1683 venIale‚
260 1657 311 1679 licet
321 1656 388 1678 fuerit
398 1655 553 1678 sanctificatus
565 1655 585 1677 in
596 1657 661 1677 utero

95 1696 141 1719 702
160 1695 174 1718 b
191 1708 222 1712 —
241 1699 315 1718 tantae
332 1695 458 1717 sanctitatis
475 1697 531 1721 erat,
549 1697 596 1716 uta
616 1694 662 1722 plu-

95 1735 160 1758 rihus
171 1738 317 1764 reputaretur
329 1734 432 1757 Christus
449 1734 478 1756 57
493 1740 504 1756 3
519 1746 547 1749 -
560 1733 661 1761 negavit,

95 1781 120 1798 se
137 1781 187 1797 esse
204 1774 319 1797 Christum
338 1773 391 1797 ibid.
403 1786 434 1790 —
445 1780 457 1795 a
474 1779 499 1795 se
516 1773 615 1796 excludit
626 1779 662 1795 en-

96 1815 182 1837 titatem
200 1817 222 1837 et
234 1814 398 1842 proprietatem
411 1813 478 1841 primi
491 1813 606 1841 principii,
623 1818 661 1840 pa-

95 1854 201 1876 rilitatem
224 1857 246 1876 et
269 1853 437 1876 virtuositatem
459 1852 545 1875 summi
565 1851 663 1874 remedii

95 1893 125 1915 72
143 1893 159 1915 h

142 1944 173 1948 —
190 1932 277 1955 dimisit
295 1931 402 1954 tenebras
418 1935 441 1954 et
460 1931 517 1959 fugit
534 1931 564 1953 ad
586 1931 661 1953 lucem

96 1971 140 1994 543
158 1978 170 1993 3
188 1984 219 1988 -
236 1971 340 1999 confugit
357 1971 387 1993 ad
406 1971 529 1993 Dominum
552 1974 661 1999 tanquam

96 2011 125 2033 ad
143 2011 259 2038 refugium
283 2016 401 2033 summum
425 2009 479 2032 ibid.
500 2022 530 2026 —
553 2009 662 2037 cognovit

96 2048 227 2071 Creatorem
245 2056 327 2076 suum,
345 2049 374 2071 ita
398 2048 461 2077 quod
486 2048 558 2076 digito
585 2048 661 2075 ipsum

96 2088 232 2110 ostendebat
249 2087 304 2111 ibid.

143 2140 173 2144 —
192 2128 244 2150 Eius
260 2127 366 2156 quaestio
384 2127 425 2149 fuit
436 2126 574 2154 mysterialis
591 2129 613 2148 et
625 2132 661 2148 no-

96 2166 147 2189 bilis
164 2167 194 2189 55
212 2166 227 2189 b
243 2179 275 2183 —
287 2167 368 2194 plenus
385 2166 431 2189 fide
442 2170 464 2188 et
481 2166 565 2194 pietate
582 2166 663 2188 etzelo

96 2207 254 2235 quaestionem
265 2207 294 2229 ad
304 2206 419 2228 Christum
429 2205 511 2228 direxit
520 2204 572 2228 ibid.
581 2217 611 2221 —
620 2210 663 2226 nec

97 2246 206 2274 ignorans
223 2245 339 2274 quaesivit
355 2251 398 2268 nec
410 2244 519 2267 dubitans
536 2244 663 2272 discipulos

96 2285 125 2307 ad
143 2285 258 2307 Christum
276 2285 337 2307 misit
356 2284 384 2306 45
397 2283 411 2306 b
430 2297 458 2300 —
479 2290 520 2312 per
538 2283 664 2311 discipulos

97 2324 182 2347 dubios
199 2324 320 2353 quaesivit,
337 2330 382 2346 non
395 2322 481 2346 dubius
492 2323 543 2350 ipse
560 2323 589 2345 55
602 2322 616 2344 b
635 2335 663 2338 -—

97 2370 142 2386 non
161 2366 255 2391 propter
273 2369 296 2385 se
314 2363 440 2391 quaesivit,
458 2362 500 2384 sed
517 2365 612 2390 propter
630 2361 664 2384 di-

97 2403 198 2430 scipulos
214 2408 259 2424 non
276 2402 396 2424 credentes
408 2401 436 2423 46
451 2401 465 2424 b
482 2414 511 2417 -—
528 2401 600 2423 voluit
611 2407 664 2423 con-

97 2443 171 2464 sulere
185 2448 266 2464 eorum
279 2441 356 2468 saluti,
369 2447 398 2463 ne
415 2441 437 2463 in
455 2447 533 2463 errore
546 2443 664 2462 manerent

97 2481 149 2504 ibid.
168 2494 198 2497 —
216 2488 256 2509 per
274 2487 300 2503 se
316 2487 362 2503 non
380 2481 459 2502 valens
482 2481 611 2502 satisfacere
630 2480 663 2502 di-

97 2521 203 2548 scipulis,
222 2520 330 2542 satisfecit
352 2526 394 2547 per
416 2519 532 2542 Christum
550 2519 579 2542 50
598 2526 609 2541 a
635 2532 662 2534 —

97 2560 252 2588 proponendo
269 2559 426 2588 quaestionem
450 2565 475 2581 se
497 2558 597 2581 ostendit
619 2559 663 2586 ple-

97 2605 153 2621 num
173 2599 256 2627 pietate
268 2598 322 2621 ibid.
335 2611 364 2615 —
377 2598 499 2627 quaesivit,
517 2604 563 2620 non
577 2598 663 2620 ratione

98 2638 176 2665 dubii,
193 2638 233 2660 sed
253 2638 341 2660 ratione
363 2637 447 2660 nobilis
462 2637 577 2665 mysterii,
595 2637 663 2659 officii

98 2678 224 2704 commissi,
242 2677 329 2705 proprii
348 2677 472 2705 magisterii
490 2675 544 2699 ibid.

145 2729 176 2733 —
192 2719 240 2739 erat
257 2720 333 2739 certus
359 2716 388 2738 de
412 2716 514 2738 adventu
535 2715 616 2738 Christi
640 2716 663 2738 in

98 2756 212 2778 mundum
231 2755 260 2778 ad
278 2755 415 2778 solvendum
433 2755 525 2778 vincula
547 2755 665 2783 originalis

99 2796 187 2823 culpae,
199 2795 240 2817 sed
253 2801 298 2816 non
312 2797 360 2816 erat
372 2797 448 2816 certus
460 2794 489 2817 de
501 2795 551 2817 eius
562 2795 663 2817 adventu

99 2835 120 2857 in
137 2834 235 2856 limbum
249 2834 279 2856 ad
290 2834 466 2856 dissolvendum
484 2834 574 2856 vincula
588 2836 665 2856 reatus

99 2880 187 2902 poenae
205 2873 233 2895 46
247 2873 261 2895 b
278 2885 309 2889 —
326 2879 368 2901 per
379 2879 445 2895 suam
463 2873 622 2901 quaestionem
635 2873 665 2895 ad

100 2913 223 2935 Dominum
241 2912 334 2934 volebat
351 2913 399 2934 suis
423 2912 543 2940 discipulis
563 2918 666 2935 reserare

101 2952 218 2975 utilitatem
244 2951 418 2979 septemplicem
444 2952 558 2974 adventus
582 2951 665 2974 Christi

100 2991 124 3013 51
146 2998 158 3013 3
177 3004 206 3007 -—
225 2991 371 3020 Quamquam
389 2991 439 3013 eius
455 2991 562 3019 discipuli
577 2990 666 3013 dubita·

194 3038 219 3061 S.
237 3038 327 3061 Bonae.
343 3051 375 3054 —
392 3038 461 3060 Tom.
478 3038 507 3060 X.

698 277 760 303 bant,
774 281 848 299 tatiicn
864 276 980 299 Christum
993 275 1155 304 exspectabant
1168 275 1196 297 46
1209 275 1222 297 h
1235 287 1264 291 —

699 317 786 339 loannis
803 316 910 344 discipuli
928 316 1013 338 1111111111
1033 315 1086 337 moti
1105 318 1169 337 erant.
1185 317 1263 337 contra

698 356 814 378 Christum
833 354 885 377 ibid.
904 367 933 371 —
951 355 1017 377 tacite
1035 361 1076 382 per
1093 354 1208 376 Christum
1227 360 1264 375 cx-

698 398 790 417 0353131
803 395 831 417 56
845 401 856 416 3
874 407 901 410 —u
923 394 1052 422 'l'ripliciter
1064 393 1188 421 respondet
1200 393 1264 415 Chri-

698 437 746 456 stus
765 434 839 456 loanni
858 440 899 462 per
917 433 1011 460 mystica
1031 434 1087 455 farta
1107 432 1133 454 47
1153 439 1164 454 a

745 486 774 489 -
793 476 867 495 tantae
884 472 1029 495 excellentiae
1042 472 1089 499 tuit,
1103 475 1126 493 ut
1139 472 1205 499 pleuc
1217 472 1263 493 olli·

698 513 733 535 cio
751 515 849 541 nequeat
866 512 911 534 dici
924 512 1016 540 linguae
1034 511 1079 533 543
1089 518 1100 532 3
1114 523 1143 526 --
1162 511 1264 538 fuitgra-

698 552 769 574 tiosus
786 554 808 573 et
828 552 930 573 famosus
947 550 976 573 ib.
995 550 1009 572 b
1031 563 1061 566 —
1087 550 1263 572 commendatur

697 591 727 613 ab
744 590 882 619 obedientia,
900 590 1058 613 sacramentali
1077 589 1198 617 medicina,
1216 590 1263 611 zelo
1280 615 1281 619 Ἰ

697 630 827 652 animarum
847 630 875 651 88
894 636 905 652 a
926 642 953 644 --
977 629 1153 651 commendatur
1176 635 1187 650 a
1212 635 1264 650 ron-

696 669 786 696 stantia,
804 669 896 696 iustitia,
914 669 958 690 vita
984 671 1006 691 et
1023 668 1125 691 doctrina
1151 668 1180 690 56
1203 674 1214 690 a
1233 680 1263 684 —

699 709 738 731 fuit
756 709 792 731 lux
815 708 891 731 dotata
915 711 1003 735 septem
1030 707 1156 735 privilegiis
1177 707 1222 729 543
1241 707 1262 729 b.

697 748 742 771 544
760 754 771 770 3
790 760 819 764 -
838 748 878 769 fuit
897 748 933 769 lux
951 747 1060 769 adornata
1079 750 1179 775 quatuor
1197 746 1263 768 mira-

696 788 753 810 culis
765 787 809 809 544
823 793 835 809 3
847 799 877 803 -
897 787 937 809 fuit
949 787 984 809 lux
996 786 1156 808 commendata
1174 789 1261 814 septem

697 826 825 855 praeconiis
843 825 872 848 ib.
890 825 912 848 b.
930 825 975 848 545
987 832 998 847 3
1013 838 1041 841 -
1055 826 1096 848 fuit
1112 826 1148 848 lux
1166 825 1196 847 ob
1208 832 1263 854 qua-

697 870 748 888 tuor
765 872 846 888 causas
864 866 1007 888 accumulata
1027 865 1117 892 magnis
1135 865 1221 887 meritis
1234 864 1261 887 ib.

696 912 716 934 a,
735 906 758 928 b.
776 905 820 928 546
833 911 853 932 3,
866 904 880 927 b
900 917 927 920 —
946 905 999 927 Eius
1015 905 1142 932 humilitas,
1160 905 1262 932 virilitas,

697 945 794 968 fidelitas
811 947 833 967 et
851 944 923 972 pietas
941 945 1031 966 fuerunt
1049 950 1147 972 magnae
1159 944 1184 966 71
1201 950 1213 966 3
1232 957 1260 960 -

696 984 748 1006 vilia
767 984 797 1007 (le
814 990 838 1006 se
850 984 933 1011 sensit,
951 984 1094 1011 praedicavit
1110 986 1132 1006 et
1148 990 1262 1012 quaeren—

696 1023 757 1046 tibus
774 1030 867 1051 semper
885 1023 1004 1051 respondit
1021 1022 1066 1045 545
1086 1022 1099 1044 b

742 1076 772 1080 —
790 1063 887 1086 Ecclesia
908 1062 998 1085 festivat
1019 1062 1048 1084 de
1066 1062 1115 1084 eius
1132 1062 1261 1089 nativitate,

695 1103 758 1131 quod
776 1103 805 1125 de
823 1102 911 1125 Sanctis
928 1102 977 1124 aliis
994 1108 1039 1124 non
1058 1102 1170 1129 contingit
1187 1101 1231 1124 544
1249 1108 1261 1123 a

743 1155 772 1159 -
789 1142 904 1170 significat
920 1142 1007 1164 donum
1031 1141 1156 1169 sapientiae
1179 1141 1224 1163 666
1248 1140 1262 1163 b

695 1196 725 1198 —
744 1183 784 1204 Per
802 1182 892 1204 vincula
912 1181 1000 1204 loannis
1022 1181 1166 1209 significatur
1190 1181 1263 1203 multi-

696 1223 745 1250 plex
763 1224 835 1244 status
852 1221 952 1243 hominis
970 1220 998 1243 45
1017 1220 1039 1242 b.
1059 1220 1086 1242 46
1105 1227 1125 1249 a,
1143 1220 1157 1242 b

742 1274 772 1277 —
789 1259 941 1289 avangelista
953 1262 1019 1282 uatus
1031 1263 1065 1282 est
1077 1260 1168 1282 decimo
1180 1262 1262 1288 quarto

695 1307 756 1323 anno
775 1304 826 1328 post
842 1300 984 1323 nativitatem
1002 1299 1085 1323 Christi
1103 1300 1148 1322 500
1166 1299 1181 1321 b

742 1353 773 1357 —
794 1340 851 1362 inter
876 1342 965 1362 ceteros
988 1339 1027 1361 fuit
1048 1339 1153 1367 specialis
1174 1339 1263 1362 amicus

696 1383 718 1403 et
734 1380 831 1403 dilectus
847 1380 930 1402 Christi
949 1379 993 1402 495
1012 1379 1026 1401 b
1043 1391 1074 1395 —
1099 1379 1176 1406 ipsum
1194 1379 1262 1401 fuisse

695 1419 804 1442 dilectum
823 1426 834 1441 a
852 1418 942 1442 Christo
960 1418 1090 1446 colligimus
1113 1424 1139 1440 ex
1162 1421 1261 1446 quatuor

697 1458 741 1481 496
760 1458 774 1481 b
792 1471 822 1475 —
846 1459 886 1480 suit
909 1458 1005 1480 dilectus
1022 1464 1033 1480 a
1057 1457 1146 1480 Christo
1168 1460 1263 1486 propter

697 1504 781 1520 novem
807 1498 887 1526 signa,
908 1503 969 1526 quae
992 1496 1062 1520 dabat
1087 1497 1131 1519 500
1149 1503 1173 1524 a,
1191 1497 1206 1519 b
1232 1510 1261 1513 -

697 1538 790 1560 Dilectio
807 1537 889 1560 Christi
907 1540 929 1559 et
946 1537 1035 1559 loannis
1047 1536 1088 1558 fuit
1100 1536 1208 1563 iucunda,
1220 1537 1263 1559 sin-

696 1583 762 1603 cera,
779 1583 847 1604 vera,
875 1579 985 1604 perpetua
1006 1576 1048 1598 496
1068 1575 1082 1597 b
1104 1588 1135 1592 —
1160 1576 1263 1604 Quatuor

697 1618 800 1639 fecerunt
817 1622 870 1638 eun]
889 1616 989 1638 amicum
1007 1616 1090 1643 Sponsi
1109 1615 1154 1637 495
1172 1615 1195 1637 b.
1218 1615 1261 1637 496

696 1662 707 1678 a
725 1668 756 1672 —
773 1656 863 1678 audivit
880 1661 962 1677 vocem
981 1655 1063 1683 Sponsi
1081 1654 1264 1683 quadrupliciter

696 1695 741 1718 496
759 1701 771 1717 a

743 1746 774 1751 —
791 1735 894 1763 Quatuor
908 1734 1041 1760 ostendunt,
1053 1739 1105 1755 eum
1120 1733 1189 1755 fuisse
1201 1739 1264 1761 prae-

696 1774 790 1802 cipuum
809 1776 831 1796 et
849 1780 930 1796 verum
949 1773 1088 1801 discipulum
1107 1772 1189 1795 Christi
1206 1772 1236 1795 ib.
1249 1772 1263 1795 b

696 1826 726 1830 —
744 1814 847 1842 Quatuor
864 1819 918 1835 eum
943 1814 1044 1835 fecerunt
1062 1818 1144 1834 verum
1169 1815 1191 1834 et
1212 1818 1263 1839 pro-

697 1853 776 1875 batum
794 1853 933 1880 discipulum
952 1852 996 1874 497
1009 1858 1020 1874 3
1038 1864 1069 1868 —-
1086 1851 1264 1874 commendatur

696 1892 740 1915 suh
758 1892 845 1914 ratione
860 1891 927 1914 amici
946 1894 967 1914 et
984 1891 1086 1919 magistri
1106 1891 1150 1913 496
1168 1897 1188 1919 a,
1206 1890 1264 1913 b—

697 1932 738 1963 fuit
754 1938 808 1954 vere
833 1938 900 1960 puer,
923 1937 977 1953 vere
1001 1931 1066 1953 lsrael
1093 1933 1115 1952 et
1131 1930 1228 1952 dilectus
1250 1937 1262 1952 3

696 1970 785 1994 Christo
795 1971 816 1993 in
826 1971 920 1999 speciali
932 1977 959 1993 ex
967 1973 1067 1999 quatuor
1077 1970 1152 1992 causis
1163 1969 1207 1992 495
1217 1976 1238 1997 a,
1247 1969 1263 1992 h

743 2023 774 2027 —
791 2010 853 2033 Odor
870 2009 952 2033 Christi
971 2010 992 2032 in
1010 2016 1037 2032 eo
1054 2009 1161 2032 excitavit
1182 2015 1263 2031 concu-

696 2050 820 2078 piscentias
844 2053 949 2072 aeternas
966 2049 1011 2071 670
1030 2048 1044 2071 b
1061 2061 1092 2065 —
1115 2049 1212 2071 multum
1230 2051 1264 2071 est

696 2090 813 2117 exaltatus,
829 2089 883 2118 quia
903 2089 970 2117 virgo
988 2088 1028 2110 fuit
1040 2091 1062 2110 et
1079 2088 1206 2116 permansit
1217 2088 1262 2109 628

697 2128 712 2150 b
728 2141 760 2145 ·-
777 2132 862 2157 quanto
880 2128 964 2150 Mariae
976 2127 1110 2149 familiarior
1129 2127 1182 2153 fuit,
1200 2129 1262 2149 tanto

697 2168 779 2190 metius
798 2167 836 2189 Dei
855 2167 961 2194 mysteria
983 2166 1108 2194 intelligere
1126 2166 1201 2194 potuit
1218 2166 1258 2187 691

698 2213 710 2229 3
728 2220 757 2222 -
776 2207 816 2228 fuit
834 2207 917 2234 Mai-tyr
929 2207 1019 2233 affeetu,
1036 2211 1081 2227 non
1100 2206 1180 2227 effectu
1194 2205 1238 2227 479
1251 2211 1263 2227 a

744 2258 776 2262 —
790 2246 874 2268 dicitur
886 2245 1017 2273 spectabilis
1028 2247 1050 2266 et
1062 2243 1201 2266 venerabilis
1219 2244 1263 2266 497

698 2291 709 2307 a
726 2298 753 2301 ——
766 2285 807 2307 fuit
823 2285 882 2307 sicut
898 2284 977 2310 lilium,
993 2290 1053 2311 rosa,
1068 2289 1158 2310 aurora,
1171 2283 1263 2305 aureola

700 2324 743 2346 499
761 2323 783 2346 b.
801 2323 845 2345 500
863 2330 875 2345 a
894 2336 923 2339 —
941 2323 963 2345 in
982 2324 1025 2345 hoc
1043 2322 1130 2345 mundo
1148 2322 1188 2344 suit
1205 2322 1264 2344 sicut

698 2363 769 2385 lilium
787 2362 817 2385 ob
835 2366 934 2391 quatuor
952 2362 1052 2384 rationes
1070 2362 1113 2384 498
1129 2361 1144 2383 b
1156 2374 1186 2377 —
1204 2367 1264 2383 com-

698 2405 792 2430 paratur
809 2402 884 2424 olivae
900 2401 1081 2430 quadrupliciter
1099 2400 1143 2423 499
1162 2399 1177 2422 1)
1193 2413 1223 2416 -
1240 2400 1263 2422 in

698 2441 786 2463 mundo
805 2441 845 2463 fuit
860 2441 919 2463 sicut
936 2447 995 2467 rosa,
1012 2440 1087 2467 stella,
1107 2440 1186 2467 facula,
1204 2446 1262 2461 mar-

698 2481 770 2508 garita
789 2480 832 2502 498
851 2487 862 2502 a
882 2493 910 2496 -
934 2480 1040 2508 designat
1057 2482 1140 2501 statum
1164 2482 1264 2501 contem-

698 2520 836 2548 plativorum
856 2520 900 2541 216
918 2526 929 2541 3

745 2571 775 2575 -
799 2559 975 2581 commendatur
997 2565 1009 2580 a
1033 2558 1118 2586 gratia,
1139 2558 1263 2586 sapientia,

697 2599 807 2627 spirituali
826 2598 907 2620 laetitia
927 2598 971 2620 495
984 2598 999 2620 b
1017 2611 1047 2614 —
1066 2599 1088 2619 ln
1106 2598 1157 2625 ipso
1170 2601 1217 2619 erat
1230 2603 1264 2619 ca-

697 2638 779 2661 stitatis
797 2638 927 2665 integritas,
945 2637 1144 2665 contemplationis
1166 2636 1263 2664 limpidi-

698 2681 745 2704 tas,
764 2677 922 2700 familiaritatis
947 2676 1029 2699 Christi
1057 2676 1186 2704 gratiositas
1204 2675 1233 2698 ib.
1250 2682 1262 2697 a

699 2730 726 2732 —
746 2718 786 2739 fuit
803 2717 935 2745 praeclarus
953 2719 1047 2744 propter
1065 2722 1149 2737 novem
1172 2721 1263 2743 praero-

698 2756 790 2784 gativas
808 2756 851 2778 497
870 2762 890 2782 3,
908 2755 923 2777 b
940 2767 970 2771 —
988 2755 1126 2777 describitur
1149 2758 1172 2776 ut
1198 2755 1264 2776 reful-

699 2795 774 2823 gentia
794 2795 924 2823 praeditus,
950 2795 1022 2822 gratia
1047 2794 1196 2821 fecundatus,
1222 2794 1263 2816 ele-

699 2835 776 2863 gantia
801 2835 923 2857 decoratus
949 2833 993 2855 498
1011 2833 1026 2855 h
1044 2846 1074 2849 —
1091 2836 1139 2855 erat
1162 2833 1264 2855 claritate

700 2874 822 2902 insignitus
839 2876 861 2895 et
878 2873 996 2895 sanctitate
1013 2873 1145 2900 praeclarus
1162 2871 1215 2894 ibid.
1233 2885 1263 2887 —

699 2912 838 2936 describitur
854 2915 879 2934 111
897 2912 1056 2934 universaliter
1079 2911 1221 2939 gratificatus
1243 2914 1265 2933 et

700 2955 724 2974 ut
740 2952 885 2980 singulariter
903 2951 1078 2973 commendatus
1101 2950 1144 2973 497
1163 2950 1178 2972 1)
1195 2962 1225 2966 -
1242 2951 1264 2972 13

701 2991 750 3019 ipso
768 2997 861 3025 semper
878 2993 926 3013 erat
940 2990 1051 3018 elegantia
1064 2990 1188 3012 sanctitatis
1199 2992 1221 3011 et
1232 2995 1265 3011 re<

1806 201 1859 229 1⁹29

1569 238 1611 259 tos

1298 276 1395 297 dolentia
1422 276 1540 298 suauitatis
1567 278 1639 298 latinio
1663 277 1739 299 4111111
1778 291 1790 293 -—
1815 282 1864 301 crat

1299 315 1529 342 princietti—nussimus
1546 316 1739 343 vmiteuiptattoni·
1761 320 1781 339 iet
1799 324 1863 339 urua-

1299 353 1400 375 tissimus
1416 355 1534 376 sanctitate
1553 358 1646 382 propter
1663 359 1762 383 quatuor
1790 356 1832 378 499
1850 364 1861 378 a

1297 405 1327 408 —
1346 393 1386 414 fuit
1403 393 1499 415 dilectus
1517 394 1563 415 Deo
1581 397 1602 416 ct
1620 394 1752 416 homiuibus
1770 400 1863 423 propter

1298 435 1386 459 septi-m
1406 432 1448 454 497
1468 432 1482 454 b

1343 483 1374 486 —
1393 471 1413 492 ln
1433 471 1481 499 ipso
1499 472 1554 493 arsit
1572 472 1631 499 iguis
1648 472 1687 494 zeli
1712 473 1783 494 divini
1802 481 1862 495 :uno-

1297 510 1342 537 ris,
1360 510 1463 537 honoris,
1482 511 1574 532 luminis
1600 515 1621 533 et
1644 518 1758 539 superna«-
1785 513 1862 535 salutis

1300 548 1402 576 49911,b
1417 562 1447 565 —
1467 550 1487 571 ln
1505 550 1554 571 cius
1573 550 1629 572 facie
1647 551 1761 573 rclurebat
1775 552 1863 579 sapien-

1298 588 1326 611 tia
1353 588 1456 616 pietatis,
1480 589 1596 617 puritatis,
1624 590 1738 617 veritatis,
1764 591 1863 613 raritatis

1298 628 1342 650 498
1362 627 1375 649 l)
1392 640 1423 644 —
1441 628 1461 650 ln
1480 628 1529 650 cius
1547 629 1602 650 sai-10
1620 629 1710 651 lui-ebat
1735 630 1811 652 diviua
1831 637 1862 652 rc·

1297 667 1411 695 verentia,
1438 668 1601 695 sanctimonia,
1628 669 1713 696 gratia,
1739 669 1862 696 sapientia,

1297 706 1394 734 iustitia,
1412 707 1484 735 gloria
1504 707 1547 729 499
1566 714 1577 729 a
1595 720 1625 723 —
1642 707 1781 730 describitur
1794 712 1862 730 11153-

1297 747 1381 774 pientia
1398 747 1506 775 fulgidus,
1519 747 1579 769 vitae
1597 747 1751 775 pulcritudine
1769 751 1862 770 ornatus

1296 789 1318 808 et
1330 786 1423 808 caritate
1435 792 1559 809 succensus
1576 785 1630 809 ibid.
1642 799 1673 803 —
1685 788 1861 810 commendatur

1296 832 1307 847 a
1329 825 1459 853 sanctitate,
1478 826 1589 853 castitate,
1613 826 1706 848 caritate
1730 826 1772 848 498
1796 833 1807 849 a
1832 839 1861 844 —-

1296 864 1434 887 describitur
1457 868 1481 887 ut
1503 865 1628 887 luminibus
1654 866 1771 893 praeditus
1794 869 1815 888 ct
1838 869 1861 888 ut

1295 904 1510 926 conversationibus
1533 904 1643 932 probatus
1667 905 1710 927 499
1728 911 1739 926 a
1757 917 1787 921 —
1804 906 1861 927 Gau-

1296 944 1360 965 dium
1379 944 1429 966 01115
1445 944 1589 972 quadruplex
1609 944 1652 966 496
1671 951 1681 966 a

1341 995 1372 999 —
1390 983 1430 1005 fuit
1447 983 1584 1005 clarificatus
1602 983 1679 1005 multis
1697 984 1823 1011 privilegiis
1840 988 1861 1006 et

1296 1022 1413 1044 miraculis
1430 1022 1475 1044 500
1494 1021 1516 1044 b.
1534 1023 1574 1044 501
1597 1028 1617 1049 a,
1634 1022 1647 1044 b
1664 1035 1695 1039 —
1708 1023 1760 1044 Eius
1777 1029 1862 1045 memo-

1296 1062 1328 1083 ria
1345 1064 1379 1083 est
1391 1061 1500 1083 omnibus
1512 1062 1656 1088 veneranda,
1669 1062 1861 1090 commendanda,

1295 1101 1484 1128 contemplanda,
1497 1101 1605 1123 imitanda
1619 1101 1663 1122 500
1676 1107 1688 1122 a
1707 1113 1735 1117 -
1755 1102 1861 1123 illemoria

1295 1140 1345 1162 eius
1371 1140 1391 1162 in
1414 1139 1575 1162 benedictione
1600 1142 1634 1161 est
1657 1143 1751 1168 propter
1776 1147 1860 1162 novem

1296 1180 1408 1207 exempla,
1426 1185 1486 1208 quae
1503 1179 1591 1201 mundo
1609 1179 1681 1201 edidit
1698 1179 1727 1202 ib.
1745 1179 1759 1201 b

1344 1219 1377 1241 lon
1397 1231 1425 1235 -
1448 1219 1610 1247 interpretatur
1633 1219 1712 1241 dolens
1735 1219 1779 1241 576
1798 1219 1813 1241 l)
1832 1232 1859 1235 -

1296 1264 1368 1287 quare
1375 1261 1470 1281 vocetur
1480 1265 1569 1285 servus,
1576 1258 1680 1286 simplex,
1692 1258 1773 1280 timens
1780 1258 1862 1285 Deum,

1296 1298 1407 1320 recedens
1430 1304 1442 1319 a
1460 1298 1519 1319 malo
1537 1297 1591 1320 ibid.
1616 1310 1645 1313 *-
1669 1297 1796 1319 ambulavit
1821 1304 1861 1325 per

1296 1337 1428 1360 caelestium
1445 1337 1624 1365 speculationem
1643 1337 1687 1358 2-29
1706 1343 1718 1359 a
1735 1349 1766 1353 —
1782 1336 1862 1359 ambu-

1296 1377 1351 1399 lavit
1368 1383 1410 1404 per
1427 1377 1563 1399 afflictorum
1582 1377 1767 1404 compassionem
1786 1377 1860 1406 2287a

1296 1428 1327 1432 —-
1345 1416 1425 1438 habuit
1439 1415 1620 1438 misericordiam
1633 1419 1738 1443 respectu
1752 1416 1862 1443 pauperis

1296 1455 1342 1477 685
1360 1455 1383 1477 b.
1400 1455 1445 1477 686
1463 1461 1474 1477 3
1495 1468 1522 1470 -
1540 1455 1638 1477 afflictus
1662 1458 1696 1477 est
1722 1461 1761 1482 per
1779 1455 1863 1476 violeu-

1297 1495 1351 1517 tiam
1370 1494 1523 1517 tribulationis
1541 1495 1585 1517 329
1599 1500 1610 1515 a
1629 1507 1658 1510 —
1676 1500 1731 1516 vere
1747 1494 1861 1516 benedixit

1296 1535 1370 1557 Deum
1388 1534 1411 1556 in
1423 1534 1562 1556 adversitate
1574 1534 1618 1556 687
1638 1534 1652 1555 l)
1664 1546 1694 1550 -
1707 1533 1801 1556 timebat
1813 1539 1862 1555 exa-

1297 1580 1349 1596 men
1368 1577 1485 1595 aeternum
1505 1573 1549 1595 605
1567 1579 1579 1595 3
1598 1586 1625 1588 -
1644 1574 1661 1595 Α
1680 1573 1747 1595 beato
1766 1572 1803 1595 lob
1824 1579 1862 1595 su-

1298 1613 1408 1635 mendum
1426 1616 1460 1635 est
1476 1613 1606 1640 exemplum
1625 1613 1747 1640 patientiae
1765 1613 1809 1634 298
1828 1611 1842 1634 1]

1344 1664 1375 1668 -
1391 1655 1425 1674 est
1442 1652 1517 1679 figura
1534 1652 1662 1673 activorum
1681 1652 1725 1673 610
1744 1658 1755 1673 3
1773 1664 1803 1667 -
1825 1657 1861 1679 ge·

1297 1691 1326 1714 rit
1342 1697 1465 1719 personam
1489 1691 1588 1713 hominis
1611 1691 1684 1713 vexati
1710 1690 1740 1712 ab
1763 1690 1861 1713 inimicis

1297 1731 1342 1752 676
1360 1737 1373 1752 3
1390 1743 1420 1746 ——-
1438 1730 1543 1758 designat
1554 1729 1647 1752 beatum
1661 1730 1805 1752 Franciscum
1816 1729 1860 1751 576

1298 1769 1312 1792 b
1325 1782 1355 1785 —
1367 1771 1460 1798 Septem
1479 1769 1516 1791 filii
1534 1769 1583 1791 eius
1600 1769 1730 1797 significant
1741 1769 1799 1791 dona
1814 1768 1861 1796 Spi-

1297 1809 1354 1831 ritus
1372 1809 1394 1831 S.
1412 1809 1457 1831 665
1474 1815 1487 1830 a

1344 1849 1407 1871 lorias
1423 1860 1453 1864 -
1479 1847 1559 1870 habuit
1585 1848 1722 1870 intellectum
1749 1851 1859 1876 tanquam

1296 1888 1410 1916 Propheta
1429 1888 1473 1909 666
1486 1894 1498 1909 3
1511 1900 1540 1903 -
1554 1887 1595 1909 fuit
1612 1887 1757 1915 praedicator
1770 1887 1861 1909 ludaeo-

1296 1933 1348 1949 rum
1367 1930 1388 1949 et
1406 1927 1525 1955 gentilium
1544 1926 1599 1949 ibid.
1612 1939 1639 1942 —
1657 1929 1692 1949 est
1709 1926 1783 1954 figura
1801 1926 1862 1948 Chri-

1296 1967 1324 1989 sti
1341 1965 1371 1989 z'b.
1389 1966 1404 1988 b

1345 2006 1452 2028 lONATHas
1469 2019 1495 2021 —
1516 2006 1677 2033 interpretatur
1695 2005 1755 2027 filius
1778 2005 1863 2027 colum-

1298 2045 1341 2067 bae
1358 2045 1403 2067 325
1421 2051 1442 2067 a.
1455 2045 1498 2067 608
1512 2051 1523 2066 3
1537 2057 1567 2061 —-
1579 2045 1742 2072 interpretatur
1754 2044 1861 2066 columba

1297 2085 1392 2106 veniens
1409 2085 1454 2106 570
1472 2091 1483 2106 3
1496 2096 1526 2100 ——-
1538 2084 1645 2112 designat
1656 2084 1771 2106 Christum
1785 2083 1829 2106 325
1842 2090 1862 2107 3.

1297 2124 1341 2146 518
1359 2130 1380 2145 a.
1398 2124 1443 2146 535
1460 2130 1472 2145 a
1492 2136 1519 2139 σ-
1538 2123 1644 2150 designat
1662 2122 1754 2145 beatum
1768 2123 1862 2144 Bartho—

1297 2163 1413 2185 lomaeum
1431 2163 1476 2185 570
1494 2169 1506 2185 3

1346 2203 1448 2224 1011113135
1464 2214 1494 2218 -
1513 2202 1633 2224 Transitns
1645 2208 1686 2229 per
1698 2201 1818 2224 lordanem
1836 2201 1862 2223 si-

1298 2241 1391 2269 gnificat
1408 2241 1528 2263 transitum
1541 2241 1570 2263 de
1588 2241 1721 2263 melioribus
1733 2241 1761 2263 ad
1774 2240 1861 2268 optima

1299 2280 1326 2302 42
1345 2286 1356 2302 a

1344 2320 1419 2342 lost-:rii
1438 2332 1465 2334 —
1484 2319 1645 2346 interpretatur
1662 2319 1778 2346 appositio
1795 2318 1835 2340 194
1849 2324 1861 2340 3

1298 2371 1326 2374 -
1343 2358 1453 2381 exaltatus
1470 2361 1504 2380 est
1516 2361 1611 2386 propter
1623 2358 1774 2380 humilitatem
1788 2357 1833 2379 577
1846 2357 1861 2379 b

1297 2411 1326 2414 --
1344 2398 1443 2420 removit
1460 2404 1471 2419 3
1491 2397 1598 2419 fratribus
1615 2397 1662 2419 suis
1674 2397 1730 2419 iram
1744 2396 1788 2418 377
1806 2403 1817 2418 3
1830 2409 1861 2413 -

1297 2441 1331 2459 est
1348 2437 1421 2465 figura
1448 2436 1530 2459 Christi
1556 2437 1601 2458 666
1628 2436 1649 2458 b.
1668 2437 1712 2458 726
1732 2442 1743 2457 3
1761 2448 1791 2452 -
1808 2436 1861 2458 Eius

1298 2476 1468 2498 benedictiones
1485 2476 1592 2504 impletae
1609 2475 1696 2497 suntin
1714 2475 1803 2497 Christo
1815 2475 1860 2497 685

1296 2522 1309 2538 3
1328 2528 1355 2533 —
1373 2518 1448 2543 potest
1465 2515 1596 2543 significare
1614 2515 1729 2537 hominem
1743 2520 1862 2542 apponen-

1298 2559 1342 2577 tem
1360 2561 1400 2577 cor
1418 2561 1485 2577 suum
1504 2554 1532 2576 ad
1546 2554 1639 2576 delicias
1652 2554 1779 2576 mundiales
1795 2553 1835 2575 194
1848 2559 1861 2575 a

1297 2608 1327 2610 —
1344 2595 1386 2616 Per
1405 2595 1484 2621 loseph
1506 2585 1712 2621 prudentissimum
1730 2593 1861 2620 intelligitur

1296 2635 1384 2656 donum
1403 2634 1509 2656 scientiae
1527 2634 1571 2655 665
1591 2633 1604 2654 b

1343 2687 1374 2689 —
1391 2679 1490 2701 sponsus
1508 2673 1591 2694 Mariae
1607 2675 1656 2694 erat
1677 2672 1706 2694 dc
1724 2678 1809 2699 genere
1826 2678 1860 2693 re-

1297 2719 1353 2741 gum
1372 2713 1400 2735 98
1419 2712 1434 2734 b
1452 2726 1480 2729 —
1500 2713 1560 2734 Deus
1586 2711 1669 2738 voluit,
1688 2714 1712 2733 ut
1737 2711 1805 2733 Maria
1824 2711 1861 2733 de-

1297 2756 1405 2780 sponsata
1423 2755 1482 2774 esset
1500 2752 1593 2779 loseph,
1612 2754 1636 2773 ut
1653 2751 1701 2778 ipsa
1720 2751 1802 2772 melius
1814 2756 1861 2772 ser-

1298 2795 1363 2814 varet
1385 2791 1541 2814 obedientiam
1566 2791 1610 2812 522
1634 2790 1649 2812 h
1666 2802 1697 2806 —
1714 2790 1807 2812 Mariam
1826 2796 1860 2812 re-

1297 2832 1386 2859 spicere
1408 2837 1452 2853 non
1476 2830 1550 2858 potuit
1572 2830 1617 2852 702
1644 2829 1665 2851 b.
1683 2830 1728 2851 703
1747 2836 1767 2851 a.
1784 2829 1829 2851 706
1848 2836 1860 2851 a

1297 2883 1327 2887 —-
1345 2871 1366 2892 111
1384 2870 1502 2892 nativitate
1519 2869 1601 2892 Christi
1625 2868 1790 2891 consideranda
1809 2872 1862 2890 sunt

1298 2910 1348 2932 eius
1365 2909 1507 2934 reverentia,
1524 2909 1621 2935 iustitia,
1639 2908 1788 2937 obsequium,
1806 2908 1861 2930 cari-

1297 2952 1332 2971 tas
1352 2949 1393 2971 123
1412 2955 1423 2970 3
1441 2961 1472 2965 -
1489 2955 1531 2976 per
1542 2948 1686 2971 sedulitatem
1701 2948 1826 2970 officiosam
1840 2951 1862 2969 et

1299 2989 1359 3017 piam
1389 2988 1543 3011 venerabatur
1571 2989 1663 3011 Partum
1689 2991 1711 3010 et
1733 2987 1861 3016 parientem

1738 3035 1766 3057 Ἰ17
