2269 3448
741 218 782 245 DE
805 217 879 245 Vl'ra
902 217 1066 247 SERAt‘tttCt
1091 218 1262 247 DOCTORIS.
1841 226 1877 253 115

125 298 221 325 contra
242 295 372 324 Ordinem
396 296 522 324 Fratrum
546 295 691 324 Minorum.
717 295 847 324 Omnium
876 304 973 331 agmen

124 342 206 371 duxit
227 342 390 371 Guillehnus
415 342 448 371 de
470 343 495 370 S.
518 345 631 376 Amore,
652 342 699 379 qui
726 345 822 371 contra
845 343 973 378 15311390-

125 389 197 417 tium
218 392 370 417 aeternum
391 389 505 417 Gerardi
532 389 608 417 velut
637 388 773 417 vexillifer
802 389 974 416 tumultuan-

125 436 193 464 tium
209 444 251 464 an.
271 436 343 464 1255
366 436 500 464 famosum
517 435 759 472 perniciosumque
781 435 883 463 librum
899 443 974 464 com-

124 482 252 520 posuit¹:
283 483 440 511 Tractacus
462 482 556 510 brevis
580 482 614 510 de
641 481 782 519 perieulis
802 482 974 510 novissimo-

124 538 194 558 rum
220 533 400 565 temporum,
427 529 473 566 qui
504 529 613 565 incipit:
641 540 654 553 α
671 529 752 563 Ecce,
776 529 898 557 videntes
919 529 973 557 cla-

125 577 239 605 mabunt
261 576 327 604 soris
343 587 368 603 ».
391 576 471 604 Liber
494 576 544 604 iste
563 584 615 604 non
640 576 728 612 potuit
750 584 893 604 1031311010
915 576 973 604 sine

125 622 304 656 101111311030;
326 626 422 651 contra
439 622 514 651 illum
532 622 750 651 insurrexerunt
766 622 845 659 primi
863 622 971 651 calami:

124 670 149 697 S.
172 670 291 698 Thomas
312 669 447 706 Aquinas,
469 669 579 706 quidam
603 669 688 698 frater
717 670 803 698 Minor
829 670 887 698 sive
910 670 973 699 Ber-

125 717 239 745 trandus
260 717 293 745 de
316 717 431 751 Baiona,
453 717 525 750 sive,
549 721 579 745 ut
600 717 644 745 alii
669 717 777 750 volunt,
800 717 919 745 Thomas
939 717 973 745 de

124 764 260 797 Eboraco,
283 766 309 792 et
341 764 365 791 S.
389 763 581 792 Bonaventura
596 764 615 792 ².
638 764 759 792 Confecit
781 764 865 800 igitur
889 764 973 792 liona-

124 813 242 839 ventura
271 813 417 839 tractatum
446 810 479 839 de
511 814 673 847 paupertate
703 811 828 844 Parisiis,
856 811 890 839 de
917 820 973 848 quo

123 857 189 886 satis
209 857 312 885 dictum
328 861 369 885 est:
384 857 446 886 alibi
460 858 486 891 ⁸;
502 857 548 886 sed
565 858 700 894 Anagniae
715 858 829 886 fuerunt
845 866 973 894 praesen-

124 906 164 932 tes
175 903 200 931 4:
219 903 366 937 liubertus,
386 903 513 940 Magister
530 903 761 938 Praedicatorum,
777 904 904 933 Albertns
920 905 973 932 Ma-

122 958 208 987 gnus,
230 950 254 977 S.
278 950 412 984 Thomas,
435 951 557 979 Minister
584 951 721 987 generalis
748 951 859 980 Ordinis
889 952 972 979 Mino-

123 1005 202 1031 rum,
224 997 326 1026 seilicet
349 998 460 1026 loannes
475 997 508 1026 de
528 998 623 1026 Parma
635 998 653 1025 ⁵.
674 998 774 1027 ibidem
791 998 834 1027 die
851 999 875 1027 5.
892 998 972 1027 Octo-

122 1044 180 1073 bris
204 1045 277 1073 1256
302 1045 369 1073 liber
390 1044 527 1073 Guillelmi
552 1045 602 1073 l'uit
623 1046 853 1074 condemnatusss.

200 1091 311 1119 Constat
334 1091 492 1128 hucusque,
516 1092 540 1119 S.
565 1091 785 1120 Bonaventuram
818 1101 907 1129 usque
938 1093 971 1121 ad

122 1146 165 1167 an.
191 1139 263 1167 1255
292 1138 417 1167 docuisse
449 1139 475 1167 in
509 1139 689 1167 Universitate
718 1140 878 1174 Parisiensi‚
907 1148 970 1168 cum

122 1270 158 1286 311.
175 1264 228 1287 1251
245 1271 268 1291 n.
281 1264 328 1291 34.;
350 1264 378 1286 ad
397 1270 449 1286 ann.
473 1263 530 1285 1255
548 1270 570 1285 n.
594 1264 597 1285 Ι
621 1270 686 1292 seqq.
704 1263 820 1292 Sbaratea,
839 1265 971 1293 Bullarium,

123 1304 178 1324 tom.
196 1303 217 1324 ll.
237 1309 291 1330 pag.
309 1303 347 1324 32.

185 1341 192 1353 ¹
211 1341 321 1364 Chronica
341 1342 415 1364 XXIV
433 1342 578 1364 Generalium
597 1342 626 1364 ita
644 1348 692 1364 rem
706 1342 808 1364 exhibet:
824 1352 834 1362 «
846 1343 870 1365 Et
887 1343 969 1365 eodem

122 1386 182 1402 anno
201 1381 283 1409 (1251,
301 1381 343 1403 sed
360 1382 464 1409 erronee)
481 1381 553 1403 oritur
571 1381 684 1404 dissensio
698 1382 866 1404 1)31·ἰ3111311111·1
878 1383 971 1404 Univer-

121 1420 210 1442 sitatcm
229 1420 364 1443 clericorum
377 1424 399 1442 et
416 1426 530 1448 pauperes
547 1421 700 1443 Mendicantes
717 1421 836 1449 religiosos
853 1422 971 1444 studentes

122 1459 143 1481 in
167 1459 294 1487 theologia,
312 1460 429 1482 incentore
452 1460 564 1482 malorum
583 1460 703 1482 Guillelmo
726 1461 755 1482 de
781 1461 863 1482 Sancto
886 1461 971 1482 Amore

122 1499 252 1526 theologiae
269 1499 374 1527 doctore⁷
392 1499 444 1527 qui,
457 1499 486 1521 ad
499 1498 646 1521 sobrietatem
664 1505 709 1521 non
728 1500 831 1527 sapiens,
850 1503 926 1521 contra
939 1500 971 1522 di-

122 1541 211 1560 ctorum
230 1538 398 1566 Religiosorum
416 1544 547 1566 pauperum
568 1541 652 1560 statum
671 1538 771 1560 libellum
790 1539 968 1561 ditl‘amatnriiim

121 1578 291 1605 promulgavit,
309 1584 428 1604 asserens,
446 1578 507 1606 quod
532 1584 575 1600 non
595 1581 659 1600 erant
677 1578 697 1599 111
716 1580 774 1600 statu
793 1578 969 1607 salvandorum,

121 1621 228 1639 necerat
251 1618 283 1640 eis
307 1618 423 1639 meritoria
446 1623 527 1640 eorum
553 1618 688 1640 mendicitas
713 1622 735 1640 et
760 1622 897 1646 paupertas,
916 1624 968 1640 cum

120 1657 232 1679 deberent
249 1657 349 1684 propriis
367 1656 475 1679 manibus
498 1656 615 1683 laborare;
634 1657 746 1686 quodque
767 1657 796 1679 de
821 1657 910 1679 licentia
928 1658 970 1679 tio-

120 1696 181 1718 mani
200 1696 314 1718 Pontificis
336 1702 376 1718 scu
403 1696 599 1718 Dioecesanorum
623 1696 758 1723 praedicare
776 1696 970 1719 0100111033101103

120 1735 200 1757 audire
218 1741 263 1757 uon
282 1737 398 1763 poterant,
416 1742 469 1757 cum
489 1741 514 1757 ex
533 1736 575 1757 hoc
588 1735 672 1757 curatis
687 1736 855 1763 praeiudicium
875 1736 969 1758 interre-

120 1777 162 1795 1111.
177 1773 332 1795 intitulabatur
344 1776 420 1796 autem
434 1773 524 1796 libellus
537 1774 582 1796 ille:
596 1774 716 1796 Tractatus
730 1773 808 1796 brevis
820 1774 848 1796 de
863 1774 970 1802 periculis

120 1813 300 1835 novissimorum
319 1817 458 1841 temporum,
471 1813 537 1835 cuius
554 1813 694 1841 principium
712 1816 771 1835 erat:
790 1813 855 1841 Ecce,
867 1813 969 1836 ridentes

120 1852 257 1875 clamabunt
273 1852 342 1881 sbi-is.
356 1853 382 1875 Et
397 1853 480 1874 eodem
498 1855 602 1880 tempore
621 1852 699 1878 (debet
716 1858 767 1875 esse
784 1859 820 1875 an.
844 1854 910 1881 1256)
929 1854 970 1875 sra-

120 1894 153 1914 101·
171 1892 311 1914 Rern-andus
328 1892 357 1914 de
375 1892 458 1914 Baiona
477 1892 506 1915 de
529 1892 649 1914 Provincia
671 1892 818 1921 Aquitaniae,
841 1893 970 1920 theologiae

120 1931 216 1953 multum
236 1932 338 1953 famosus
356 1932 477 1958 magister,
495 1931 527 1953 sic
545 1934 598 1959 apte
620 1937 662 1959 pro
688 1931 808 1959 Religiosis
826 1931 969 1954 3103111033ῑί-

120 1969 164 1992 bus
181 1971 319 1997 peroravit...
332 1979 353 1992 n.
372 1971 501 1993 Notandum
515 1973 599 1997 tamen,
611 1973 729 1992 auctorem
742 1970 909 1993 Chronicorum
923 1977 968 1993 non

120 2015 171 2031 esse
188 2012 292 2032 exactum
310 2011 387 2038 quoad
413 2016 499 2032 annum
524 2010 684 2038 publicationis
706 2009 787 2038 libelli,
805 2010 844 2038 qui
865 2013 913 2032 erat
930 2016 967 2032 an.

120 2047 180 2069 11254
199 2049 234 2070 vel
256 2048 326 2076 1255,
343 2055 386 2070 nee
403 2049 480 2077 quoad
498 2055 592 2071 causam
609 2049 660 2071 litis.
672 2049 717 2071 Csr.
729 2049 833 2071 Analecta
848 2049 968 2075 Francisc.,

120 2089 174 2108 tom.
193 2087 226 2108 111.
243 2093 298 2115 pag.
318 2087 363 2109 272
381 2090 403 2109 01
420 2087 476 2109 ibid.
494 2090 539 2109 not.
558 2088 579 2109 8.

182 2125 191 2138 2
211 2127 261 2149 vict.
280 2130 334 2149 tom.
352 2127 379 2149 V.
398 2133 451 2155 pag.
472 2128 506 2149 Vl.
524 2134 572 2156 seq.

183 2164 192 2177 ³
210 2165 273 2193 ibid„
292 2166 331 2188 ubi
348 2169 395 2188 tota
413 2167 517 2195 qnaestIO
535 2173 547 2188 a
565 2167 632 2189 nobis
652 2167 734 2189 diffuse
758 2167 886 2189 exhibetur.
905 2168 969 2189 Prae-

120 2207 181 2227 terea
199 2206 238 2227 cfr.
257 2206 280 2227 in
298 2206 413 2233 praesenti
431 2206 549 2228 volumine
566 2212 620 2234 pag.
640 2207 667 2228 '10
685 2207 727 2228 col.
746 2207 759 2228 1.
778 2209 800 2228 et
818 2207 840 2228 ll.

182 2244 191 2256 ⁴
208 2245 310 2267 Thomas
327 2244 541 2273 Cantimpratanus,
560 2246 587 2268 O.
605 2246 634 2271 P..
652 2245 679 2268 cle
698 2245 799 2274 Apibus,
818 2246 831 2267 1.
850 2246 873 2267 ll.
890 2252 910 2267 0.
936 2247 968 2267 lt).

120 2290 141 2305 n.
160 2285 202 2311 23,
222 2284 260 2307 ubi
278 2285 301 2306 in
319 2285 386 2307 editis
403 2284 464 2314 falso
486 2285 570 2306 dicitur
595 2284 773 2312 Bouaventttra,
793 2285 833 2306 sed
855 2285 875 2306 in
895 2285 970 2306 melio-

119 2323 184 2345 ribus
198 2324 266 2346 codd.
278 2324 431 2351 supprimitur
443 2330 527 2346 nomen
540 2324 635 2351 [fonde.¹
651 2327 747 2346 testante
760 2324 782 2345 Ρ.
795 2324 889 2350 Denitie,
903 2324 969 2346 Char-

120 2363 240 2391 tularium,
259 2365 315 2385 tom.
335 2364 348 2385 1.
368 2369 421 2390 pag.
440 2363 493 2391 333,
510 2366 562 2385 nota
582 2363 602 2384 3.
621 2366 642 2385 et
660 2369 713 2391 pag.
732 2363 785 2384 3:39.

182 2401 191 2414 ⁵
211 2411 222 2421 a
233 2402 318 2424 Eodem
332 2406 408 2424 aulem
419 2408 478 2424 33110
489 2403 526 2428 (29
537 2402 629 2425 Octobr.
641 2402 818 2431 1255)0111310113
827 2402 945 2430 Anagniae
956 2411 965 2423 1>

120 2441 225 2470 (loannes
242 2441 271 2463 (10
289 2441 387 2469 Parma),
406 2442 510 2463 Analecta
530 2441 649 2469 Francisc.,
668 2445 721 2463 10111.
741 2442 772 2463 111,
792 2447 845 2469 pag.
864 2441 917 2463 279.

183 2479 193 2492 ⁶
211 2480 341 2502 Bcrnardus
358 2486 370 2502 a
388 2481 456 2502 Bessa
475 2481 497 2502 in
514 2487 556 2502 suo
575 2481 679 2508 catalogo
695 2481 724 2502 ita
748 2483 817 2502 totam
836 2486 884 2502 rem
904 2487 969 2508 gone-

120 2520 166 2542 rice
184 2523 271 2541 narrat:
292 2528 303 2540 κ
314 2519 361 2542 Sub
379 2520 447 2542 huius
465 2520 572 2548 (loannis)
586 2520 711 2542 ministerio
725 2520 824 2542 Parisius
836 2520 969 2542 Guillelmus

120 2559 149 2581 de
166 2559 249 2581 Sancto
267 2561 363 2583 Amore.
381 2559 462 2581 doctor
486 2559 619 2586 theologus,
639 2558 680 2580 sed
700 2558 732 2581 ud
753 2558 903 2581 sobrietatem
920 2565 969 2581 non

120 2598 226 2628 sapiens,
247 2602 326 2620 eontra
352 2599 521 2626 Religiosorum
544 2605 674 2626 pauperum
700 2601 798 2626 statum,
816 2601 838 2620 et
854 2598 917 2627 quod
940 2598 968 2620 de

120 2639 285 2661 commissione
310 2638 396 2660 summi
423 2637 536 2660 l‘ontil‘icis
557 2638 592 2660 vel
610 2637 784 2660 Ordinarioruin
807 2644 851 2659 nou
875 2641 969 2665 possent

122 2678 223 2700 fidelium
240 2678 397 2700 consessiones
414 2677 494 2699 audire
512 2677 561 2699 sine
578 2677 667 2699 licentia
690 2677 781 2705 speciali
801 2677 967 2704 parochialium

121 2717 280 2743 sacerdotum,
298 2716 398 2738 libellum
416 2716 594 2738 distamatorinm
622 2716 786 2744 promulgavit.
809 2716 853 2738 Sed
876 2719 967 2743 postea,

120 2756 238 2778 Fratribus
255 2762 297 2783 pro
320 2755 421 2777 veritatis
441 2755 573 2777 defensione
596 2754 746 2782 instantibus,
764 2755 853 2777 libellus
872 2755 967 2783 quidem

121 2796 197 2823 primo
215 2801 294 2817 coram
311 2795 439 2817 Alexandro
458 2796 517 2822 Papa
536 2795 572 2821 lV,
589 2795 628 2823 qui
646 2801 699 2817 eum
713 2795 742 2817 de
754 2795 857 2817 Fratrum
871 2800 967 2817 suorum

122 2835 229 2862 consilio,
246 2835 290 2857 sub
307 2835 459 2857 anathematis
482 2835 567 2856 ultione
593 2835 614 2856 in
632 2841 672 2857 eos
688 2835 729 2863 qui
747 2837 849 2856 tenerent
875 2837 896 2856 et
922 2840 968 2855 non

121 2874 234 2901 delerent,
260 2874 424 2900 damnaverat,
447 2873 532 2895 deinde
558 2873 658 2896 Parisius
680 2880 757 2896 coram
784 2874 888 2901 piissimo
914 2876 968 2895 tunc

120 2919 176 2941 rege
193 2913 347 2940 Francorum,
365 2919 425 2935 nune
443 2913 578 2935 Sanctorum
597 2916 724 2941 aggregato
742 2916 764 2935 et
780 2913 897 2940 adscripto
910 2914 968 2934 cata-

121 2952 174 2980 logo
192 2956 270 2974 sancto
293 2952 426 2978 Ludovico,
445 2952 590 2974 multitudine
615 2955 754 2979 convocata,
777 2952 909 2974 solemniter
934 2954 967 2973 est

121 2991 265 3014 combustus.
283 2992 360 3013 Dictus
377 2997 433 3013 vero
458 2991 591 3013 Guillelmus
609 2991 638 3013 de
655 2994 701 3013 toto
719 2991 826 3013 Franciae
844 2997 916 3018 regno
933 2997 967 3012 ex-

122 3031 201 3058 pulsus
219 3033 252 3053 est
265 3039 285 3052 ».
304 3031 409 3052 Analecta
427 3031 548 3058 Francisc.,
565 3034 619 3053 tom.
639 3031 672 3053 111.
692 3037 745 3058 pag.
764 3031 816 3053 698.

1030 296 1140 324 demum
1164 297 1215 325 isto
1236 298 1328 325 anno¹
1353 302 1465 334 propter
1489 300 1561 328 litem
1579 301 1744 336 praedictam
1769 302 1877 330 illorum

1032 343 1226 379 magistrorum
1251 344 1448 379 praelectiones
1466 350 1620 380 cessarent;
1635 350 1718 383 atque
1735 352 1880 384 propterea

1032 389 1134 417 tamdiu
1157 389 1258 418 dilatus
1279 390 1302 418 ei
1325 390 1377 419 suit
1399 392 1496 421 titulus
1516 393 1668 429 maffia-tri,
1690 403 1746 430 quo
1767 395 1877 423 demum

1030 444 1073 464 an.
1100 437 1173 464 1257
1205 436 1257 465 snit
1289 437 1443 473 insignitus.
1468 439 1513 467 Ubi
1546 443 1638 468 autem
1670 441 1705 469 ab
1736 450 1780 470 an.
1805 444 1877 471 1255

1030 490 1119 518 usque
1141 483 1173 511 ad
1195 492 1238 511 an.
1264 485 1347 518 1257,
1370 493 1425 521 quo
1446 486 1550 515 electus
1581 490 1622 515 est
1651 488 1772 516 Minister
1797 497 1878 525 gene-

1031 529 1095 557 ralis
1113 533 1140 557 et
1156 530 1266 564 Doctor,
1282 535 1406 560 moratus
1427 532 1462 560 sit
1483 533 1584 569 quidve
1606 535 1724 570 egerit&
1748 544 1799 563 non
1826 540 1877 564 tam

1030 575 1107 604 facile
1129 576 1218 604 dirimi
1243 580 1345 613 potest,
1367 579 1495 614 quamvis
1518 580 1658 615 probabile
1680 581 1723 615 sit,
1746 590 1808 609 eum
1833 591 1879 618 po-

1031 622 1115 650 tuisse
1138 623 1246 651 Parisiis
1267 624 1365 653 studiis
1387 629 1414 653 et
1436 626 1667 662 praelectionibus
1688 628 1814 657 Fratrum
1839 630 1878 657 in-

1029 669 1169 698 cumbere.

1109 717 1240 753 Quamvis
1270 721 1378 755 tempus
1399 720 1620 756 antecapiamus,
1644 725 1733 750 tamen
1766 727 1878 759 propter

1030 762 1189 791 affinitatem
1212 764 1343 793 materiae
1365 766 1560 803 subiungimus
1582 768 1607 795 in
1629 769 1716 804 capite
1731 769 1764 797 de
1780 770 1878 798 studiis

1029 809 1099 838 duas
1113 811 1303 846 quaestiones,
1326 812 1383 840 scil.
1406 814 1516 849 quando
1538 817 1565 842 et
1586 815 1639 843 sub
1660 816 1763 852 quibus
1784 817 1877 853 auspi-

1030 856 1078 885 ciis
1102 857 1293 886 bonaventura
1316 859 1403 887 factus
1425 860 1459 888 sit
1482 861 1620 897 magister,
1636 866 1719 899 atque
1741 864 1878 899 quomodo

1031 904 1168 939 posterius
1190 905 1215 932 in
1238 908 1299 933 orta
1319 906 1411 934 denuo
1435 907 1479 935 lite
1503 908 1691 938 Universitatis
1721 910 1879 939 parisiensis

1030 957 1058 977 se
1078 950 1210 985 gesserit,
1232 951 1256 979 id
1279 955 1320 979 est
1341 959 1383 980 33.
1410 954 1483 981 1257
1507 962 1556 990 pro
1579 955 1667 991 prima
1688 959 1715 984 et
1736 964 1779 984 an.
1804 958 1877 985 1268

1030 996 1056 1024 in
1078 997 1164 1025 altera
1186 998 1354 1033 quaestione.

1109 1044 1133 1071 6.
1158 1045 1232 1072 Anno
1256 1045 1329 1073 1256
1352 1045 1395 1074 die
1418 1047 1442 1074 5.
1466 1046 1608 1081 Octobris,
1636 1052 1666 1076 ut
1694 1049 1797 1078 dictum
1821 1054 1878 1085 est,

1028 1089 1119 1117 adhuc
1148 1094 1211 1118 ante
1238 1091 1398 1120 electionem
1430 1093 1637 1123 bonaventurae
1668 1096 1692 1123 in
1722 1097 1876 1125 Ministrum

1028 1137 1200 1172 generalem,
1223 1138 1277 1166 lata
1298 1139 1349 1167 t'uit
1372 1139 1397 1167 in
1420 1148 1503 1168 causa
1525 1142 1646 1177 magistri
1669 1143 1804 1172 Guillelmi
1822 1153 1837 1172 a
1852 1145 1877 1172 S.

1029 1184 1126 1211 Amore
1154 1188 1368 1222 ceterorumque
1400 1187 1534 1215 sententia
1567 1191 1752 1226 peremptoria
1781 1191 1879 1220 litteris

1028 1231 1197 1266 apostolicis:
1223 1232 1373 1261 Romanus
1398 1234 1555 1270 Dontt'lcxss
1577 1238 1627 1264 etc.
1661 1236 1774 1273 insuper
1797 1239 1878 1274 paulo

1029 1280 1090 1313 post
1111 1278 1206 1306 eodem
1228 1287 1300 1307 anno
1321 1283 1348 1308 et
1371 1288 1463 1309 mense
1478 1281 1521 1310 die
1544 1282 1588 1310 23.
1605 1283 1708 1311 editum
1731 1284 1783 1312 suit
1803 1285 1878 1313 aliud

1029 1324 1244 1354 instrumentum
1278 1327 1437 1363 publicum,
1470 1329 1543 1365 quod
1579 1330 1692 1358 exhibet
1724 1331 1795 1360 inter
1826 1332 1879 1360 alia

1029 1372 1228 1407 conditionem,
1250 1374 1303 1402 snb
1324 1383 1379 1411 qna
1400 1375 1510 1404 duobus
1542 1385 1570 1405 se
1592 1378 1802 1407 subiicientibus
1825 1387 1878 1408 ma-

1028 1419 1122 1455 gistris
1145 1420 1358 1455 parisiensibus,
1381 1422 1484 1451 301110οῑ
1499 1423 1584 1451 Odoni
1601 1424 1634 1452 de
1651 1425 1743 1453 Duaco
1757 1429 1784 1454 et
1799 1426 1878 1454 Chri-

1029 1466 1116 1494 stiano
1128 1467 1160 1495 de
1177 1467 1319 1501 Virdunio,
1335 1470 1467 1497 canonico
1483 1470 1658 1505 Bellvaceusi,
1675 1480 1762 1507 poena
1777 1473 1877 1502 luenda

1028 1516 1101 1545 erat,
1123 1517 1149 1542 et
1171 1522 1253 1550 quam
1277 1515 1431 1544 iuramento
1457 1517 1568 1545 firmare
1589 1517 1740 1553 debebant,
1763 1528 1875 1556 nempe:

1033 1572 1044 1584 ιι
1061 1560 1199 1595 Secundo,
1222 1562 1294 1598 quod
1317 1562 1417 1591 fratres
1441 1563 1643 1593 l’raedicatores
1658 1568 1684 1593 et
1700 1566 1816 1595 Minores
1833 1567 1878 1594 Pa-

1030 1607 1112 1635 risins
1133 1607 1278 1644 degentes,
1302 1609 1447 1645 magistros
1468 1613 1494 1638 et
1509 1611 1650 1639 auditores
1664 1620 1760 1640 eorum
1777 1616 1804 1641 et
1818 1621 1877 1649 spe-

1028 1654 1132 1682 cialiter
1153 1662 1184 1682 ac
1206 1656 1365 1684 nominatim
1387 1657 1496 1685 Fratres
1524 1657 1663 1686 'l'liomcim
1695 1660 1728 1687 (ίο
1761 1660 1876 1697 Aquino

1028 1700 1060 1729 de
1083 1700 1185 1729 Ordine
1209 1702 1430 1731 Praedicatorum
1453 1707 1479 1731 et
1511 1705 1751 1733 Boncwentmam
1773 1706 1806 1734 de
1828 1706 1876 1734 Or—

1027 1747 1090 1776 dine
1112 1748 1264 1783 Minorum,
1286 1750 1415 1778 doctores·
1437 1749 1593 1787 llzeologyt'cte
1618 1760 1652 1779 ex
1681 1756 1766 1785 11130,
1788 1761 1876 1789 quan-

1029 1797 1086 1822 tum
1111 1795 1135 1822 in
1158 1795 1197 1823 eis
1219 1799 1305 1829 esset,
1328 1796 1354 1824 in
1388 1797 1544 1825 societatem
1577 1799 1766 1827 scholasticam
1796 1803 1822 1827 et
1843 1800 1875 1828 ad

1029 1842 1238 1871 Universitatem
1256 1843 1433 1872 Parisiensem
1451 1844 1606 1881 reciperent
1621 1849 1652 1873 ut
1668 1846 1812 1882 magistros
1823 1848 1834 1863 4
1849 1858 1876 1874 ».

1030 1889 1133 1917 Revera
1153 1890 1283 1926 magister
1299 1891 1457 1919 nominatus
1471 1891 1645 1920 Christianus
1659 1892 1809 1921 declaravit
1824 1894 1876 1922 hoc

1029 1937 1098 1965 idem
1123 1937 1231 1965 Parisiis
1252 1937 1296 1966 die
1314 1939 1356 1966 12.
1373 1938 1485 1974 Augusti
1512 1940 1584 1967 1257
1601 1939 1626 1967 in
1646 1939 1726 1968 domo
1749 1940 1876 1969 Fratrum

1028 1984 1164 2012 Minorum
1188 1984 1380 2013 Parisiensimn
1404 1993 1495 2013 coram
1516 1986 1576 2013 viro
1597 1986 1696 2019 iurato,
1713 1986 1840 2014 mandato
1861 1994 1877 2014 a

1030 2030 1175 2067 Reginaldo
1196 2031 1324 2067 episcopo
1347 2032 1489 2060 l'arisiensi
1502 2032 1521 2059 ⁵.
1545 2032 1585 2060 Ex
1607 2032 1659 2060 hoc
1687 2033 1876 2069 consequitur,

1091 2166 1098 2179 ¹
1117 2166 1151 2189 Ad
1169 2167 1236 2188 1313111
1254 2166 1407 2188 cessationem
1424 2167 1494 2189 studii
1516 2167 1647 2189 Parisiensis
1666 2173 1702 2189 an.
1724 2168 1781 2189 1255
1798 2168 1876 2190 viden-

1028 2208 1064 2228 tur
1081 2206 1159 2227 referri
1178 2205 1249 2227 verba
1277 2206 1464 2232 ssonax‘enturae,
1483 2212 1543 2234 quae
1561 2206 1583 2228 111
1609 2206 1654 2228 fine
1671 2207 1784 2229 sermonis
1806 2207 1835 2229 de
1854 2207 1875 2229 S.

1028 2246 1115 2273 Marco,
1133 2245 1288 2272 Evangelista,
1306 2245 1326 2266 in
1345 2245 1383 2267 die
1401 2245 1476 2267 Sancti
1495 2245 1563 2267 huius
1581 2252 1647 2267 manc
1666 2246 1693 2267 ad
1712 2246 1735 2268 S.
1752 2247 1874 2268 Antonium

1028 2284 1186 2312 pronuntiavit
1204 2284 1306 2306 Parisiis:
1327 2293 1337 2303 (ι
1351 2284 1449 2306 01011133
1467 2290 1509 2312 pro
1526 2288 1585 2307 statu
1604 2286 1727 2313 Ecclesiae,
1750 2287 1875 2313 praecipue

1028 2329 1070 2350 pro
1088 2323 1164 2345 studio
1183 2323 1316 2349 varisiensi,
1334 2322 1397 2351 quod
1421 2322 1490 2345 modo
1513 2324 1600 2351 cessat,
1620 2326 1642 2345 et
1664 2326 1732 2351 puto,
1749 2325 1813 2352 quod
1830 2325 1875 2347 dia·

1029 2362 1094 2384 bolus
1120 2362 1171 2384 secit
1194 2362 1264 2384 modo
1287 2362 1410 2383 maximam
1429 2364 1518 2389 partem
1544 2368 1600 2384 suae
1623 2363 1757 2391 voluntatis,
1781 2364 1875 2391 quando

1028 2402 1162 2429 procuravit
1180 2401 1201 2423 in
1219 2400 1340 2425 cordibus.
1358 2400 1421 2430 quod
1437 2402 1545 2428 cessaret,
1566 2402 1619 2429 quia
1639 2403 1682 2423 hoe
1699 2405 1732 2424 est
1756 2408 1827 2424 unum
1846 2402 1875 2424 de

1028 2440 1154 2463 maioribus
1172 2440 1273 2467 damnis,
1291 2440 1353 2469 quod
1381 2440 1429 2468 ipse
1452 2440 1523 2467 possit
1548 2441 1622 2462 tacere
1640 2444 1732 2463 sanetae
1750 2441 1875 2468 Ecclesiae,

1028 2480 1083 2508 quia
1100 2480 1202 2502 studium
1222 2479 1320 2501 parisius
1338 2483 1371 2501 est
1389 2480 1450 2505 sons,
1468 2485 1480 2501 a
1497 2486 1544 2507 quo
1562 2479 1629 2501 rivuli
1648 2483 1730 2501 exeunt
1747 2486 1788 2507 per
1801 2483 1874 2502 totum

1028 2520 1141 2541 mundum
1159 2522 1181 2541 et
1198 2519 1303 2547 episcopi
1320 2522 1342 2541 et
1359 2519 1526 2546 archiepiscopi
1544 2522 1566 2541 01
1583 2519 1619 2541 3111
1637 2519 1785 2541 eeclesiarum
1804 2523 1875 2541 recto-

1027 2566 1096 2582 res».
1116 2560 1180 2582 Tom.
1199 2560 1236 2582 lX.
1255 2566 1307 2587 pag.
1326 2559 1371 2581 524
1389 2560 1431 2581 (sol.
1455 2560 1470 2580 Ι.

1089 2598 1098 2610 ²
1116 2599 1217 2621 Sustinet
1243 2599 1338 2625 Boneili,
1362 2598 1516 2624 Prodromus,
1538 2599 1581 2620 col.
1609 2598 1633 2619 16
1656 2601 1678 2619 et
1699 2598 1754 2620 ibid.
1777 2601 1823 2620 not.
1847 2599 1873 2623 11,

1027 2638 1091 2666 quod
1117 2638 1278 2660 Bon-arentum
1299 2646 1310 2657 11
1323 2638 1455 2660 cathedram
1477 2637 1560 2663 tenuit,
1578 2637 1632 2658 nihil
1650 2636 1755 2659 obstante
1773 2637 1810 2658 lite
1822 2645 1831 2656 n
1853 2639 1875 2659 et

1031 2677 1198 2705 «publicarum
1224 2677 1404 2705 praelectionum
1431 2683 1524 2699 cursum
1550 2682 1698 2705 nequaquam
1721 2676 1873 2704 abruperit».

1026 2718 1054 2738 At
1071 2716 1220 2738 consideratis
1238 2716 1273 2738 his
1290 2722 1350 2744 quae
1367 2716 1479 2743 diximus,
1497 2718 1519 2737 et
1536 2714 1747 2737 elucubrationibus
1764 2715 1874 2737 kirchen-

1026 2755 1121 2781 iexicon,
1139 2755 1176 2777 ed.
1195 2756 1216 2776 2.
1234 2758 1289 2777 10111.
1308 2755 1362 2776 Xlll.
1380 2755 1420 2776 col.
1452 2754 1507 2775 1583
1531 2756 1552 2775 et
1575 2754 1673 2781 Denisse,
1691 2753 1873 2781 Chartularium,

1026 2796 1081 2816 tom.
1099 2794 1113 2815 1.
1132 2800 1185 2821 pag.
1204 2794 1248 2816 252
1266 2800 1331 2822 seqq.
1348 2794 1457 2816 sententia
1477 2793 1558 2815 Bonelli
1577 2793 1613 2815 vix
1631 2793 1738 2815 sustineri
1756 2795 1838 2820 potest.

1089 2832 1098 2845 ³
1115 2833 1160 2855 Cir.
1177 2833 1304 2861 Wadding.
1322 2833 1351 2855 ad
1369 2839 1404 2854 an.
1427 2832 1483 2854 1256
1501 2839 1525 2854 n.
1544 2833 1585 2859 3¹3
1605 2831 1720 2858 Sbaralea,
1742 2832 1873 2859 Bullarium,

1026 2875 1081 2894 tom.
1099 2873 1122 2894 11.
1146 2878 1200 2900 pag.
1225 2872 1280 2899 196,
1305 2872 1404 2898 Denisse,
1430 2871 1610 2897 Chartularium,
1634 2874 1689 2892 tom.
1715 2871 1730 2892 1.
1752 2877 1806 2898 pag.
1827 2871 1868 2893 3311

1026 2918 1047 2933 11.
1066 2912 1118 2933 288.

1088 2950 1097 2962 ’¹
1115 2950 1249 2978 Wadding„
1266 2949 1295 2972 ad
1313 2956 1350 2971 an.
1371 2949 1427 2972 1256
1446 2956 1469 2971 11.
1487 2949 1527 2977 37;
1546 2949 1645 2976 Denisse;
1663 2948 1772 2976 Chartul.,
1789 2952 1844 2971 tom.
1858 2949 1873 2971 1.

1026 2996 1080 3018 pag.
1098 2990 1141 3011 338
1161 2996 1181 3011 n.
1201 2990 1253 3011 293.

1087 3028 1096 3041 ⁵
1115 3029 1213 3055 Denisse,
1232 3028 1288 3050 ibid.
1305 3034 1360 3056 pag.
1377 3028 1422 3050 364
1440 3035 1460 3050 n.
1480 3028 1533 3050 317.
