2269 3448
428 201 465 229 84

678 241 730 262 BEL

426 282 555 307 praetereat
572 280 708 307 periculum,
726 282 765 301 aut
782 280 876 307 proprio
894 286 991 307 corpore

427 319 553 341 defendunt
570 320 614 341 295
633 318 647 340 1)

472 359 559 380 Britan
578 371 607 373 —
625 361 755 385 campestre
777 360 810 380 est
828 358 895 380 nobis
912 361 990 380 contra

426 397 551 424 diabolum,
570 397 636 419 civile
659 400 736 419 contra
761 397 884 424 mundum,
908 397 992 420 intesti-

425 442 480 458 num
499 440 576 458 contra
595 442 680 463 corpus
698 436 818 464 proprium
838 437 881 458 266
900 443 911 458 3

472 476 605 498 6010010110
623 488 652 491 -
670 476 779 503 Legimus
792 476 900 497 mulieres
912 475 941 497 ab
954 477 992 498 ho-

426 515 527 537 minibus
545 515 677 537 benedictas
695 518 790 542 propter
807 515 878 537 decus
902 515 992 542 integri-

426 555 484 581 tatis,
501 561 587 576 munus
604 554 748 576 fecunditatis
765 557 786 576 et
803 560 862 581 opus
880 554 992 576 virilitatis

426 594 470 615 683
489 600 500 615 a

473 645 504 649 -
521 633 565 661 Qui
583 633 631 655 vult
649 635 709 655 recte
727 632 865 655 benedicere
879 633 911 654 sic
923 631 991 654 debet

425 671 561 694 benedicere
574 671 669 699 bonum,
683 675 707 694 ut
718 674 795 694 tamen
807 672 933 699 redarguat
946 677 991 693 ma·

425 711 471 733 lum
490 712 535 733 686
553 718 564 732 a
583 723 613 727 —
630 711 658 733 Ut
670 710 800 732 benedictio
812 713 890 732 nostra
903 711 931 732 sit
944 711 991 733 Deo

425 750 516 777 placita,
534 753 631 777 oportet,
649 750 713 778 quod
730 750 759 772 sit
776 751 874 777 pei-secta
892 749 936 772 sub
954 750 991 772 tri<

425 789 477 817 plici
495 792 599 817 respectu
619 789 663 810 686
682 789 703 811 b.
723 789 766 810 687
785 795 805 815 a,
825 788 838 811 b

473 829 610 850 assumeres
626 840 657 844 —
674 831 774 850 tentatus
791 828 820 850 de
839 831 933 855 peccato
945 834 991 850 car-

425 867 460 889 nis
477 867 573 894 proiecit
590 874 614 889 se
631 867 719 889 nudum
739 868 796 889 inter
815 873 898 895 vepres
915 867 960 889 58¹8
978 873 989 889 a

473 907 607 928 assenciunt
631 918 662 922 —
688 906 804 928 Debemus
829 906 940 934 laborare,
967 910 991 928 ut.

425 945 536 967 beneficia
557 946 595 967 Dei
613 952 659 967 non
677 946 759 967 iudicia
778 946 875 973 pariant,
887 946 927 968 sed
940 952 991 974 pro-

424 986 509 1007 fectum
528 985 555 1006 80
575 985 589 1006 b
601 997 631 1001 —
644 985 721 1007 divina
735 984 820 1007 debent
832 991 872 1007 cor
886 988 989 1007 nostrum

426 1027 498 1046 totum
517 1026 681 1046 transformare
698 1024 719 1046 iu
738 1030 841 1046 amorem
860 1025 899 1046 Dei
918 1024 963 1046 342
976 1024 990 1046 b

424 1076 454 1080 —
473 1064 590 1086 Beneficiis
608 1064 691 1085 divinis
714 1063 828 1086 debemus
850 1064 991 1092 respondere

425 1109 466 1130 per
484 1102 557 1125 bonas
574 1103 719 1130 operationes
737 1103 782 1124 385
800 1109 820 1131 a,
838 1102 853 1125 b

472 1142 639 1164 Baras-mmm
657 1155 686 1157 —
704 1142 777 1170 aperit
789 1148 828 1164 cor
841 1145 945 1164 nostrum
961 1142 990 1164 ad

424 1182 593 1209 susceptionem
612 1181 710 1209 Spiritus
728 1182 749 1203 S.
768 1181 811 1203 508
832 1181 845 1203 l)
860 1194 890 1197 —
902 1181 945 1204 Ubi
957 1184 991 1204 est

425 1221 553 1248 amplitudo
571 1220 754 1248 benevolentiae,
771 1220 803 1243 ibi
821 1224 854 1243 est
871 1221 992 1243 abundan-

426 1261 455 1282 tia
473 1260 560 1288 gratiae
578 1260 623 1282 680
641 1259 656 1281 1)
673 1273 703 1275 -
721 1261 749 1282 Ut.
765 1260 793 1282 sit
813 1260 833 1282 in
858 1260 924 1282 nobis
948 1261 992 1288 ple·

424 1300 504 1321 nitudo
522 1299 704 1327 benevolentiae,
717 1300 774 1321 haec
787 1299 856 1321 debet
872 1306 922 1321 esse
940 1306 991 1322 con-

426 1339 553 1366 glutinans,
571 1338 737 1366 corroborans,
755 1339 892 1366 purificans,
910 1339 991 1367 pulcri-

426 1378 496 1400 ficans
514 1379 558 1400 508
578 1378 592 1399 l)

472 1418 580 1439 Besinum
598 1431 628 1433 -—
640 1418 802 1445 interpretatur
814 1418 873 1440 silius
885 1418 991 1440 dexterae

429 1457 470 1479 165
488 1456 511 1478 b.
529 1457 573 1478 ‘268
593 1456 614 1478 b.
634 1457 673 1478 431
691 1463 702 1478 3
715 1457 920 1485 ——interpretatur
933 1458 991 1479 tilius

424 1496 514 1518 virtutis
532 1496 571 1518 431
594 1503 605 1518 3
624 1509 655 1512 -
667 1496 772 1524 designat
784 1500 904 1524 sperantes
917 1497 962 1518 165
976 1496 991 1518 1)

424 1547 455 1551 -
472 1536 578 1563 designat
600 1536 771 1563 intelligentiam
796 1536 898 1558 veritatis
920 1536 959 1558 ¹96
978 1543 989 1558 a

424 1588 454 1590 —
472 1575 578 1602 designat
595 1575 658 1597 111001
676 1575 715 1603 qui
733 1578 767 1597 est
784 1575 805 1597 in
824 1581 917 1597 excessu
931 1581 992 1598 men-

425 1615 452 1636 tis
470 1620 510 1642 per
529 1614 746 1642 contemplationem
766 1615 809 1636 268
828 1614 843 1636 1)

473 1654 603 1676 3011001115
616 1667 644 1669 -
657 1657 780 1676 conservat
792 1660 872 1682 pacem
886 1657 908 1676 et
919 1654 991 1676 omni-

425 1693 469 1715 bus
479 1693 645 1716 condescendit
662 1694 702 1715 182
717 1693 731 1715 1)
744 1706 774 1709 -
786 1694 922 1716 exterminat
934 1694 990 1716 iram

425 1733 469 1754 579
487 1739 499 1754 3
517 1746 547 1748 -
565 1733 621 1755 Nihil
640 1732 760 1755 amabilius
777 1739 847 1761 quam
860 1733 992 1761 benignitas

425 1772 446 1793 in
472 1772 612 1794 sublimitate
636 1772 661 1793 71
689 1771 704 1793 1)
728 1784 759 1788 -
784 1772 842 1794 Nini}
868 1772 991 1800 gratiosius

425 1817 494 1839 quam
513 1811 641 1833 sublimitas
658 1811 679 1832 in
698 1810 838 1838 benignitate
855 1810 909 1834 itn‘ct

473 1850 603 1872 [ir-,amianas
620 1863 650 1865 —
673 1856 714 1877 per
738 1850 862 1872 amicitiam
890 1851 990 1878 Virginis

425 1889 454 1911 ad
471 1895 580 1917 magnam
599 1889 716 1911 scientiam
735 1890 840 1917 pervenit
858 1890 898 1911 691
920 1896 931 1911 3

472 1929 567 1951 BesTr-tn
584 1941 615 1945 —
632 1931 732 1957 quatuor
754 1931 807 1951 sunt
829 1931 929 1957 quatuor
952 1935 990 1957 ge-

424 1973 478 1989 nera
497 1968 605 1990 vitiorum
625 1968 669 1990 426
687 1967 702 1989 1)

472 2241 572 2263 Canentis
592 2254 621 2257 —
639 2242 680 2264 l’uit
696 2242 825 2269 decapitata
843 2242 887 2264 604
906 2242 920 2264 1)

471 2280 558 2303 Caecus
575 2294 605 2296 —
622 2287 668 2303 non
686 2284 761 2309 potest
784 2281 886 2303 iudicare
909 2281 937 2303 de
955 2287 989 2303 co-

425 2319 512 2342 loribus
529 2320 574 2342 525
591 2326 603 2342 3

473 2372 501 2374 -
519 2359 620 2382 Caecitas
638 2363 672 2382 est
697 2360 825 2388 ineptitudo
851 2360 879 2382 ad
903 2366 989 2388 eogno-

425 2399 536 2420 scendum
555 2404 636 2421 verum
655 2399 683 2421 56
702 2405 713 2421 3
726 2412 756 2415 -
768 2403 801 2421 est
813 2399 851 2428 qui
865 2406 909 2422 non
922 2406 990 2428 quae-

419 2438 453 2468 rit
469 2438 511 2459 nisi
530 2438 589 2459 bona
608 2438 735 2465 praesentia
754 2439 798 2460 652
816 2445 836 2466 3,
855 2438 868 2460 1)

471 2490 500 2492 -
519 2484 561 2499 nou
581 2477 709 2499 dimittebat
726 2478 825 2500 clamare
839 2482 934 2506 propter
945 2481 990 2500 tur-

425 2515 486 2543 bam,
499 2516 538 2538 sed
558 2517 629 2539 multo
647 2518 721 2544 magis
734 2517 847 2539 clamabat
866 2517 909 2539 405
927 2517 942 2539 b
959 2530 990 2534 —

424 2567 454 2571 —-
471 2555 577 2582 designat
594 2562 668 2583 genus
686 2557 813 2578 humanum
827 2556 871 2578 400
884 2563 904 2579 a.
919 2557 964 2579 5:55
977 2563 989 2578 a

424 2606 454 2610 —
472 2594 578 2622 designat
594 2594 696 2622 omnem,
708 2595 746 2624 qui
762 2595 850 2623 indiget
867 2596 988 2618 illuminari

424 2634 555 2661 cognitione
571 2634 704 2656 divinorum
723 2635 768 2657 555
786 2641 797 2656 a

471 2672 591 2695 Caemzsrnx
610 2685 639 2689 —
661 2677 715 2695 sunt
739 2675 868 2701 appetenda
894 2678 989 2702 propter

425 2711 607 2739 degustationem
625 2713 718 2735 divinae
735 2713 859 2740 sapientiae
877 2714 917 2736 311
940 2720 952 2736 3

471 2750 560 2773 (Laetum
578 2765 607 2767 —
625 2752 708 2774 dicitur
725 2758 737 2773 a
755 2753 850 2775 celando
868 2753 912 2775 589
932 2753 946 2775 b
958 2766 988 2769 —

425 2789 508 2811 dii-itur
526 2796 602 2817 omne,
619 2791 683 2819 quod
701 2795 734 2813 est
750 2792 880 2819 speciosum
900 2792 944 2814 353
962 2799 974 2814 a

471 2841 501 2844 —
519 2833 683 2852 enumerantur
700 2834 788 2858 septem
807 2832 843 2853 vel
855 2831 987 2859 quindecim

425 2868 469 2889 322
488 2867 502 2889 b
520 2881 549 2884 —
567 2872 620 2891 sunt
638 2872 683 2891 tres
701 2869 728 2891 43
748 2869 763 2891 b
786 2883 815 2885 ——
840 2871 877 2892 Est
898 2871 987 2893 caelum

424 2907 503 2933 altum,
521 2907 586 2929 altius
603 2910 625 2929 et
644 2908 779 2930 altissimum
798 2909 842 2931 587
861 2916 873 2931 3
890 2922 921 2925 -
938 2910 989 2931 ulti-

426 2951 489 2967 mum
507 2949 541 2967 cst
557 2952 707 2975 empyreum,
729 2948 790 2976 quod
814 2951 848 2970 est
870 2948 989 2970 immobile

426 2983 465 3005 481
488 2991 499 3005 3
519 2998 545 3000 ἡ
565 2986 585 3007 10
604 2986 667 3008 caelo
684 2986 826 3008 intellectuali
843 2988 949 3015 apparuit
961 2988 988 3010 si-

1073 281 1183 302 Barium
1201 292 1231 296 —
1249 280 1409 308 interpretatur
1431 280 1514 302 domus
1537 280 1590 302 obe-

1025 319 1136 345 dientiae,
1154 319 1294 347 afflictionis,
1312 319 1365 341 doni
1392 319 1439 345 Dei,
1464 319 1589 347 gratificata

1026 358 1122 380 Domino
1141 358 1185 379 247
1204 364 1216 379 a
1234 370 1263 373 ——
1281 358 1322 380 Per
1336 359 1395 380 hanc
1406 358 1538 386 intelligitur
1550 359 1589 380 Re-

1024 397 1078 425 ligio
1097 396 1157 419 beati
1175 397 1286 419 Francisci
1304 396 1359 420 ibid.

1073 436 1160 458 6011101,
1189 449 1217 451 -
1246 436 1406 463 interpretatur
1433 436 1518 458 doinus
1549 436 1589 458 Dei

1025 475 1070 497 324
1088 481 1100 496 3
1118 488 1148 490 -
1166 475 1277 503 designat?
1293 475 1403 501 animam,
1425 481 1485 503 quae
1508 475 1532 497 nt
1549 475 1589 497 do-

1024 520 1077 536 mus
1095 514 1134 536 Dei
1152 520 1194 541 per
1212 514 1310 541 gratiam
1328 513 1380 536 ibid.

1073 554 1205 575 Baratsstnzn
1224 566 1252 568 —
1270 553 1354 575 domus
1372 553 1439 580 panis
1457 553 1591 581 interpreta-

1025 595 1061 614 tur
1083 592 1122 614 158
1141 599 1152 614 a

1073 632 1201 654 BaTnsaane
1218 644 1247 647 —
1265 632 1371 659 designat
1389 632 1481 653 Mariam
1500 632 1545 654 602
1563 638 1574 654 3

1071 671 1202 693 ΒΕΤιιεΑωΕε
1218 683 1249 686 -
1266 671 1428 698 interpretatur
1441 671 1524 693 domus
1536 671 1591 693 solis

1025 711 1069 732 532
1088 709 1103 732 1)

1072 749 1258 772 ΒιΛενηΕΜΛΝΤΕε
1276 762 1304 764 -
1321 755 1421 777 poenam
1444 756 1540 777 gravem
1558 756 1591 772 re-

1025 788 1150 816 portabunt
1168 789 1213 810 630
1231 794 1242 810 3

1072 828 1233 850 BONAVENTURA
1254 840 1281 843 »—
1299 827 1423 856 aliquando
1435 827 1590 855 stringebatur

1024 873 1036 889 a
1054 867 1147 889 diabolo
1166 868 1186 889 in
1205 870 1297 894 gutture
1311 867 1355 889 404
1372 873 1383 889 a
1402 879 1432 883 —
1450 868 1497 889 Hoc
1514 868 1591 889 evenit

1024 910 1118 934 propter
1136 907 1186 928 eius
1203 910 1310 934 peecata,
1329 907 1380 929 licet
1402 913 1447 928 non
1470 906 1514 928 sibi
1531 909 1591 929 esset

1024 946 1131 968 conscius
1148 946 1177 968 de
1195 951 1289 973 peccato
1304 946 1393 968 mortali
1407 945 1461 968 ibid.
1474 958 1504 961 —
1517 952 1527 967 a
1541 952 1590 967 cru-

1024 985 1068 1007 deli
1086 991 1142 1007 nece
1159 988 1213 1007 tunc.
1234 985 1343 1007 liberatus
1361 988 1395 1007 est
1412 985 1523 1007 memoria
1541 991 1590 1013 pas-

1024 1025 1094 1047 sionis
1105 1024 1187 1047 Christi
1200 1024 1254 1047 ibid.
1266 1037 1296 1040 —
1309 1024 1370 1052 dicit⁷
1386 1030 1412 1046 se
1429 1024 1518 1046 nescire
1532 1024 1591 1046 bene

1024 1064 1086 1092 loqui
1099 1064 1183 1086 Gallice
1196 1064 1239 1086 519
1254 1064 1268 1085 1)
1285 1076 1316 1080 -—
1334 1064 1418 1086 indicat
1429 1070 1518 1090 causas,
1531 1069 1591 1092 quae

1024 1109 1077 1125 eum
1099 1103 1230 1125 induxerint
1246 1103 1274 1125 ad
1294 1104 1422 1125 faciendam
1441 1103 1590 1131 praedieatio-

1024 1149 1077 1164 nem
1095 1142 1123 1165 de
1141 1142 1208 1165 beato
1226 1143 1346 1164 Francisco
1364 1143 1408 1165 582
1428 1142 1450 1164 b.
1468 1143 1512 1164 583
1531 1149 1542 1164 3

1073 1183 1167 1204 13001115
1183 1195 1214 1198 -
1231 1182 1334 1204 consistit
1352 1182 1374 1203 in
1397 1182 1489 1204 caritate
1513 1182 1557 1204 583
1576 1182 1590 1204 11

1024 1234 1055 1237 —
1072 1222 1181 1243 Bonitatis
1198 1224 1231 1244 est
1248 1227 1273 1243 se
1290 1222 1365 1249 ipsum
1379 1227 1420 1249 per
1431 1222 1548 1243 caritatem
1561 1222 1589 1243 ad

1024 1261 1094 1283 alium
1113 1261 1242 1283 diffundere
1259 1260 1304 1282 215
1322 1267 1334 1282 a
1351 1272 1383 1276 —
1400 1267 1484 1288 magna
1497 1267 1521 1283 se
1532 1261 1591 1283 licite

1024 1300 1180 1323 communicat
1198 1300 1263 1322 malis
1280 1303 1303 1322 et
1320 1300 1419 1322 inimicis
1437 1300 1480 1321 4l9
1499 1306 1510 1321 a

1072 1340 1148 1361 Bonum
1166 1352 1196 1355 —
1214 1339 1331 1368 Quidquid
1349 1339 1427 1361 delicit
1443 1345 1455 1361 a
1472 1339 1534 1361 bono
1552 1340 1591 1362 de-

1024 1379 1076 1401 sinit
1093 1385 1143 1401 esse
1161 1379 1201 1400 531
1218 1385 1230 1400 3
1242 1391 1272 1394 -
1285 1381 1306 1400 et
1318 1378 1370 1400 sinis
1382 1378 1442 1400 idem
1455 1382 1509 1400 sunt
1520 1379 1565 1400 352
1577 1384 1590 1400 a

1073 1430 1103 1434 —
1120 1421 1155 1440 est
1171 1418 1206 1440 sui
1225 1418 1298 1446 ipsius
1315 1418 1449 1440 dil‘susivum
1469 1418 1512 1439 478
1531 1424 1543 1439 a
1560 1430 1590 1434 —

1025 1458 1080 1479 Boni
1097 1457 1205 1479 dicuntur
1223 1457 1297 1479 nubes
1314 1457 1428 1485 gratiosae
1445 1457 1490 1479 (358
1508 1457 1523 1479 1)

1070 1508 1101 1512 -
1119 1496 1236 1525 Quidquid
1250 1496 1304 1519 boni
1318 1496 1439 1523 habemus,
1451 1502 1543 1524 semper
1556 1500 1590 1519 est

1025 1536 1045 1557 in
1058 1536 1128 1558 alium
1141 1536 1310 1558 refundendum
1325 1536 1369 1557 480
1379 1535 1394 1557 1)
1405 1548 1436 1552 -
1448 1536 1524 1558 omnia
1537 1539 1591 1558 sunt

1024 1575 1168 1598 attribuenda
1187 1576 1234 1597 Deo
1254 1576 1297 1597 189
1316 1574 1330 1597 1)
1347 1588 1378 1591 -
1395 1576 1469 1597 Homo
1492 1582 1536 1597 non
1557 1579 1590 1597 est

1024 1614 1107 1642 bonus,
1120 1615 1162 1637 nisi
1175 1621 1187 1636 a
1201 1615 1246 1636 Deo
1260 1614 1384 1637 bonitatem
1398 1615 1495 1642 accipiat
1512 1615 1556 1636 668
1575 1614 1590 1636 1)

1072 1667 1102 1669 -
1127 1655 1211 1676 Totum
1239 1654 1327 1676 bonum
1353 1654 1409 1676 dixit
1433 1654 1472 1683 qui
1502 1653 1588 1676 bonum

1024 1693 1089 1715 suavi
1108 1694 1225 1716 coniunxit
1241 1694 1286 1716 310
1304 1693 1319 1716 1)

1070 1745 1101 1749 -
1119 1733 1230 1755 Beneficia
1250 1736 1345 1755 naturae
1362 1733 1489 1755 consistunt
1511 1733 1534 1755 in
1552 1732 1590 1755 bo-

1025 1772 1060 1794 nis
1078 1775 1174 1794 naturae
1191 1774 1213 1793 et
1231 1773 1305 1794 famae
1323 1772 1366 1794 447
1385 1772 1400 1794 b
1413 1772 1588 1800 —temporalia

1025 1811 1157 1839 elargienda
1174 1814 1226 1833 sunt
1243 1811 1299 1838 aliis,
1311 1812 1331 1833 si
1342 1810 1464 1838 habemus,
1475 1818 1536 1840 quae
1548 1818 1589 1839 pro

1024 1850 1091 1873 nobis
1108 1854 1130 1872 et
1154 1851 1202 1872 aliis
1227 1851 1344 1873 sufficiunt
1370 1851 1414 1872 475
1431 1857 1443 1873 a
1463 1864 1491 1866 —
1510 1852 1589 1873 Exem-

1025 1890 1087 1917 plum
1106 1890 1135 1912 de
1153 1890 1201 1912 sole
1218 1889 1272 1912 ibid.
1289 1903 1320 1906 —-
1337 1890 1406 1912 huius
1424 1890 1504 1912 mundi
1521 1890 1589 1912 valde

1024 1929 1068 1951 cito
1086 1929 1172 1951 cadunt
1190 1929 1230 1951 541
1253 1936 1265 1951 3
1283 1941 1313 1945 -
1331 1930 1465 1957 temporalia
1483 1930 1556 1952 fluunt
1568 1932 1590 1952 et

1023 1969 1123 1990 relluunt
1149 1972 1172 1991 ut
1198 1969 1270 1996 capilli
1297 1970 1341 1991 362
1360 1968 1374 1991 1)
1391 1982 1421 1985 —
1439 1969 1520 1991 mundi
1543 1975 1588 1991 non

1285 2100 1324 2147 O

1024 2248 1094 2270 gnum
1113 2243 1188 2265 crucis
1205 2243 1228 2265 in
1241 2243 1278 2266 die
1296 2243 1408 2270 passionis
1420 2242 1502 2265 Christi
1515 2244 1559 2265 585
1572 2242 1587 2265 1)

1022 2294 1053 2297 -
1070 2281 1132 2304 Ordo
1150 2282 1206 2304 caeli
1224 2285 1269 2310 est,
1286 2282 1349 2311 quod
1367 2283 1465 2310 sphaera
1482 2282 1588 2310 superior

1023 2327 1066 2343 suo
1084 2325 1146 2343 motu
1166 2321 1233 2343 trahit
1250 2321 1304 2343 alias
1322 2322 1366 2343 588
1384 2328 1395 2343 a

1071 2372 1101 2376 —
1117 2360 1210 2382 stabiliti
1227 2364 1280 2383 sunt
1297 2361 1320 2382 in
1337 2361 1392 2383 locis
1409 2361 1456 2383 suis
1474 2361 1519 2383 353
1531 2367 1543 2383 a
1558 2373 1589 2377 —

1024 2400 1101 2428 quoad
1119 2404 1222 2422 nostrum
1241 2404 1360 2428 aspectum
1378 2403 1496 2422 extensum
1514 2404 1548 2422 est
1559 2400 1588 2422 ad

1024 2439 1120 2461 modum
1139 2440 1227 2461 tentorii
1240 2439 1295 2462 ibid.
1306 2452 1337 2455 —
1349 2440 1438 2461 extendi
1451 2439 1543 2461 videtur
1559 2440 1588 2461 ad

1025 2479 1120 2500 modum
1139 2479 1208 2506 palmi
1228 2478 1282 2501 ibid.
1293 2492 1324 2494 —
1335 2479 1467 2506 speciosum
1485 2481 1519 2500 est
1532 2485 1588 2506 prae

1024 2518 1073 2540 aliis
1090 2518 1172 2540 creatis
1188 2518 1327 2546 corporibus
1344 2517 1397 2540 ibid.
1412 2531 1439 2533 —
1452 2521 1546 2540 ornatur
1558 2519 1588 2540 lu-

1024 2557 1151 2579 minat-ibus
1175 2557 1218 2579 408
1239 2557 1252 2579 11
1269 2570 1301 2573 -
1317 2561 1351 2579 est
1373 2557 1471 2579 sublime
1491 2558 1511 2579 in
1530 2558 1587 2585 situ,

1023 2596 1153 2624 speciosum
1173 2596 1194 2618 in
1212 2599 1293 2618 ornatu
1315 2599 1337 2618 et
1359 2596 1549 2624 imperturbabile
1565 2597 1586 2618 in

1023 2638 1135 2663 apparatu
1153 2635 1197 2657 587
1210 2642 1221 2657 3
1235 2648 1266 2651 -
1278 2635 1359 2663 Quoad
1373 2635 1462 2658 caelum
1481 2638 1587 2657 notantur

1023 2674 1127 2696 sublimis
1145 2674 1214 2701 situs,
1232 2675 1379 2697 multiformis
1399 2677 1503 2702 oruatuS,
1521 2680 1586 2702 regu-

1022 2713 1075 2735 laris
1093 2714 1206 2740 incessus,
1224 2713 1383 2736 indefectibilis
1394 2714 1493 2736 influxus
1506 2714 1550 2735 320
1563 2713 1584 2735 b.

1023 2753 1063 2775 321
1081 2759 1093 2774 3
1105 2766 1134 2768 -
1147 2756 1181 2775 est
1193 2752 1356 2780 splendoribus
1370 2753 1508 2779 illuminans,
1520 2752 1586 2775 nubi-

1022 2791 1066 2813 bus
1078 2791 1186 2819 irrorans,
1198 2792 1313 2814 caloribus
1325 2793 1470 2814 inflammans
1482 2795 1504 2813 et
1516 2792 1585 2819 sulgo-

1022 2831 1087 2853 ribus
1104 2837 1227 2853 coruscans
1244 2832 1288 2854 590
1302 2831 1316 2853 b
1328 2844 1358 2847 —
1371 2830 1456 2853 habent
1467 2832 1584 2853 efficacem

1022 2870 1213 2897 redundantiam,
1238 2870 1387 2898 spectabilem
1413 2870 1584 2898 refulgentiam,

1023 2909 1146 2931 terribilem
1160 2910 1312 2932 resonantiam
1326 2910 1371 2932 332
1388 2916 1400 2931 3
1417 2922 1448 2926 -
1466 2915 1584 2932 commen-

1022 2949 1089 2971 datur
1112 2948 1142 2970 ob
1164 2949 1327 2971 continentiam
1347 2949 1460 2977 amplam,
1478 2954 1584 2970 arcanam

1022 2990 1045 3010 et
1061 2988 1199 3015 completam
1213 2988 1257 3010 589
1271 2994 1291 3016 a,
1302 2987 1326 3010 b.
1338 2988 1382 3010 590
1400 2995 1412 3009 a
1430 3000 1460 3004 —
1478 2987 1585 3010 secundat

973 201 1071 229 lNDEX
1094 201 1334 230 ALPtt—tBEthus
1355 202 1433 230 NON!
1457 202 1642 231 VOLUMtle.

1883 242 1936 264 CAE

1623 283 1675 303 sunt
1698 281 1740 302 nisi
1763 281 1822 303 sicut
1839 280 1897 303 bona
1916 282 1975 309 picta
1994 281 2034 304 541
2057 288 2069 304 a
2088 295 2116 297 —
2134 286 2188 304 tem-

1624 320 1710 347 poralia
1728 321 1829 347 putanda
1849 324 1902 342 sunt
1919 324 1944 343 ut
1960 323 2060 343 stercora
2074 321 2118 343 475
2131 320 2145 343 b
2157 334 2188 337 —

1622 359 1683 381 lllulti
1702 359 1779 381 miseri
1795 362 1855 387 sunt,
1872 360 1911 388 qui
1930 359 1989 382 bona
2007 366 2056 387 sua,
2073 360 2186 388 proximo-

1622 404 1674 419 rum
1692 401 1714 419 et
1731 397 1812 420 Christi
1832 398 1969 426 dispergunt
1986 398 2014 421 ad
2027 399 2130 426 virgines
2142 405 2189 421 cor-

1623 437 1765 464 rumpendas
1783 437 1826 459 474
1846 437 1859 459 b

1670 488 1700 491 —
1717 476 1821 498 caelestia
1840 476 1884 498 sub
1902 476 2077 504 comparatione
2090 481 2190 499 terreno-

1623 521 1674 537 rum
1692 515 1785 542 intelligi
1808 515 1893 537 debent
1917 515 1960 537 438
1979 515 1993 537 b
2011 528 2041 531 —
2060 516 2188 538 Differentia

1624 554 1681 576 inter
1698 553 1757 576 bona
1776 555 1831 576 caeli
1849 558 1871 576 et
1889 555 1967 577 mundi
1987 555 2059 577 maior
2071 558 2105 577 est
2116 561 2187 584 quam

1623 593 1681 615 inter
1699 593 1775 621 ignem
1802 600 1883 615 verum
1909 596 1931 616 01
1955 594 2043 622 pictum
2065 594 2106 616 541
2128 600 2141 616 3
2158 607 2189 611 -

1623 632 1685 654 Bona
1703 633 1770 655 huius
1789 633 1869 655 mundi
1887 633 1970 655 nullius
1987 633 2071 655 valoris
2088 636 2141 655 sunt
2152 639 2188 655 re-

1623 674 1703 699 spectu
1721 672 1852 693 caelestium
1872 671 1900 694 ib.
1918 678 1939 698 a,
1957 671 1971 694 b
1994 684 2021 687 —
2042 671 2189 700 Contempla-

1624 711 1654 733 tio
1672 710 1787 733 bonorum
1805 714 1951 733 aeternorum
1969 711 2021 733 facit
2038 717 2106 733 omne
2123 715 2189 733 terre-

1623 756 1678 772 num
1696 749 1784 772 bonum
1803 750 1931 778 despicere,
1948 756 2018 772 omne
2036 751 2120 773 malum
2144 757 2189 772 non

1623 789 1711 816 timere,
1730 790 1800 811 immo
1818 789 1885 811 dulce
1902 793 2010 817 reputare
2022 790 2067 811 280
2079 796 2091 811 a
2103 802 2134 805 —
2145 790 2190 817 spi-

1623 828 1710 850 ritualia
1729 829 1813 851 certius
1830 832 1852 850 ct
1870 829 1957 851 facilius
1974 829 2105 851 invenimus
2117 835 2188 857 quam

1624 868 1757 895 temporalia
1776 868 1820 889 279
1839 867 1860 889 b.
1879 868 1923 889 280
1941 874 1953 890 3

1671 920 1700 923 -
1718 910 1751 929 est
1769 907 1899 929 faciendum
1922 910 2017 934 propter
2034 912 2137 929 amorem
2157 907 2190 929 111-

1622 947 1696 969 stitiae
1713 947 1753 968 311
1775 953 1786 968 a
1806 959 1834 961 —
1853 946 1900 968 Non
1923 945 1983 968 bene
2004 945 2079 973 diligit
2101 945 2188 968 bonum

1624 987 1663 1015 qui
1681 992 1726 1008 non
1744 986 1792 1008 odit
1809 986 1895 1007 malum
1913 986 1958 1007 509
1976 991 1988 1006 a

1670 1038 1700 1041 —
1717 1025 1840 1053 Quomodo
1857 1024 1886 1046 sit
1904 1030 1998 1046 verum:
2023 1024 2077 1046 Boni
2099 1030 2188 1052 sumus,

1623 1065 1676 1093 quia
1696 1064 1755 1086 bona
1775 1064 1871 1086 facimus
1890 1064 1934 1085 482
1951 1063 1966 1085 b
1983 1077 2013 1079 —
2026 1064 2149 1092 Quomodo
2161 1064 2189 1086 sit

1624 1110 1719 1126 verum:
1739 1104 1827 1125 Bonum
1848 1103 1950 1131 tacimus,
1968 1109 2024 1130 ergo
2042 1102 2096 1125 boni
2107 1109 2189 1125 sumus

1624 1143 1676 1166 ibid.

1673 1183 1715 1204 Bos
1731 1195 1760 1198 ——
1779 1184 1801 1204 tn
1819 1189 1846 1204 eo
1864 1182 2006 1210 significatur
2029 1182 2188 1210 promptitudo

1624 1222 1770 1245 obedientiae
1787 1221 1832 1243 648
1850 1228 1862 1243 3
1880 1234 1909 1237 —
1928 1223 1981 1249 luga
1999 1222 2103 1250 quinque
2116 1221 2187 1243 boum

1623 1262 1746 1289 designant
1767 1262 1909 1289 superfluam
1931 1261 2107 1288 occupationem
2124 1261 2190 1289 quin-

1624 1307 1670 1330 que
1687 1307 1798 1323 sensuum
1818 1301 1877 1322 cirea
1896 1304 1984 1322 terrena
2003 1300 2047 1322 428
2065 1306 2077 1322 a

1671 1341 1742 1362 Bosna
1760 1352 1790 1356 —-
1808 1340 1969 1367 interpretatur
1986 1340 2092 1367 angustia
2111 1339 2155 1362 274
2172 1339 2188 1362 1)

1672 1380 1760 1401 Bnixnis
1772 1392 1800 1394 —
1813 1379 1844 1401 01)
1854 1379 2005 1401 contumelias
2014 1382 2092 1401 contra
2103 1379 2189 1401 811131·-

1624 1418 1695 1440 tinum
1715 1419 1797 1440 multas
1809 1418 1966 1440 tribulationes
1977 1424 2059 1446 passus
2071 1421 2104 1440 est
2116 1418 2160 1440 617
2173 1418 2188 1440 1)

1671 1458 1772 1480 Bauenus
1788 1470 1818 1473 —
1836 1461 1870 1479 est
1886 1459 1945 1479 t'etus
1961 1458 2063 1480 locustae
2075 1457 2118 1480 458
2132 1457 2146 1479 b
2158 1470 2188 1473 —-

1624 1497 1702 1519 iacens
1719 1497 1740 1519 in
1760 1503 1804 1519 uno
1821 1497 1871 1519 loeo
1888 1497 1998 1519 radicitus
2015 1498 2102 1519 fructus
2114 1497 2190 1519 evellit

1624 1536 1677 1559 ibid.
1694 1548 1724 1552 ——
1741 1537 1847 1564 designat
1864 1537 1942 1564 gulam
1960 1535 2015 1559 ibid.

1670 1576 1770 1598 Berones
1788 1588 1816 1591 —
1834 1582 1880 1598 non
1898 1580 1995 1603 possunt
2010 1576 2122 1598 sustinere
2134 1575 2188 1598 odo-

1625 1621 1675 1636 rem
1692 1615 1745 1637 vitis
1762 1615 1865 1637 florentis
1883 1615 1928 1637 285
1945 1621 1956 1636 3
1975 1627 2005 1630 -
2022 1616 2113 1642 fugiunt
2135 1615 2188 1637 odo-

1623 1660 1670 1676 rem
1689 1655 1810 1676 vinearum
1830 1655 1873 1676 130
1892 1654 1906 1675 b

1670 1694 1778 1716 Berraum
1791 1706 1821 1710 —-
1830 1697 1864 1716 est
1872 1694 1902 1715 de
1911 1694 2049 1716 nutrimento
2060 1696 2133 1716 terrae
2143 1693 2182 1716 471

1623 1739 1635 1755 a
1647 1746 1677 1749 —
1692 1733 1798 1761 designat
1809 1733 1891 1755 Christi
1908 1733 2073 1755 humanitatem
2085 1732 2140 1756 ibid.
2157 1745 2188 1749 —

1623 1773 1729 1800 designat
1745 1772 1911 1795 abundantiam
1932 1773 2019 1800 gratiae
2040 1773 2188 1795 humanitatis

1623 1812 1705 1834 Christi
1719 1812 1763 1834 533
1776 1818 1788 1834 a
1799 1825 1827 1827 —
1838 1812 1943 1840 designat
1955 1812 2103 1834 devotionem
2117 1812 2160 1834 547
2172 1811 2187 1834 1)

1669 1864 1699 1867 —
1717 1852 1795 1879 potius
1811 1851 1923 1878 sordidat,
1940 1858 2010 1880 quam
2028 1851 2089 1873 lavat
2107 1851 2151 1873 470
2164 1850 2186 1873 1).

1624 1890 1663 1913 471
1686 1897 1697 1913 3
1716 1904 1745 1907 -
1764 1891 1848 1918 Butyro
1867 1891 1938 1918 pedes
1955 1891 2033 1912 lavare
2045 1891 2188 1913 0513000110-

1623 1936 1674 1952 nem
1693 1930 1722 1952 de
1739 1930 1808 1958 adipe
1830 1930 1977 1958 pinguedinis
1999 1930 2098 1952 caritatis
2121 1936 2188 1952 mun-

1623 1969 1678 1991 dare
1696 1969 1736 1991 471
1758 1976 1770 1991 3

1623 2246 1706 2265 terram
1724 2249 1766 2271 per
1781 2244 1888 2270 calorem,
1901 2244 2022 2265 humorem
2041 2246 2063 2265 et
2079 2243 2186 2271 rigorem

1622 2283 1651 2305 97
1671 2282 1685 2304 1)

1670 2335 1699 2337 -
1718 2321 1797 2350 Qualis
1809 2322 1852 2344 erit
1864 2322 1918 2344 caeli
1930 2325 2003 2344 status
2016 2325 2067 2350 post
2079 2322 2185 2344 ultimum

1623 2361 1733 2383 iudicium
1752 2362 1781 2384 35
1793 2368 1804 2383 a
1819 2374 1847 2377 —
1860 2362 1933 2383 Motus
1944 2361 2000 2383 caeli
2014 2361 2036 2383 in
2048 2361 2094 2383 tine
2106 2361 2186 2384 mundi

1623 2400 1751 2423 transibunt
1767 2401 1845 2429 quoad
1870 2401 2028 2428 operationem
2046 2404 2068 2422 et
2085 2401 2185 2428 effigiem

1624 2440 1647 2461 41
1670 2439 1684 2461 b

1670 2492 1699 2495 —
1718 2480 1759 2501 Per
1773 2480 1861 2501 caelum
1878 2480 2034 2507 intelliguntur
2045 2479 2127 2507 Angeli
2140 2479 2184 2501 432

1623 2518 1646 2540 b.
1664 2518 1708 2540 449
1726 2525 1747 2540 a.
1765 2518 1809 2541 555
1827 2518 1842 2540 b
1859 2530 1889 2534 —
1906 2518 1966 2541 Caeli
1979 2522 2104 2540 concentus
2117 2518 2184 2546 signi-

1622 2557 1673 2579 ficat
1691 2558 1833 2579 harmoniam
1852 2558 1925 2580 laudis
1942 2557 2059 2585 angelicae
2076 2557 2120 2579 612
2139 2556 2153 2579 1)

1668 2609 1699 2613 ——
1715 2597 1838 2624 designant
1862 2597 1983 2624 Apostolos
2009 2597 2048 2618 331
2071 2602 2091 2618 a.
2109 2597 2154 2618 332
2172 2602 2183 2618 3

1620 2648 1651 2652 -
1668 2635 1804 2658 Ornamenta
1818 2637 1933 2658 caelorum
1946 2638 2000 2658 sunt
2012 2636 2107 2657 virtutes
2118 2641 2184 2663 prae-

1620 2675 1746 2697 dicantium
1765 2675 1805 2696 581
1828 2674 1843 2696 b

1666 2726 1697 2730 -—
1714 2714 1866 2736 Adducuntur
1890 2714 2013 2736 duodecim
2039 2713 2184 2740 acceptiones

1619 2753 1674 2775 caeli
1692 2753 1737 2775 352
1754 2760 1775 2780 a,
1793 2753 1807 2775 1)
1825 2766 1854 2769 —
1872 2754 1913 2775 Per
1930 2754 1971 2775 has
1988 2753 2142 2780 multipliciter
2159 2758 2184 2774 se

1619 2792 1748 2814 manifestat
1770 2793 1869 2814 Trinitas
1891 2793 1935 2814 352
1959 2792 2044 2814 a-354
2066 2798 2078 2813 a
2101 2804 2128 2807 „-
2151 2797 2184 2813 re-

1619 2834 1748 2858 praesentat
1771 2831 1905 2854 Trinitatem
1929 2832 1957 2853 97
1976 2830 1991 2853 b
2013 2843 2043 2847 —
2064 2830 2183 2859 quomodo

1618 2874 1724 2892 enarrent
1741 2871 1837 2898 gtoriam
1857 2871 1895 2893 Dei
1917 2870 1959 2892 105
1976 2876 1996 2892 3.
2014 2870 2059 2892 290
2076 2876 2088 2892 3

1664 2921 1695 2925 -
1720 2909 1826 2932 sensibile
1854 2912 1888 2932 est
1914 2910 2069 2937 praecelsum,
2096 2909 2182 2931 virtuo-

1618 2955 1678 2976 sum,
1690 2948 1821 2976 largifluum
1840 2952 1862 2971 et
1878 2948 2010 2971 ordinatum
2028 2949 2072 2970 610
2091 2954 2111 2975 a,
2123 2947 2138 2969 b
2154 2960 2183 2963 -—

1620 2987 1669 3009 illae
1690 2987 1840 3015 proprietates
1863 2987 1988 3015 respiciunt
2007 2986 2182 3014 dispositionem
