2269 3448
413 207 448 236 62
1158 200 1371 230 DlSSERTATlO
1392 201 1421 229 ll.

412 285 568 322 Hieronymi
590 287 784 318 numerantur,
807 283 864 312 scil.
886 282 1066 319 Raymundus
1087 281 1260 317 Berengarii‚

412 333 575 370 Bonagratia
601 332 635 361 de
666 332 765 360 Sancto
797 331 895 359 Ioanne
916 330 943 358 in
965 329 1101 358 Persiceto
1122 332 1149 357 et
1176 328 1261 356 Bona-

413 383 532 409 ventura
552 379 586 408 de
607 378 740 415 MugeIto,
762 385 857 406 omnes
878 376 911 405 de
938 376 1042 405 Ordine
1063 376 1190 404 Fratrum
1213 375 1261 402 Mi-

413 435 523 456 norum.

493 473 539 502 23.
562 473 619 502 Non
641 472 688 501 diu
709 475 802 500 autem
824 471 975 508 permansit
997 470 1190 498 Bonaventura
1212 469 1262 497 Ro-

414 528 484 555 mae,
499 528 562 549 cum
578 528 643 548 mox
659 518 754 548 eodem
776 526 847 547 anno
870 518 1042 555 reperiamus
1057 524 1120 545 eum
1137 516 1203 544 Pisis
1219 523 1262 544 ce-

414 567 567 596 lebrantem
590 566 689 595 ibidem
705 565 826 594 secunda
842 565 899 593 vice
914 564 1028 592 Comitia
1041 563 1049 578 ¹
1065 563 1204 600 generalia
1218 571 1261 591 an.

418 615 508 648 1272,
530 614 556 642 in
579 613 681 650 quibus
703 615 813 648 praeter
841 611 894 640 alia
918 611 1018 640 emissa
1038 614 1103 639 sunt
1124 618 1196 638 nova
1216 610 1263 638 de-

415 663 491 690 creta
519 659 693 697 respicientia
724 667 820 687 curam
853 659 986 686 Sororum
1008 657 1215 685 Clarissarum2
1237 659 1264 685 et

416 707 636 736 anniversarium
659 706 780 735 solemne
801 706 826 733 S.
842 705 971 733 Ludovici
995 705 1036 738 lX,
1059 704 1131 741 regis
1152 704 1263 738 Galliae,

416 758 477 792 post
498 754 599 782 festum
622 754 647 781 S.
669 752 868 781 Bartholomaei
892 752 1049 780 institutum
1062 751 1081 779 ³.

498 801 582 829 Etiam
600 800 650 828 bac
664 800 733 833 vice,
748 799 870 828 Comitiis
891 798 1049 832 celebratis,
1072 798 1153 826 rediit
1173 797 1264 826 statim

417 848 608 876 Bonaventura
621 846 746 880 Parisios,
758 854 820 875 cum
833 854 868 874 ex
884 846 930 874 illa
942 845 1011 874 urbe
1026 845 1168 882 scripserit
1184 845 1265 881 paulo

417 897 487 931 post,
502 902 601 930 nempe
615 893 658 922 die
675 894 709 922 16
726 893 785 921 Maii
801 901 844 921 an.
864 894 947 926 1272,
963 892 1105 929 epistolam
1120 891 1264 920 officialem

417 941 449 970 ad
466 942 575 969 Fratres
589 940 735 969 Custodem
757 943 784 969 et
804 939 993 968 Guardianum
1012 939 1137 967 Pisarum
1148 939 1169 973 4,
1191 946 1266 967 com-

417 988 550 1017 mendans
577 987 610 1016 iis
641 995 736 1016 curam
769 987 902 1015 Sororum
936 987 1001 1015 Pisis
1023 985 1264 1015 commorantium.

418 1035 528 1063 Parisiis
550 1034 712 1062 morabatur
734 1034 925 1062 Bonaventura
946 1041 995 1070 per
1018 1033 1126 1069 longius
1148 1036 1264 1069 tempus.

418 1082 493 1110 Anno
518 1081 591 1110 1273
613 1081 656 1109 die
680 1082 711 1109 11
738 1081 826 1109 Martii
848 1080 939 1109 adbuc
960 1080 1101 1109 invenitur
1127 1080 1181 1113 ibi,
1202 1087 1266 1108 cun]

419 1128 471 1157 hoc
492 1128 556 1156 die-'¹
578 1127 699 1156 directae
720 1127 775 1155 sint
795 1127 829 1155 ad
851 1127 941 1163 ipsum
964 1126 1071 1155 litterae
1092 1126 1215 1163 Gregorii
1235 1126 1266 1160 X,

419 1175 522 1212 quibus
538 1174 662 1203 Pontifex
685 1174 816 1211 imposuit
836 1174 859 1202 ei
882 1173 1003 1202 officium
1026 1173 1184 1210 inquirendi
1206 1172 1267 1201 ubi—

419 1229 474 1259 que
505 1229 536 1250 ea
561 1229 633 1258 quae
665 1221 692 1249 in
724 1221 853 1257 proximo
884 1221 999 1249 concilio
1026 1220 1146 1257 generali
1174 1227 1268 1248 corre-

419 1268 509 1297 ctione
530 1267 693 1304 indigerent.
709 1267 747 1295 Ad
761 1267 832 1295 idem
855 1270 964 1303 tempus
979 1270 1005 1295 et
1020 1266 1131 1303 quidem
1147 1266 1180 1294 ad
1194 1266 1266 1294 diem

420 1316 457 1343 20
479 1314 567 1343 Martii
593 1314 666 1343 1273
685 1317 790 1350 spectat
811 1314 926 1350 epistola
939 1314 1148 1342 Bonaventurae
1162 1313 1267 1341 directa

420 1361 453 1390 ad
475 1361 601 1390 abbatem
623 1364 733 1389 sanctae
754 1361 854 1389 Mariae
875 1360 1041 1394 3105005156,
1064 1360 1167 1396 scripta
1188 1359 1267 1387 valde

420 1408 552 1437 benevole
573 1411 600 1436 et
621 1408 763 1437 caritative
784 1408 818 1436 ad
839 1411 966 1435 mutuam
996 1406 1213 1443 pacificationem
1241 1409 1268 1434 et

420 1455 587 1484 confirmans
608 1454 746 1492 quandam
768 1455 918 1483 cessionem
940 1462 956 1482 a
978 1453 1139 1482 Provinciali
1160 1453 1268 1481 factam.

500 1502 538 1530 De
559 1505 651 1530 cetero
673 1501 781 1530 Parisiis
802 1501 929 1530 incubuit
948 1501 1140 1541 Bonaventura
1161 1499 1269 1534 studiis,

421 1549 597 1578 sermonibus
618 1551 646 1577 et
666 1548 793 1585 regimini
824 1548 951 1581 Ordinis,
973 1551 1004 1576 ut
1025 1551 1166 1576 ostensum
1179 1547 1189 1563 ⁷
1211 1549 1268 1580 est,

420 1596 578 1632 usquedum
611 1596 677 1624 baec
708 1595 852 1632 occupatio
883 1595 1039 1631 interrupta
1060 1597 1101 1623 est
1129 1593 1269 1622 evectione

421 1642 630 1671 Bonaventurae
651 1642 685 1671 ad
706 1642 831 1671 altiorem
852 1642 1021 1679 dignitatem.

766 1736 860 1764 CAPUT
882 1736 924 1764 lV.

423 1830 463 1858 Dc
484 1829 614 1858 electione
635 1829 664 1858 S.
686 1830 912 1858 Bonavenlurcte
940 1829 981 1857 acl
1012 1829 1183 1867 (lignitatem
1206 1838 1269 1858 ectr-

500 1877 679 1910 clz'italz'tlctm,
701 1877 735 1905 de
756 1875 906 1904 laboribus
928 1876 991 1904 eius
1005 1876 1036 1904 in
1053 1876 1178 1905 Concilio
1193 1877 1269 1913 Lug]-

501 1924 626 1952 dunensi
646 1924 685 1952 ΙΙ.
706 1927 732 1952 et
752 1923 786 1951 cle
807 1923 891 1952 beata
912 1923 975 1951 eius
995 1928 1095 1952 morte.

505 2019 528 2046 1.
550 2018 701 2054 Antequam
723 2017 871 2054 loquemur
902 2017 936 2046 de
964 2017 1103 2046 evectione
1132 2018 1270 2046 Bonaven-

423 2068 503 2093 turae
523 2065 556 2093 ad
578 2065 737 2101 dignitatem
760 2064 954 2099 cardinalatus,
969 2072 1069 2101 operae
1091 2064 1210 2101 pretium
1230 2068 1271 2093 est

424 2112 601 2148 praemittere
632 2111 666 2140 ad
687 2112 774 2140 instar
795 2111 871 2140 incisi
895 2111 1029 2148 quaedam
1060 2112 1094 2140 de
1122 2112 1270 2146 relatione,

424 2166 495 2195 quae
517 2158 703 2187 intercedebat
734 2158 806 2187 inter
836 2158 906 2187 duos
928 2166 1041 2195 magnos
1062 2158 1136 2187 viros
1161 2162 1188 2187 et
1209 2167 1270 2187 san-

426 2208 498 2234 ctos:
521 2205 690 2233 Ludovicum
722 2205 770 2239 lx,
793 2213 885 2242 regem
911 2205 1028 2239 Galliae,
1050 2208 1077 2234 et
1099 2205 1271 2234 Bonaventu-

425 2259 492 2280 ram.
515 2252 572 2280 Non
594 2251 667 2280 enim
689 2259 755 2280 casu
776 2252 878 2280 factum
900 2255 957 2286 est,
979 2256 1010 2280 ut
1032 2252 1059 2280 in
1080 2252 1201 2281 secundo
1222 2253 1271 2281 Ca-

425 2299 512 2336 pitulo
534 2299 629 2327 Pisano
650 2299 871 2328 anniversarium
893 2300 1015 2328 solemne
1036 2300 1061 2328 S.
1084 2300 1212 2329 Ludovici
1231 2300 1271 2328 in-

425 2424 503 2453 quinta
512 2443 517 2452 ,
535 2424 621 2446 directa
634 2424 663 2446 ad
675 2430 756 2447 omnes
768 2427 904 2452 potestates,
915 2425 1083 2447 commendans
1095 2425 1186 2447 nuntios
1200 2425 1272 2447 omni·

426 2463 482 2490 0115,
500 2469 542 2491 per
559 2470 618 2492 quos
634 2463 777 2491 transierint,
794 2464 848 2486 item
866 2464 918 2486 data
936 2467 970 2487 est
986 2464 1048 2492 apud
1065 2463 1151 2486 Urbem
1169 2467 1271 2486 veterem

425 2502 463 2524 IV.
475 2502 525 2524 Kal.
540 2501 679 2524 Novembris
696 2503 756 2525 '1272
776 2502 841 2532 (ibid.
859 2509 880 2525 0.
893 2503 938 2531 8.);
955 2505 1016 2525 sexta
1034 2502 1127 2524 tandem
1145 2503 1175 2525 ad
1191 2508 1271 2530 regem

426 2541 527 2568 Siciliae,
551 2545 574 2564 ut
597 2542 636 2564 det
660 2542 751 2564 salvum
776 2542 919 2564 conductum
944 2542 1098 2570 apocrisiariis
1116 2542 1270 2570 imperatoris,

426 2580 479 2602 data
497 2580 561 2608 apud
572 2580 658 2603 Urbem
675 2584 778 2603 veterem
792 2581 837 2603 Vll.
849 2581 881 2603 ld.
893 2580 1031 2603 Novembris
1043 2581 1103 2603 ⁴272
1120 2580 1185 2609 (ibid.
1198 2587 1220 2603 n.
1232 2581 1272 2609 9.).

489 2619 496 2631 ¹
518 2619 650 2647 Wadding.,
667 2620 696 2642 ad
714 2626 751 2642 an.
771 2620 831 2642 4272
849 2626 871 2642 0.
890 2620 926 2642 10.

489 2657 498 2670 ²
517 2659 608 2686 Papini,
626 2659 699 2681 storia
716 2659 740 2681 di
758 2660 780 2681 S.
797 2659 935 2686 Francesco,
958 2661 1016 2687 part.
1038 2659 1062 2681 ll.
1085 2659 1184 2687 append.
1203 2665 1225 2681 n.
1243 2659 1271 2686 63

427 2698 466 2720 cfr.
485 2697 577 2725 Pantilo,
596 2698 669 2720 Storia
686 2698 864 2726 compendiosa,
881 2699 926 2720 vol.
945 2699 958 2720 1.
976 2704 1031 2726 pag.
1049 2698 1092 2720 636
1111 2704 1160 2727 5011.

489 2735 498 2748 ⁵
516 2737 651 2764 Wadding„
668 2736 725 2759 ibid.
742 2743 764 2759 0,
783 2737 790 2758 r1
798 2737 820 2759 0.

488 2775 498 2787 *¹
516 2775 562 2798 Csr.
578 2776 673 2803 Bonav.‚
691 2778 746 2798 tom.
764 2775 819 2798 Vlll.
836 2782 891 2804 pag.
909 2775 960 2798 4711.
979 2776 1078 2804 Epistola
1098 2779 1160 2799 certe
1183 2777 1273 2799 Parisiis

427 2814 479 2836 data
492 2817 532 2841 051,
545 2820 590 2836 000
603 2815 627 2836 in
643 2814 736 2837 civitate
753 2815 840 2842 Pisana,
857 2815 916 2837 sicut
933 2815 987 2837 dicit
1003 2815 1101 2843 Bonelli,
1119 2815 1271 2844 Prodromus,

427 2853 469 2875 001.
487 2853 524 2875 51.
541 2853 591 2875 Fuit
608 2853 677 2881 igitur
695 2854 855 2876 Bonaventura
872 2854 917 2876 iam
934 2860 971 2876 an.
990 2854 1050 2876 4272
1069 2854 1166 2883 Parisiis,
1178 2860 1222 2877 non
1235 2855 1272 2877 de-

428 2897 493 2914 mum
510 2892 574 2914 initio
592 2899 629 2915 au.
647 2893 720 2921 4273,
738 2895 762 2915 ut
780 2892 866 2915 ibidem
884 2893 968 2915 Bonelli
985 2893 1089 2915 sustinet.

491 2929 500 2942 ⁵
517 2930 634 2959 Sbaralea,
652 2932 776 2954 Bullarium
793 2932 914 2961 Francisc.,
932 2934 987 2954 tom.
1005 2933 1037 2955 ΙΙΙ.
1053 2938 1108 2960 pag.
1126 2932 1178 2954 197.

491 2968 500 2981 ⁰
518 2970 584 2992 Tom.
604 2971 656 2993 Vlll.
674 2977 727 2999 pag.
745 2971 798 2993 473.

492 3007 500 3020 ⁷
518 3009 592 3036 Supra
611 3015 663 3037 pag.
682 3010 710 3031 59
728 3010 769 3032 001.
789 3011 804 3032 l.
821 3012 843 3032 et
861 3011 885 3033 ΙΙ.

1317 279 1476 308 troductum
1498 279 1595 311 suerit;
1618 278 1664 307 sed
1687 278 1888 311 Bonaventura,
1910 285 2016 306 memor
2031 278 2167 307 amicitiae

1318 327 1402 355 buius
1424 326 1509 355 sancti
1533 326 1614 362 regis,
1637 325 1689 354 hoc
1711 328 1742 353 111
1764 325 1880 361 primam
1904 325 2020 361 gratiam
2043 328 2168 362 tempore

1318 374 1404 410 ipsius
1426 373 1611 402 coronationis
1633 372 1771 401 Pontificis
1792 380 1808 400 a
1828 372 1962 409 Gregorio
1983 373 2013 401 X.
2036 373 2167 409 impetra-

1318 423 1397 449 verat
1412 421 1430 448 ¹.
1454 420 1609 448 Ludovicus
1632 420 1676 448 die
1701 421 1737 448 95
1764 420 1877 457 Augusti
1907 421 1980 448 1270
2006 423 2066 448 erat
2094 428 2169 448 mor-

1320 471 1394 496 tuus.

1398 515 1472 543 Sicut
1495 514 1545 543 iste
1567 517 1680 543 sanctus
1703 522 1752 542 rex
1776 514 1802 542 in
1825 513 1930 542 devotis
1945 521 2009 542 01110
2025 514 2085 543 aliis
2107 522 2168 542 san-

1319 561 1369 589 ctis
1391 561 1533 589 Fratribus
1554 561 1706 589 Minoribus
1734 560 1964 589 collocutionibus
1992 568 2170 597 summopere

1319 607 1524 642 delectabatur,
1547 608 1584 636 ita
1605 616 1717 645 quoque
1739 616 1802 636 cuin
1825 608 1850 636 S.
1873 608 2074 636 Bonaventura.
2100 608 2168 636 Cum

1320 658 1413 684 autem
1434 656 1529 684 saltem
1560 655 1684 692 quinque
1705 655 1863 683 occasiones
1876 656 1895 689 ²,
1918 655 2021 691 quibus
2042 655 2085 683 isti
2115 654 2170 683 [luo

1320 702 1371 730 viri
1387 710 1481 731 secum
1497 702 1669 731 familiariter
1684 702 1811 730 collocuti
1827 710 1887 731 esse
1901 702 2038 735 dicantur,
2055 701 2171 738 posteri-

1321 749 1368 777 tati
1385 749 1562 777 transmissae
1583 749 1649 782 sint,
1673 749 1736 777 binc
1758 749 1920 777 iuremerito
1942 756 2038 777 eorum
2062 749 2170 777 relatio—

1321 804 1383 825 nem
1405 796 1516 824 nomine
1536 796 1671 825 amicitiae
1693 799 1802 824 sanctae
1824 796 1945 824 vocitare
1968 804 2124 832 possumus.

1402 844 1441 871 Ex
1464 844 1558 872 multis
1580 843 1724 880 colloquiis
1745 843 1915 872 conservatis
1930 843 1956 871 in
1974 843 2171 876 monumentis,

1323 890 1390 919 baec
1412 890 1534 919 breviter
1550 890 1686 926 ponimus.
1703 890 1813 924 Accidit,
1829 890 1903 926 quod
1925 890 1998 926 regis
2020 890 2094 918 tilius
2116 890 2172 926 pri-

1321 937 1478 974 mogenitus
1492 940 1564 966 esset
1580 940 1716 965 mortuus.
1734 937 1761 965 ln
1777 936 1896 974 quodam
1920 937 2057 974 colloquio
2078 936 2172 965 habito

1322 992 1386 1013 cum
1408 985 1601 1013 Bonaventura
1622 992 1673 1013 rex
1696 984 1835 1021 expressit
1864 992 1942 1012 suam
1973 984 2110 1012 tristitiam
2139 983 2173 1012 de

1323 1035 1433 1060 mortuo
1448 1031 1513 1065 tillo,
1528 1031 1574 1060 sed
1591 1031 1672 1060 simul
1688 1031 1806 1060 ostendit
1822 1031 2024 1068 magnanimam
2041 1031 2173 1059 virtutem

1323 1078 1461 1115 perfectae
1475 1078 1586 1107 unionis
1600 1086 1663 1107 cum
1680 1079 1821 1107 voluntate
1836 1078 1929 1106 divina
1942 1078 1961 1106 ³.
1984 1094 2021 1099 —
2044 1078 2099 1106 Alia
2114 1077 2173 1106 vice

1324 1125 1420 1154 retulit
1452 1133 1503 1154 rex
1536 1126 1744 1154 Bonaventurae
1776 1133 1947 1159 sermonem,
1969 1133 2052 1161 quem
2076 1124 2173 1153 babuit

1324 1180 1387 1201 00111
1409 1172 1543 1209 quodam,
1562 1173 1608 1209 qui
1631 1172 1750 1206 dixerat,
1766 1180 1858 1209 regem
1882 1172 1984 1201 habere
2005 1172 2074 1200 duas
2096 1179 2174 1200 coro-

1325 1226 1389 1252 nas,
1412 1226 1511 1255 nempe
1525 1226 1638 1247 auream
1655 1223 1682 1247 et
1697 1219 1830 1256 spineam,
1845 1219 2002 1255 debereque
2023 1218 2057 1246 ad
2079 1226 2174 1247 exem-

1325 1264 1401 1301 plum
1418 1265 1477 1293 lesu
1499 1265 1599 1294 Christi
1624 1266 1741 1299 tertiam,
1764 1274 1861 1302 nempe
1878 1265 2114 1302 incorruptibilem
2131 1272 2174 1293 re-

1325 1312 1371 1348 gni
1393 1312 1526 1346 caelestis,
1543 1312 1683 1341 laboribus
1698 1313 1843 1350 acquirere
1855 1313 1876 1341 4.
1898 1329 1934 1332 —
1957 1313 2033 1345 Nota,
2049 1312 2115 1341 satis
2134 1314 2175 1340 est

1326 1358 1467 1395 divulgata
1487 1359 1531 1387 illa
1556 1359 1697 1396 inquisitio
1718 1359 1846 1388 Ludovici
1869 1363 1896 1387 et
1918 1359 2127 1387 Bonaventurae
2141 1358 2175 1387 de

1326 1405 1459 1433 altissima
1486 1406 1647 1442 quaestione
1676 1405 2049 1442 philosophico—tbeologica:
2078 1408 2174 1433 utrum

1328 1451 1410 1480 homo
1432 1455 1523 1489 posset
1544 1453 1713 1489 praeeligere
1734 1453 1846 1481 omnino
1861 1461 1915 1481 non
1931 1460 1990 1481 esse
2004 1460 2088 1489 quam
2104 1460 2175 1481 sem-

1327 1507 1376 1536 per
1398 1500 1425 1528 in
1448 1500 1593 1529 tormentis
1614 1508 1689 1534 esse,
1706 1503 1737 1529 ut
1752 1503 1819 1537 puta
1840 1500 1867 1528 in
1884 1500 2006 1534 inferno,
2023 1500 2065 1528 vel
2078 1502 2174 1528 utrum

1390 1641 1398 1654 ¹
1417 1642 1552 1670 Wadding.,
1569 1642 1599 1665 ad
1616 1648 1652 1664 an⁴
1672 1643 1731 1665 r1272
1750 1649 1772 1665 0.
1794 1643 1828 1664 10.

1390 1680 1399 1693 2
1417 1681 1509 1708 Omnes,
1527 1682 1627 1709 exceptis
1639 1681 1731 1704 duabus
1743 1681 1835 1708 ultimis,
1849 1681 1996 1703 inveniuntur
2010 1681 2031 1703 in
2046 1680 2176 1708 appendice

1327 1721 1357 1743 ad
1373 1720 1479 1743 Analecta
1497 1721 1621 1749 Francisc.,
1640 1724 1694 1743 tom.
1713 1722 1727 1743 1.
1745 1727 1799 1749 pag.
1818 1720 1928 1743 413-419.
1946 1721 1970 1742 ln
1987 1721 2030 1743 bac
2047 1719 2176 1748 appendice

1327 1760 1471 1782 continentur
1489 1760 1538 1782 illae
1555 1761 1752 1788 narratiunculae,
1770 1766 1830 1789 quae
1847 1760 1971 1789 aliqualem
1988 1760 2090 1782 valorem
2109 1759 2176 1781 histo-

1327 1799 1401 1821 ricum
1420 1798 1517 1828 1100001;
1535 1802 1579 1822 tota
1598 1801 1681 1822 harum
1693 1799 1796 1822 collectio
1810 1800 1840 1825 (in
1853 1799 1904 1822 cod.
1918 1800 2021 1822 Vatican.
2038 1805 2081 1821 ser.
2099 1797 2176 1821 ottob.

1327 1845 1349 1861 n.
1368 1839 1421 1861 522.
1439 1838 1568 1861 membran.
1585 1845 1644 1861 saec.
1662 1839 1721 1861 XlV.
1739 1839 1776 1861 sol.
1799 1838 1908 1867 ita-306)
1926 1839 1990 1861 affert
2006 1838 2109 1866 exempla
2127 1844 2177 1866 spe-

1328 1878 1411 1900 ctantia
1429 1878 1457 1900 ad
1476 1878 1659 1900 aedificationem
1677 1881 1699 1900 et
1716 1884 1783 1900 usum
1802 1878 1997 1906 praedicatorum.

1391 1916 1399 1929 ⁸
1421 1925 1431 1937 «
1443 1917 1501 1939 Cum
1519 1920 1625 1940 mortuus
1642 1920 1702 1940 esset
1718 1917 1768 1940 eius
1785 1917 1915 1945 (Ludovici)
1940 1917 2119 1945 primogenitus,
2136 1916 2176 1945 qui

1328 1959 1467 1983 regnaturus
1484 1959 1545 1983 erat,
1562 1962 1615 1978 cum
1634 1956 1713 1978 intime
1730 1963 1784 1979 eum
1802 1956 1919 1985 diligeret,
1938 1962 2083 1984 cognoscens
2101 1959 2177 1978 tamen

1329 1995 1469 2017 voluntatem
1497 1995 1548 2022 Dei,
1574 1998 1635 2017 tanta
1659 1995 1768 2023 patientia
1790 1995 1908 2022 sustinuit,
1935 1999 1959 2017 ut
1985 1995 2116 2018 dicentibus
2133 1994 2175 2017 sibi

1329 2034 1405 2057 media
1423 2037 1500 2057 nocte:
1520 2035 1631 2063 ¹Domine,
1648 2034 1772 2063 quiescatis
1784 2036 1806 2056 et
1818 2034 1949 2061 dormiatis,
1967 2041 2009 2057 nec
2027 2035 2121 2057 ulterius
2133 2037 2177 2056 tur·

1329 2073 1426 2101 bemini3
1444 2076 1550 2096 mortuus
1567 2076 1601 2096 est
1626 2074 1688 2096 enim
1711 2075 1789 2101 puer‘3
1807 2074 1938 2101 respondit:
1958 2074 1989 2100 ,Si
2007 2076 2040 2096 est
2058 2076 2176 2101 mortuus,

1329 2115 1351 2135 et
1367 2118 1411 2140 ego
1429 2119 1481 2135 eum
1500 2119 1556 2135 vero
1573 2119 1653 2135 amore
1670 2113 1737 2136 dilexi
1760 2116 1782 2136 et
1808 2114 1832 2135 in
1854 2113 1984 2141 diligendo,
2002 2113 2058 2136 dum
2076 2113 2176 2140 viveret,

1328 2158 1384 2174 vere
1401 2152 1475 2174 fidelis
1491 2153 1512 2174 ei
1530 2153 1572 2180 sui;
1591 2153 1688 2181 dignum
1706 2156 1751 2181 est,
1770 2156 1794 2175 ut
1810 2156 1833 2175 et
1850 2153 1871 2175 in
1886 2156 1959 2175 morte
1976 2153 2105 2181 ostendam,
2122 2158 2176 2175 eum

1329 2197 1366 2213 me
1383 2198 1438 2213 vere
1455 2194 1477 2213 et
1493 2191 1589 2214 fideliter
1606 2192 1711 2214 dilexisse
1728 2194 1750 2214 et
1767 2192 1868 2214 animam
1886 2192 1936 2214 eius
1961 2192 2065 2219 diligere.
2084 2192 2109 2213 Et
2127 2197 2177 2219 pro·

1329 2233 1379 2258 pter
1397 2231 1441 2252 1100
1465 2236 1511 2253 non
1529 2231 1655 2258 dormiam,
1674 2231 1748 2254 donec
1772 2231 1877 2254 debitum
1896 2231 1915 2253 ei
1933 2231 2064 2259 persolvam
2083 2233 2105 2253 et
2121 2236 2177 2253 vere

1329 2275 1367 2291 me
1384 2269 1480 2297 diligere
1502 2276 1555 2292 eum
1579 2270 1717 2293 ostendam‘.
1734 2271 1760 2292 Et
1784 2274 1866 2293 vocato
1888 2270 2019 2298 capellano,
2038 2270 2176 2292 matutinum

1330 2310 1351 2330 01
1368 2308 1473 2331 Officium
1492 2309 1657 2332 Defunctorum
1675 2310 1799 2338 complevit
1816 2316 1859 2338 pro
1876 2309 1953 2332 anima
1970 2309 2019 2331 eius
2031 2318 2052 2331 1).

1395 2356 1407 2368 ιι
1419 2348 1476 2370 Dixit
1492 2349 1562 2371 Fratri
1580 2349 1755 2371 Bonaventurae
1772 2349 1885 2377 Ministro,
1903 2349 1967 2378 quod
1983 2348 2016 2371 sic
2038 2348 2177 2376 sustinebat,

1329 2394 1356 2410 ex
1373 2394 1419 2416 quo
1437 2388 1498 2410 Deus
1515 2388 1547 2410 sic
1564 2389 1675 2417 voluerat,
1691 2388 1755 2417 quod
1774 2389 1849 2416 nollet,
1862 2394 1915 2411 eum
1928 2394 1975 2411 non
1987 2394 2036 2410 esse
2050 2391 2177 2410 mortuum.

1330 2429 1425 2450 Etcum
1448 2428 1605 2455 respondisset
1627 2429 1705 2450 Frater
1728 2428 1901 2450 Bonarentura:
1920 2428 2037 2455 ,Domine‚
2057 2427 2177 2456 quomodo

1330 2469 1365 2489 cst
1382 2468 1451 2489 boc‘?
1469 2467 1535 2489 dixit:
1555 2466 1637 2495 ,Credo
1654 2470 1676 2489 et
1692 2467 1753 2494 scio,
1772 2467 1844 2489 Deum
1862 2467 1895 2489 sic
1912 2466 2026 2494 voluisse,
2044 2469 2066 2488 et
2083 2472 2110 2488 ex
2128 2472 2174 2495 quo

1330 2506 1391 2528 Deus
1407 2506 1439 2528 sic
1457 2505 1541 2532 voluit,
1558 2506 1618 2528 nulla
1644 2506 1732 2528 ratione
1757 2506 1832 2528 debeo
1858 2506 1915 2528 velle
1933 2505 2087 2532 contrarium;
2105 2505 2176 2527 immo

1330 2547 1450 2572 acceptare
1471 2544 1534 2573 quod
1561 2545 1607 2566 Deo
1632 2544 1725 2572 placuit,
1743 2547 1765 2566 01
1790 2551 1835 2567 000
1853 2544 1944 2567 rebellis
1961 2550 2011 2566 esse
2028 2544 2122 2566 divinae
2139 2549 2177 2565 vo-

1329 2583 1423 2605 luntati‘.
1436 2595 1466 2599 —
1478 2583 1537 2605 Dixit
1549 2583 1629 2606 amicis
1647 2584 1689 2612 (ἵης
1708 2584 1831 2612 ,Quantum
1849 2584 1939 2606 doleam
1958 2583 1995 2605 vix
2012 2586 2090 2611 posset
2106 2582 2176 2605 credi.

1330 2622 1376 2644 Sed
1393 2623 1444 2644 licet
1462 2628 1547 2650 magno
1564 2622 1593 2644 (10
1611 2625 1684 2645 010110
1701 2623 1751 2645 eius
1768 2623 1848 2645 dolore
1864 2623 1962 2649 afficiar,
1975 2625 2052 2644 tamen
2065 2621 2177 2649 mihiipsi

1330 2661 1377 2683 vim
1396 2661 1505 2688 inseram,
1522 2662 1551 2683 ita
1569 2661 1633 2690 quod
1650 2662 1749 2684 exterius
1766 2668 1879 2689 apparere
1896 2668 1941 2684 non
1959 2662 2058 2689 poterit.‘
2076 2662 2101 2683 Et
2118 2661 2177 2683 sicut

1330 2700 1398 2727 dixit,
1416 2700 1445 2722 ita
1463 2702 1485 2722 et
1503 2700 1566 2727 fecit,
1585 2703 1609 2722 01
1625 2701 1700 2723 omnis
1713 2701 1814 2728 populus
1827 2701 1917 2723 vidit».
1930 2700 1985 2723 ibid.
1999 2706 2053 2728 pag.
2066 2700 2176 2722 tis-414.

1392 2738 1402 2751 ⁴
1422 2746 1434 2759 ‹<
1446 2739 1508 2761 idem
1525 2739 1634 2768 (Minister
1646 2740 1760 2767 generatis
1772 2740 1858 2768 refert).
1871 2740 1965 2763 Dicebat
1978 2740 1997 2762 ei
2010 2746 2048 2762 rex
2061 2739 2176 2767 Franciae,

1330 2778 1448 2806 quendam
1466 2777 1495 2800 ad
1513 2784 1537 2800 se
1554 2778 1678 2801 accessisse
1695 2781 1715 2801 et
1740 2778 1783 2801 sibi
1807 2779 1902 2802 dixisse:
1922 2779 2041 2806 ,Dominus
2059 2779 2120 2801 Deus
2137 2785 2177 2801 no-

1331 2820 1376 2839 ster
1394 2816 1463 2839 habet
1480 2819 1525 2839 tres
1542 2823 1653 2845 coronas,
1671 2824 1740 2840 unam
1754 2824 1861 2847 auream,
1874 2819 1942 2841 aliam
1955 2818 2073 2846 spineam,
2086 2817 2175 2840 tertiam

1330 2855 1540 2884 incorruptibilem,
1558 2856 1642 2878 scilicet
1659 2856 1724 2884 regni
1741 2857 1851 2879 caelestis.
1870 2857 1930 2879 Duas
1942 2856 2010 2879 vobis
2022 2857 2123 2884 contulit,
2135 2856 2176 2878 sed

1331 2895 1438 2922 consulo,
1456 2894 1520 2923 quod
1538 2894 1626 2916 tertiam
1650 2894 1758 2917 laboretis
1779 2896 1913 2924 acquirere,
1930 2895 1983 2924 quia
2002 2896 2049 2918 sine
2066 2895 2102 2917 illa
2120 2895 2177 2917 aliae

1331 2939 1414 2961 parum
1432 2933 1522 2955 valent‘.
1540 2933 1646 2960 ‚Videtur
1663 2934 1731 2960 milii,
1748 2934 1822 2963 inquit
1838 2941 1888 2963 rex,
1905 2935 1968 2963 quod
1995 2935 2092 2956 multum
2118 2933 2176 2956 bene

1331 2973 1421 2995 10011105
1437 2972 1477 3000 sit,
1495 2972 1557 2994 unde
1575 2972 1645 2995 verba
1667 2973 1716 2995 eius
1739 2973 1882 2996 intraverunt
1902 2980 1943 2996 cor
1960 2973 2054 2996 meum‘.
2071 2973 2177 2995 Ministris

1331 3014 1408 3034 autem
1427 3011 1487 3033 idem
1506 3011 1717 3034 commendabat».
1735 3012 1791 3034 lbid.
1810 3019 1864 3040 pag.
1882 3012 1934 3035 415.
