2269 3448
397 177 412 205 6

1144 174 1358 204 DtssERTATtO
1380 176 1398 204 l.

395 255 409 284 S
426 254 464 278 VI.
479 254 509 278 De
520 254 582 278 notis
594 256 618 278 elz
629 254 722 278 scholiis
733 254 826 278 maioris
837 254 951 285 momenti,
964 261 1020 284 quae
1032 253 1055 276 in
1067 253 1164 284 quatuor
1175 252 1245 276 huius

512 293 672 318 Commentarii
689 294 757 317 tomis
775 293 946 324 quaestionibus
964 293 1055 316 adiecta
1072 292 1134 315 sunta.

475 381 502 409 In
525 380 649 417 sequenti
672 381 794 417 catalogo
809 381 909 409 omissa
924 383 989 409 sunt
1003 383 1082 408 notae
1097 382 1125 407 et
1141 379 1245 408 scholia

396 427 500 461 multa,
522 435 593 464 quae
614 427 671 455 scil.
698 435 751 455 non
780 427 914 455 exhibent
942 426 992 454 nisi
1021 425 1179 459 citationes,
1201 425 1244 454 vel

396 474 469 508 talia,
484 481 555 510 quae
577 474 668 510 potius
690 473 723 502 ad
745 473 829 502 solam
845 473 1043 510 quaestionem,
1059 472 1102 501 cui
1121 472 1243 501 scholion

396 529 537 550 annexum
559 524 609 555 est,
631 520 821 558 explicandam
844 523 910 548 sunt
932 519 1035 548 idonea.

523 606 549 628 Ινι
567 607 629 628 tomo
648 606 665 628 l.
682 605 740 628 haec
757 606 872 628 uocantur
889 604 978 628 scholia
996 606 1017 627 ci
1034 605 1117 627 uotae:

397 684 450 712 Pag.
469 684 518 706 8-9.
537 684 567 706 De
585 683 701 711 subiecto,
719 684 741 705 in
759 690 807 712 quo
824 686 846 705 et
862 684 921 706 eirca
940 683 1004 712 quod
1022 686 1055 706 est
1073 683 1195 712 theologia.

421 732 432 743 n

420 771 431 782 7)

472 724 505 745 12.
523 723 555 745 De
573 723 687 750 theologia
706 726 730 745 ut
746 723 839 745 scientia
857 722 1020 745 subalternata.

472 762 546 784 13-14.
564 762 597 784 De
614 762 728 789 theologia
752 764 776 783 ut
798 762 892 784 scientia
915 762 1028 790 practica,
1050 762 1085 784 vel
1102 762 1244 790 speculativa

523 801 600 823 variae
618 801 751 823 sententiae.

421 849 430 859 n
468 840 505 868 31,
523 843 576 862 nota
594 841 615 862 2.
634 840 666 862 De
682 840 752 862 Fabio
770 840 839 862 Mario
858 840 983 862 Victorino.

427 888 431 898 ι
469 879 509 901 37-
524 879 556 901 De
573 882 685 906 conceptu
704 879 828 906 fruitionis,
846 879 895 901 eius
917 883 968 901 actu
991 881 1013 901 et
1036 879 1065 901 de
1087 879 1245 902 controversia

420 966 431 978 ))

522 918 582 940 circa
601 917 773 940 beatitudinem.

469 957 506 986 47,
523 960 575 979 nota
594 958 616 980 3.
633 957 697 980 Circa
715 958 846 980 universale
864 958 974 986 primum.

468 997 505 1019 56.
524 997 618 1024 Triplex
635 1000 669 1019 est
686 997 806 1019 infinitum.

469 1036 505 1058 58.
524 1036 556 1058 De
573 1035 753 1064 proprietatibus
771 1042 930 1059 numerorum.

422 1084 432 1094 υ
468 1075 506 1102 70,
523 1075 562 1097 71.
580 1075 714 1098 Defenditur
732 1076 834 1098 doctrina
856 1076 1031 1099 Bonaxenturae
1054 1079 1133 1099 contra
1155 1077 1246 1099 Ontolo-

524 1114 601 1142 gistas.

422 1162 432 1172 n
469 1153 497 1175 73
516 1156 538 1176 et
555 1154 593 1176 75.
612 1154 672 1176 Deus
689 1155 836 1182 cognoscitur
854 1154 953 1177 mediate
971 1158 992 1177 et
1009 1161 1050 1183 per
1068 1158 1191 1178 creaturas.

427 1202 431 1212 1
469 1193 506 1215 87.
524 1194 626 1221 Quatuor
643 1194 769 1216 sententiae
781 1194 839 1216 circa
853 1194 1021 1217 distinctionem
1034 1195 1188 1222 potentiarum
1201 1195 1246 1217 ani-

524 1238 576 1254 mae
593 1232 623 1254 ab
640 1232 690 1255 eius
707 1233 812 1255 essentia.

469 1271 505 1292 90.
524 1271 589 1293 Ratio
607 1272 715 1299 imaginis
733 1272 756 1294 in
774 1272 849 1294 anima
869 1273 970 1295 humana
987 1275 1009 1295 et
1026 1273 1055 1295 de
1072 1273 1153 1301 triplici
1166 1273 1245 1296 habitu

523 1310 635 1332 eiusdem.

469 1350 506 1371 98.
525 1350 603 1372 Plures
621 1350 711 1372 termini
735 1351 843 1378 logicates
866 1351 1007 1379 explicantur
1030 1353 1159 1375 secundum
1182 1353 1246 1375 Sum-

524 1389 598 1411 mulas
615 1389 675 1411 Petri
691 1389 793 1417 Hispani.

428 1436 433 1446 ›
470 1427 522 1449 ·114.
540 1428 620 1450 Utrum
646 1428 773 1451 substantia
800 1429 878 1451 divina
904 1433 1011 1457 generet,
1033 1433 1112 1452 contra
1137 1430 1245 1453 abbatem

524 1467 635 1495 leae-him,
653 1468 689 1490 vel
707 1472 829 1496 generetur
847 1475 901 1497 pag.
923 1469 973 1491 118.

473 1506 521 1528 126.
540 1506 621 1534 Quoad
645 1507 816 1534 generationem
843 1508 890 1530 Filii
917 1509 996 1536 triplex
1018 1509 1144 1532 necessitas
1166 1510 1246 1532 distin-

524 1546 609 1573 guitur.

473 1584 522 1606 137.
547 1585 629 1607 Variae
654 1586 780 1608 sententiae
802 1587 995 1609 Scholasticorum
1019 1587 1079 1610 circa
1099 1587 1247 1618 principimn

524 1630 569 1653 quo
587 1625 713 1652 generandi
731 1625 753 1647 in
770 1625 864 1648 divinis.

470 1664 522 1686 1152.
541 1663 573 1685 De
591 1664 674 1691 triplici
690 1664 794 1687 veritate.

471 1701 523 1728 155,
541 1705 594 1724 nota
611 1703 646 1724 10.
660 1703 718 1731 Quid
737 1703 764 1726 sit
780 1704 880 1727 exterius
892 1705 964 1727 oratio
977 1708 999 1727 et
1010 1705 1104 1728 interius
1116 1706 1188 1728 oratio
1201 1712 1246 1728 sec.

525 1741 652 1763 Boethium.

422 1788 431 1799 n
473 1780 522 1802 162.
540 1780 572 1802 De
590 1780 774 1804 immutabilitate
792 1783 840 1804 Dei.

422 1828 433 1838 υ
473 1819 522 1841 167.
540 1820 628 1848 Duplex
646 1823 680 1843 est
696 1820 837 1849 simplicitas.

424 1867 432 1877 n
471 1858 522 1880 169.
542 1859 600 1881 inter
617 1859 724 1882 attributa
742 1860 782 1882 Dei
800 1861 864 1883 varie
881 1861 1038 1890 distinguitur.

423 1906 433 1917 n
474 1898 523 1925 171,
540 1900 594 1920 nota
612 1899 633 1920 6.
654 1899 684 1921 De
701 1898 818 1922 Chalcidio
836 1901 982 1929 philosopho.

422 1946 432 1956 »
473 1936 523 1959 174.
540 1937 620 1959 Utrum
639 1938 699 1960 Deus
716 1939 745 1960 sit
762 1939 783 1960 in
801 1945 894 1966 genere.

422 1984 432 1996 1>
470 1976 523 1998 196.
540 1976 572 1998 De
590 1977 683 1999 nomine
700 1977 798 2005 Spiritus
816 1979 837 2000 S.
856 1982 880 2001 ut
898 1979 964 2001 Doni.

423 2023 432 2034 >³
470 2015 522 2042 208,
536 2018 589 2038 nota
605 2016 627 2038 8.
645 2016 676 2038 De
694 2017 793 2039 homiliis
810 2018 870 2040 loan.
886 2018 1044 2046 Chrysostonii
1056 2025 1068 2041 a
1082 2019 1188 2042 Maurinis
1200 2026 1246 2042 non

524 2055 630 2082 receptis.

424 2102 434 2111 »
470 2093 525 2115 214.
542 2093 624 2116 Contra
642 2094 742 2117 Graecos
759 2095 788 2117 de
806 2096 953 2123 processione
972 2096 1071 2124 Spiritus
1088 2098 1110 2119 S.

423 2140 432 2152 ιι
470 2133 523 2154 221.
541 2132 689 2160 Quadruplex
706 2133 814 2161 prioritas
830 2135 987 2162 distinguitur.

423 2179 434 2191 n
471 2171 524 2198 229,
542 2175 594 2194 nota
612 2172 633 2194 3.
651 2171 719 2194 Liber
736 2172 838 2202 Rcyuluc
853 2173 909 2203 fidei
924 2180 969 2196 non
987 2177 1021 2197 est
1039 2175 1061 2197 S.
1079 2175 1220 2203 Hieronymi.

424 2219 433 2230 1›
471 2211 524 2239 233,
541 2214 593 2233 nota
617 2212 648 2233 l2.
665 2212 697 2234 Ex
715 2213 779 2235 Petro
798 2213 898 2241 Hispano
918 2214 1011 2242 ponitur
1034 2214 1135 2237 definitio
1156 2215 1246 2238 termini

522 2250 626 2279 proprii.

424 2298 433 2308 n
471 2288 523 2311 234.
542 2290 664 2317 Quomodo
681 2296 765 2313 nomen
780 2291 901 2320 processio
919 2293 1040 2315 conveniat
1057 2293 1150 2321 Spiritui
1169 2294 1192 2316 S.

423 2336 434 2347 Π

471 2328 524 2350 237.
542 2329 564 2350 ln
586 2328 672 2357 quibus
695 2330 860 2352 assertionibus
882 2331 912 2353 de
934 2331 1081 2358 processione
1103 2332 1202 2360 Spiritus
1225 2334 1247 2356 S.

525 2368 629 2396 magistri
647 2369 792 2397 conveniant,
809 2370 844 2391 vel
862 2370 1003 2392 dissentiant.

472 2406 524 2428 246.
542 2407 574 2429 De
591 2407 739 2435 processione
756 2409 875 2436 temporali
894 2409 991 2437 Spiritus
1010 2410 1032 2432 S.

471 2445 525 2468 249.
542 2447 585 2469 Sex
602 2446 772 2474 propositiones
790 2447 819 2469 de
836 2447 928 2470 datione
945 2449 1044 2476 Spiritus
1062 2449 1084 2471 S.

472 2485 524 2507 260.
544 2485 574 2507 De
592 2485 701 2508 missione
719 2486 817 2513 Spiritus
835 2487 856 2508 S.

472 2523 517 2546 280
535 2526 557 2546 et
574 2525 628 2546 282.
645 2524 676 2546 De
695 2524 803 2547 missione
820 2525 903 2547 visibili
922 2526 1020 2553 Spiritus
1038 2527 1060 2548 S.

472 2562 525 2584 296.
543 2562 689 2590 Reprobatur
711 2563 789 2591 opinio
812 2564 926 2593 Magistri,
944 2565 1006 2593 quod
1034 2571 1078 2588 non
1104 2566 1132 2588 sit
1157 2565 1248 2588 habitus

525 2604 616 2624 creatus
633 2602 741 2624 caritatis.

473 2641 525 2662 298.
544 2641 576 2663 De
592 2640 680 2670 primis
697 2641 875 2669 intentionibus,
899 2645 969 2671 atque
990 2643 1049 2666 circa
1072 2643 1200 2667 Summam
1221 2644 1248 2667 dc

528 2679 653 2703 uirtutibus
670 2680 779 2708 scriptam
797 2684 822 2703 ut
833 2681 1021 2709 supplementum
1036 2682 1145 2705 Summae
1156 2683 1248 2706 Alexan·

527 2719 562 2741 dri
581 2719 628 2741 Hal.

426 2767 437 2777 υ
473 2758 526 2785 299,
543 2760 597 2780 nota
615 2757 636 2780 4.
657 2758 691 2780 De
713 2758 806 2781 duobus
825 2759 885 2782 eirca
903 2766 1005 2782 amorem
1028 2760 1067 2782 Dei
1091 2761 1209 2789 opusculis
1226 2762 1248 2784 S.

527 2796 646 2819 Bernardi.

472 2834 517 2856 302
534 2840 583 2863 seq.
602 2834 669 2857 Plura
694 2838 839 2863 exponuntur
864 2836 893 2858 de
918 2837 1005 2859 theoria
1029 2837 1051 2859 S.
1074 2837 1249 2860 Bonaventurae

528 2873 586 2896 circa
605 2874 701 2896 modum
718 2875 884 2902 cognoscendI.

473 2912 518 2934 309
536 2918 584 2941 seq.
602 2913 795 2936 scholasticorum
818 2914 939 2942 opiniones
962 2915 1021 2937 circa
1045 2918 1196 2944 augmentum
1214 2921 1248 2937 ca-

527 2951 607 2974 ritatis.

1300 254 1354 281 Pag.
1373 254 1426 282 316,
1449 257 1502 276 nota
1531 255 1564 276 l2.
1589 255 1670 277 Scotus
1695 254 1803 282 explicat.
1827 254 1883 282 quid
1908 254 1937 276 sit
1962 253 2085 276 humidum
2110 259 2147 276 ra-

1324 340 1334 351 u

1324 418 1335 429 7>

1324 457 1335 468 1)

1324 535 1335 546 >v

1324 614 1335 819 *oeceses

1325 849 1336 978 uvae

1427 293 1507 316 dicate.

1372 332 1425 354 331.
1442 332 1506 355 Circa
1525 338 1609 354 nomen
1633 332 1730 360 Spiritus
1742 332 1764 354 S.
1777 332 1871 355 Donum
1889 332 1973 359 duplex
1991 331 2094 360 quaestio
2112 336 2147 353 re-

1425 371 1530 394 solvitur.

1371 410 1424 438 337,
1442 413 1494 432 uota
1512 411 1533 432 8.
1552 411 1584 433 De
1601 413 1695 433 auctore.
1711 413 1794 433 vocato
1812 409 1996 433 Ambrosiascer.

1372 449 1425 476 339,
1441 452 1495 471 nota
1510 449 1532 471 7.
1544 450 1627 472 Versio
1645 450 1781 472 Damasceni
1794 456 1805 471 a
1820 449 1985 477 Burgundione
1997 449 2077 472 Pisano
2090 450 2148 472 saeta

1427 488 1511 510 dicitur
1528 489 1620 511 inedita.

1372 526 1424 549 343.
1443 527 1566 555 Quomodo
1584 527 1754 556 distinguantur
1771 528 1890 555 identitas,
1908 528 2033 556 aequalitas
2050 530 2072 550 et
2089 527 2149 550 simi-

1427 567 1508 589 litudo.

1372 605 1424 628 350.
1444 606 1475 627 De
1492 606 1715 629 circuniincessione.

1371 644 1424 667 357.
1445 645 1528 667 Totum
1546 646 1645 668 sumitur
1663 646 1785 673 tripliciter.

1372 683 1426 706 359.
1444 684 1523 706 Utrum
1541 685 1562 706 in
1582 684 1628 706 Deo
1647 689 1761 712 ponantur
1780 685 1908 707 universate
1926 688 1947 707 et
1965 685 2109 713 particulare.

1373 722 1426 744 362.
1443 722 1525 745 Contra
1544 724 1723 751 pantheismum.

1372 761 1426 784 364.
1443 762 1566 790 Quomodo
1584 769 1695 785 numerus
1713 763 1846 785 admittatur
1864 764 1886 785 in
1905 763 1996 785 divinis.

1372 801 1416 822 369
1434 807 1483 830 seq.
1502 801 1615 823 Potentiae
1633 802 1759 830 aequalitas
1777 802 1797 824 in
1817 803 1922 829 personis
1938 802 2028 824 divinis.

1373 840 1417 862 380
1435 847 1484 869 seq.
1503 841 1534 863 De
1551 841 1691 864 dictionibus
1707 842 1837 864 exclusivis.

1373 880 1426 902 392.
1445 881 1494 909 Quo
1512 887 1580 903 sensu
1600 881 1660 903 Deus
1677 881 1705 903 sit
1722 881 1869 904 nominabile.

1374 919 1426 941 396.
1445 919 1542 947 Quando
1560 920 1654 942 nomina
1672 920 1699 942 ad
1720 920 1792 942 Deum
1810 920 1899 948 possint
1916 920 2039 943 transferri.

1373 958 1426 980 399.
1445 959 1475 981 De
1493 959 1563 981 modo
1575 959 1667 982 dicendi
1679 960 1808 982 secundum
1821 959 1973 982 substantiam
1985 963 2007 982 et
2021 960 2149 983 secuudum

1428 997 1570 1020 relationem.

1374 1036 1425 1058 410.
1445 1037 1589 1064 Explicantur
1616 1037 1704 1059 termini
1730 1037 1843 1066 essentia,
1871 1037 2016 1066 substentat,
2041 1039 2147 1066 natura,

1426 1082 1529 1105 persona
1547 1076 1638 1105 aliique.

1327 1124 1336 1134 υ
1374 1115 1427 1137 417.
1444 1116 1466 1137 111
1484 1118 1538 1137 uota
1555 1115 1587 1138 ad
1604 1116 1721 1138 Lcclorem
1740 1116 1844 1138 redditur
1865 1117 1929 1144 ratio,
1950 1122 2021 1145 quare
2039 1117 2149 1144 deinceps

1429 1160 1539 1177 numerus
1556 1155 1679 1177 lectionum
1698 1155 1837 1178 variantium
1855 1156 2013 1183 restringatur.

1374 1193 1426 1216 422.
1444 1194 1509 1216 Plura
1529 1195 1558 1216 de
1575 1195 1742 1222 significatione
1766 1195 1855 1217 termini
1880 1201 1955 1218 unum
1977 1198 1999 1218 et
2021 1196 2050 1218 de
2073 1195 2150 1218 divina

1429 1234 1522 1255 unitate.

1374 1272 1428 1295 438.
1447 1273 1512 1295 Ratio
1526 1279 1645 1302 personae
1662 1273 1737 1301 magis
1754 1274 1886 1301 explicatur.

1374 1311 1426 1334 441.
1447 1312 1551 1334 Detinitio
1568 1318 1684 1341 personae
1701 1314 1758 1335 sacta
1776 1319 1788 1334 a
1806 1313 1900 1335 Boethio
1917 1313 2057 1336 detenditur.

1375 1351 1427 1379 446,
1444 1355 1497 1373 uota
1515 1352 1535 1373 8.
1555 1351 1682 1379 Explicatur
1701 1352 1794 1374 intentio
1811 1351 1890 1381 primu
1909 1355 1931 1374 et
1947 1352 2060 1375 secunda.

1374 1389 1427 1412 454.
1446 1390 1510 1412 Plura
1528 1391 1557 1412 de
1575 1390 1754 1418 proprietatibus
1781 1391 1940 1419 personalibus
1966 1392 1987 1413 iu
2007 1392 2053 1413 Deo
2079 1394 2101 1414 et
2123 1391 2152 1414 de

1429 1429 1574 1452 distinctione
1592 1430 1779 1453 Bouaventurae.
1799 1437 1870 1459 qnam
1893 1434 1961 1453 vocat
1978 1430 2150 1458 attributionis,

1428 1474 1488 1497 quae
1506 1468 1581 1491 differt
1598 1475 1610 1491 a
1628 1469 1773 1492 distinctione
1791 1470 1891 1493 virtuali.

1375 1507 1427 1529 459.
1445 1508 1512 1530 Multa
1530 1508 1559 1530 de
1576 1507 1666 1530 actibus
1683 1509 1851 1537 proprietatum
1870 1510 2033 1537 personalium.

1375 1545 1419 1568 472
1436 1552 1502 1575 seqq.
1520 1547 1641 1569 Generatio
1659 1551 1693 1569 est
1714 1547 1791 1575 potius
1812 1548 1869 1570 ratio
1892 1548 2034 1576 paternitatis
2051 1555 2121 1577 quam
2139 1555 2152 1571 e

1429 1592 1556 1613 converso,
1574 1589 1596 1608 et
1613 1587 1729 1609 adduntur
1752 1588 1866 1616 quaedam
1889 1588 2012 1615 anecdota,
2029 1594 2089 1617 quae
2111 1589 2152 1611 101·-

1429 1626 1489 1646 tasse
1506 1625 1620 1652 pertinent
1636 1625 1666 1647 ad
1682 1625 1759 1653 ipsum
1778 1626 1973 1648 Bonaventuram.

1375 1662 1428 1685 476.
1447 1663 1478 1685 De
1494 1663 1649 1686 abstractione
1666 1665 1813 1692 proprietatis
1830 1671 1842 1687 a
1860 1672 1968 1693 persona.

1375 1701 1419 1723 483
1436 1708 1484 1731 seq.
1503 1703 1534 1725 De
1551 1703 1646 1726 nomine
1663 1707 1685 1726 et
1702 1705 1790 1726 ratione
1806 1704 1878 1728 verbi.

1377 1740 1428 1769 497,
1446 1745 1499 1764 nota
1519 1742 1540 1764 ὕ.
1558 1742 1590 1764 De
1608 1743 1759 1770 explicatione
1777 1744 1927 1766 terminorum
1948 1746 2017 1767 rantra
2039 1750 2113 1774 qenes
2131 1746 2152 1766 et

1430 1780 1452 1803 iu
1471 1787 1562 1810 qeucre.

1329 1829 1339 1839 n
1376 1820 1420 1842 498
1438 1827 1487 1849 seq.
1506 1821 1536 1843 De
1555 1821 1674 1849 multiplici
1692 1828 1761 1844 sensu
1779 1823 1869 1844 termini
1887 1823 2009 1852 inpertitus
2027 1826 2049 1846 et
2065 1823 2094 1846 de
2111 1829 2152 1846 no-

1329 2456 1339 2467 y)

1431 1859 1491 1881 tione
1509 1859 1616 1889 moeniti.

1375 1898 1427 1920 510.
1446 1898 1593 1928 Principium
1611 1899 1727 1927 tripliciter
1744 1900 1863 1928 accipitur.

1375 1937 1399 1959 51
1411 1937 1428 1959 t..
1446 1938 1529 1960 lterum
1548 1938 1577 1960 de
1595 1939 1742 1966 processione
1759 1939 1857 1967 Spiritus
1875 1940 1897 1962 S.
1914 1941 1982 1962 etiam
2000 1947 2028 1963 ex
2044 1941 2107 1964 Filio.

1375 1977 1428 1998 522.
1447 1977 1512 1999 Plura
1530 1977 1559 1999 de
1576 1977 1709 2000 nominibus
1727 1984 1753 2000 ex
1771 1981 1874 2006 tempore
1891 1979 1957 2002 dietis
1974 1980 2004 2002 de
2020 1980 2076 2003 Deo.

1375 2014 1429 2037 541.
1448 2016 1478 2038 De
1496 2017 1584 2038 ratione
1601 2016 1721 2046 imuqinis.

1374 2054 1428 2077 543.
1447 2055 1478 2077 De
1495 2056 1588 2078 nomine
1606 2055 1717 2085 imayim's
1736 2057 1789 2079 Filio
1808 2057 1899 2079 tributo.

1375 2094 1428 2121 565,
1445 2097 1497 2116 nota
1518 2095 1537 2116 4.
1557 2096 1587 2117 De
1604 2095 1662 2117 libro
1680 2096 1781 2118 111-15011111
1794 2097 1826 2119 De
1840 2096 1896 2120 Fide
1911 2096 2033 2120 Trinitatis
2045 2098 2067 2120 et
2078 2096 2105 2120 (Ie
2117 2097 2151 2120 in-

1432 2133 1571 2157 carnatione
1593 2134 1667 2157 Verbi.

1375 2172 1429 2195 574.
1447 2173 1593 2201 Reprobatur
1611 2174 1731 2196 realismus
1748 2176 1880 2197 excessivus
1897 2174 1991 2198 Gilberti
2010 2175 2132 2198 Porretani.

1375 2212 1428 2234 578.
1447 2213 1529 2235 lterum
1555 2213 1584 2235 de
1610 2213 1709 2236 diversis
1733 2214 1956 2242 praedicationibus.
1980 2215 2001 2237 in
2024 2215 2102 2242 specie
2122 2214 2152 2236 de

1429 2252 1601 2279 praedicatione
1618 2252 1800 2276 denominativa.

1376 2291 1486 2313 602-604.
1511 2293 1635 2320 Exponitur
1658 2293 1761 2315 doctrina
1785 2294 1960 2316 Bonaventurae
1981 2294 2010 2316 de
2033 2293 2103 2322 ideis,
2130 2296 2153 2316 et

1431 2330 1512 2359 (nunc)
1530 2331 1673 2359 approbatur
1690 2333 1802 2355 sententia
1820 2333 1896 2355 Barth.
1914 2333 1943 2355 de
1954 2332 2077 2361 BarberiiS,
2088 2332 2152 2361 quod

1430 2370 1479 2397 ipsa
1498 2370 1587 2392 differat
1603 2377 1615 2392 a
1633 2371 1743 2393 sententia
1763 2371 1785 2393 S.
1805 2372 1915 2394 Thomae.

1375 2409 1428 2431 62l.
1447 2409 1575 2437 Triplieiter
1592 2410 1687 2438 intelligi
1705 2413 1779 2438 potest
1796 2411 1880 2433 locutio
1897 2417 1946 2434 csse
1964 2410 1988 2434 in
2008 2411 2059 2434 Deo.

1376 2448 1421 2470 639
1438 2455 1486 2477 seq.
1503 2449 1536 2470 De
1553 2449 1681 2476 praesentia
1700 2450 1740 2472 Dei
1758 2450 1779 2472 iu
1797 2449 1912 2472 omnibus.

1330 2496 1338 2506 υ
1376 2487 1429 2509 641,
1447 2488 1594 2516 Quadruplex
1613 2489 1696 2511 modus
1713 2489 1824 2511 existendi
1842 2489 1863 2511 in
1882 2490 1940 2512 loco.

1328 2573 1339 2701 vesu

1330 2768 1340 2780 ))

1375 2525 1427 2548 649.
1445 2526 1508 2549 Circa
1528 2527 1637 2553 modum,
1655 2533 1702 2556 quo
1721 2528 1781 2550 Deus
1799 2528 1820 2550 in
1838 2528 1908 2550 rebus
1925 2528 2005 2551 existit.

1375 2565 1420 2587 659
1438 2568 1459 2588 et
1476 2566 1529 2588 661,
1547 2566 1636 2588 Scholia
1655 2566 1683 2588 de
1702 2570 1765 2589 motu
1783 2568 1924 2595 Angelorum
1942 2573 1983 2595 per
2000 2567 2084 2590 locum.

1375 2604 1420 2626 670
1438 2610 1488 2633 seq.
1503 2605 1621 2626 Generalia
1639 2605 1668 2627 de
1686 2605 1779 2628 scientia
1797 2609 1819 2628 et
1836 2606 1986 2633 praescientia
2003 2606 2052 2628 Dei.

1375 2643 1428 2665 676.
1446 2644 1478 2665 De
1494 2644 1629 2666 necessitate
1647 2644 1809 2674 consequentis
1827 2648 1849 2667 et
1864 2645 2049 2675 consequentiae.

1375 2682 1420 2704 687
1438 2688 1487 2711 seq.
1504 2683 1570 2705 Plura
1588 2683 1617 2705 de
1634 2684 1721 2706 ratione
1738 2684 1788 2707 sive
1801 2685 1885 2712 medio,
1897 2691 1944 2713 quo
1955 2685 2016 2707 Deus
2028 2688 2152 2713 cognoscat

1431 2722 1472 2744 alia
1490 2728 1501 2744 a
1520 2728 1552 2744 se.

1376 2761 1421 2783 696
1438 2767 1487 2790 seq.
1505 2761 1627 2789 Explicatur
1650 2762 1788 2790 propositio,
1807 2763 1926 2791 quomodo
1951 2769 1988 2785 res
2010 2766 2099 2785 creatae
2117 2769 2151 2785 co-

1431 2800 1527 2823 existant
1549 2801 1677 2823 aeternitati
1699 2801 1786 2824 ratione
1811 2808 1918 2824 excessus
1943 2808 2064 2825 mensurae
2081 2805 2151 2825 aeter-

1430 2839 1514 2861 nitatis.

1376 2878 1421 2900 703
1439 2884 1488 2907 seq.
1505 2878 1622 2900 Generalia
1641 2879 1670 2901 de
1688 2879 1906 2906 praedestinatione.

1376 2917 1429 2944 707,
1448 2920 1499 2939 nota
1517 2917 1539 2939 5.
1556 2917 1589 2939 De
1606 2917 1738 2940 delinitione
1750 2918 1861 2945 veritatis,
1872 2924 1932 2947 quae
1949 2922 1995 2940 est:
2013 2918 2150 2947 adaequatio

1430 2956 1463 2978 rei
1481 2958 1503 2978 et
1519 2956 1658 2984 intellectus,
1676 2957 1810 2986 inquiritur,
1827 2964 1838 2980 a
1857 2964 1903 2986 quo
1921 2957 1996 2986 primo
2014 2958 2071 2980 sacta
2088 2957 2123 2980 sit.
