2269 3448
382 184 436 214 134

628 222 673 244 Lu}

376 263 517 286 mundialem
536 262 679 288 machinam,
698 260 852 282 universatem
872 259 944 281 Eccle-

376 303 445 331 siam,
464 303 584 324 caelestem
603 301 700 329 patriam
719 300 748 321 30
766 306 778 321 a
795 312 827 315 -
844 299 895 321 Flos
911 298 944 320 Li-

377 342 431 364 bani
448 341 554 369 designat
571 340 688 363 scientiam
707 338 751 361 287
769 345 781 360 11

424 381 493 403 Linssn
509 393 539 396 —
558 379 710 407 Distinguitur
723 377 780 400 liber
793 380 912 400 creaturae
923 379 946 398 et

378 420 509 448 Scripturae
528 419 552 441 41
575 418 590 440 b
607 431 638 435 —
656 417 773 440 Debemus
791 413 868 444 legere
885 416 906 438 iu
923 416 945 438 li-

377 459 420 481 bro
438 458 603 484 conscientiae,
626 457 769 484 Scripturae,
787 458 882 478 naturae
902 455 945 477 455

378 505 391 520 a
407 511 438 514 —
456 499 503 520 Hoc
529 498 554 520 fit
580 503 621 525 pet·
648 496 751 518 studium
778 494 945 520 meditationis,

378 544 446 560 usum
465 537 607 563 devotionis,
633 535 767 558 exercitium
785 534 947 556 consideratio-

377 577 413 599 nis
430 576 458 599 ib.
477 583 497 602 a,
517 576 530 598 b
548 588 577 592 -—
591 574 707 597 Debemus
723 574 799 601 legere
818 573 838 595 in
857 576 946 600 septem

378 616 443 638 libris
461 615 505 638 454
523 621 544 642 a,
562 614 577 636 b
594 626 623 630 -
642 615 706 642 Quae
724 613 746 635 in
758 613 791 634 eis
802 612 847 634 sint
862 612 945 639 scripta

379 654 433 678 ibid.

426 706 456 710 —
481 693 541 715 ritae
563 691 686 718 indicabit,
711 691 769 713 liber
794 690 947 712 conscientiae

380 732 497 756 accusabit
515 733 536 754 in
555 731 640 753 iudicio
658 731 703 753 265
722 729 736 751 b

427 773 573 794 LtBERAmTAS
595 783 623 785 —
647 775 729 797 magna
756 771 790 791 est
813 769 868 791 dare
893 774 946 796 sua3

381 811 462 837 maior,
475 810 531 832 dare
543 816 568 832 sc
581 810 657 837 ipsum
670 809 700 831 ad
713 808 868 835 impendenda
881 806 948 829 obse-

380 851 447 879 quia;
462 855 562 876 summa,
574 849 629 870 dare
642 854 666 870 se
679 848 754 876 ipsum
768 847 796 869 ad
810 846 946 875 perferenda

379 889 493 918 supplicia
511 889 556 911 467
574 888 589 910 b

427 929 502 951 Ltnent
512 930 604 950 —sunt
616 930 737 955 parentum
752 926 867 954 possessio
880 926 924 947 282
934 932 946 947 a

427 968 536 990 Liuianus
558 979 588 984 —
614 966 713 988 maxima
736 968 771 988 cst
790 965 878 988 servire
900 965 947 987 Deo

382 1007 426 1030 440
443 1013 455 1029 a
472 1019 504 1023 —
521 997 606 1034 nostra,
619 1006 694 1034 qualis
710 1005 794 1028 debeat
811 1010 860 1027 esse
877 1004 922 1026 577
935 1010 946 1026 a

381 1059 411 1062 —
429 1047 487 1068 male
504 1046 635 1073 dispensata
650 1045 751 1072 erumpit
764 1044 786 1066 in
798 1043 946 1072 petulantiam

382 1085 426 1108 423
445 1085 460 1107 b
478 1097 508 1101 --
525 1084 622 1107 actionis
647 1084 668 1106 in
696 1084 775 1106 ultimo
797 1083 883 1105 iudicio
906 1083 948 1105 erit

380 1124 469 1147 sublata
488 1125 517 1146 80
535 1123 550 1146 b

428 1164 503 1186 Lintno
520 1176 548 1178 —
567 1166 600 1185 est
617 1168 683 1184 amor
701 1168 791 1188 rerum,
803 1167 861 1190 quas
874 1162 949 1189 potest

381 1203 481 1232 quisque
499 1202 584 1224 invitus
609 1201 714 1223 amittere
737 1200 782 1222 646
801 1200 815 1222 b
832 1213 863 1216 —
880 1199 949 1222 nabet

381 1242 505 1264 duodecim
524 1247 611 1263 annexa
631 1240 674 1262 446
693 1240 708 1262 b
725 1252 752 1256 —
771 1240 894 1267 Templum
908 1239 947 1261 Dei

381 1281 483 1303 incendit
510 1281 549 1309 qui
574 1287 599 1302 se
627 1280 680 1307 igne
704 1279 805 1302 libidinis
829 1278 949 1301 succendit

382 1320 428 1342 644
446 1326 458 1342 a
476 1332 506 1336 —
521 1320 598 1342 omnis
623 1319 756 1341 detestanda
783 1321 817 1340 est
841 1318 871 1339 66
888 1324 900 1339 a
918 1329 948 1333 —

383 1359 461 1388 Qualis
477 1359 505 1381 sit
523 1358 649 1381 differentia
673 1358 849 1380 libidinosorum
867 1356 896 1378 ad
915 1362 949 1378 ca-

383 1401 430 1421 stos
447 1398 492 1420 628
509 1404 522 1420 a

430 1438 515 1460 Licuuu
532 1449 563 1453 —
580 1437 651 1464 Ligna
669 1437 739 1458 silvae
757 1439 810 1458 sunt
830 1441 900 1463 opera
919 1435 950 1457 in-

382 1478 498 1499 fructuosa
517 1476 561 1498 458
579 1483 591 1498 a

430 1529 460 1532 —
478 1516 593 1544 quaedam
611 1515 634 1537 in
657 1515 766 1543 paradiso
789 1517 854 1536 erant
871 1514 899 1536 ad
918 1514 949 1535 vi-

382 1559 429 1578 tam
453 1555 646 1582 contitittandam⁷
669 1554 784 1583 quaedam
813 1553 842 1576 ad
872 1559 951 1581 perpe·

384 1595 493 1617 tuandam
513 1594 556 1616 463
575 1600 587 1616 a

432 1646 462 1650 -—-
471 1634 579 1656 scientiae
589 1633 642 1656 boni
655 1636 676 1655 et
687 1633 738 1655 mali
750 1638 795 1655 non
806 1635 854 1654 erat
864 1631 949 1654 malum

384 1676 406 1696 et
418 1673 470 1696 cibo
482 1673 576 1696 noxium
590 1673 633 1695 459
646 1679 658 1694 a
671 1685 701 1688 --
713 1672 789 1700 Quare
802 1672 846 1694 hoc
858 1671 950 1693 nomine

384 1714 412 1735 sit
424 1713 564 1741 appellatum
578 1711 632 1735 ibid.
642 1724 673 1728 —
685 1713 762 1740 Quare
774 1711 870 1733 vetitum
884 1710 951 1733 fuerit

384 1753 414 1775 de
430 1752 481 1780 ipso
506 1752 575 1774 edere
593 1751 648 1774 ibid.
664 1763 695 1767 —
712 1751 822 1773 scientiae
847 1750 902 1772 boni
927 1752 950 1771 et

384 1792 436 1814 mali
466 1791 566 1813 habebat
594 1791 719 1813 efficaciam
747 1790 828 1812 mortis
855 1792 950 1817 propter

384 1831 565 1854 inobedientiam
584 1830 628 1852 464
647 1836 658 1852 a

432 1883 462 1886 —
480 1871 501 1892 111
519 1870 581 1898 ligno
600 1870 655 1891 facta
674 1871 708 1891 est
729 1868 911 1896 praevaricatio,
929 1867 950 1889 in

383 1910 446 1938 ligno
463 1915 602 1937 suspensum
621 1913 654 1931 est
671 1908 771 1936 pretium
790 1908 834 1930 260
852 1914 864 1929 a
877 1920 907 1923 —
920 1907 951 1929 De

385 1949 447 1977 ligno
464 1948 582 1971 oriebatur
600 1954 663 1970 mors
680 1950 702 1970 et
719 1947 764 1969 vita
785 1947 828 1969 413
846 1953 858 1968 a
876 1959 906 1962 —
919 1946 951 1968 De

384 1988 455 2016 ligno,
468 1988 530 2010 unde
547 1990 569 2010 et
585 1987 656 2009 1105115
674 1987 777 2013 laeserat,
789 1986 837 2008 tulit
849 1985 952 2008 Christus

385 2027 499 2049 medelam
518 2027 563 2049 275
583 2033 595 2048 a
615 2039 646 2042 ——
667 2027 698 2048 De
718 2026 780 2053 ligno
798 2025 868 2047 vetito
889 2031 952 2047 mors

384 2067 408 2088 in
425 2066 539 2088 mundum
558 2066 659 2094 intravit,
679 2066 699 2087 in
718 2066 781 2092 ligno
798 2064 902 2087 Christus
919 2070 952 2086 sa-

386 2106 455 2127 lutem
475 2105 595 2127 nominum
613 2104 730 2132 reparavit
753 2103 797 2125 304
823 2109 835 2125 a
852 2115 882 2119 --
899 2109 950 2125 cru<

385 2144 418 2166 cis
436 2144 524 2166 induxit
540 2143 728 2166 benedictionem
746 2146 768 2165 et
786 2143 868 2170 vitam3
886 2148 953 2170 prae-

386 2183 545 2210 varicationis,
580 2182 764 2205 maledictionem
798 2184 820 2204 et
853 2184 951 2203 mortem

386 2222 431 2245 465
450 2222 464 2244 b

434 2274 464 2278 —
482 2261 649 2284 Praevaricatio
661 2263 683 2283 et
696 2260 850 2283 inobedientia
866 2260 953 2282 51111111-

387 2307 460 2329 gnum
479 2301 559 2323 mortis
574 2300 618 2322 464
631 2307 643 2322 a
657 2312 687 2317 -
700 2300 825 2326 Subiectio,
837 2299 954 2321 humilitas

387 2343 409 2362 et
426 2340 556 2362 obedientia
579 2342 632 2362 sunt
655 2340 744 2367 lignum
767 2339 828 2361 vitae
850 2338 905 2361 ibid.
923 2350 954 2354 —

386 2380 435 2402 Hoc
452 2380 541 2407 lignum
559 2379 620 2401 vitae
637 2382 671 2401 est
688 2379 767 2407 triplex
780 2378 834 2401 ibid.
846 2391 877 2393 —
890 2378 953 2399 intel-

388 2419 479 2447 ligentia
503 2419 604 2441 litteralis
626 2418 709 2441 dicitur
732 2418 820 2446 lignum
846 2417 954 2439 scientiae

388 2457 442 2480 boni
455 2461 477 2480 et
489 2458 541 2480 mali
559 2458 587 2480 63
605 2464 617 2479 a
636 2470 666 2473 -
684 2457 829 2485 intelligentia
847 2456 955 2484 spiritua-

388 2497 414 2519 lis
437 2497 520 2520 dicitur
542 2497 630 2525 lignum
654 2497 715 2519 vitae
735 2496 788 2519 ibid.
806 2508 835 2512 —
855 2496 955 2518 Philoso-

388 2537 442 2564 pliia
460 2536 543 2559 dicitur
561 2537 649 2564 lignum
668 2536 776 2558 scientiae
790 2535 844 2558 boni
861 2538 884 2557 et
901 2535 953 2557 mali

388 2575 442 2598 ibid.

436 2627 465 2630 —
483 2616 506 2637 ln
523 2618 581 2637 statu
600 2614 745 2637 innocentiae
756 2613 839 2636 licebat
851 2614 912 2635 vesei
925 2613 954 2636 de

388 2654 450 2681 ligno
467 2654 541 2681 vitae,
558 2654 598 2676 sed
616 2660 677 2676 nunc
694 2660 819 2682 possumus
841 2653 903 2675 vesci
925 2653 954 2675 de

388 2693 450 2721 ligno
468 2693 543 2715 crucis
560 2694 606 2715 305
623 2699 634 2715 a
653 2705 683 2709 —
701 2693 762 2715 vitae
785 2693 879 2714 minoris
897 2692 954 2714 utili-

389 2733 441 2755 tatis
458 2735 507 2754 erat
523 2739 593 2761 qnam
612 2733 700 2760 liguum
718 2732 793 2754 crucis
811 2731 855 2753 465
873 2737 885 2753 a

435 2783 466 2788 —
491 2771 552 2793 vitae
575 2774 670 2794 vocatur
695 2771 799 2793 Christus
825 2771 869 2792 116
892 2769 907 2792 b
924 2782 954 2787 —

389 2811 462 2838 ipsius
483 2810 607 2833 duodecim
633 2810 786 2838 proprietates
810 2810 955 2838 applicantur

389 2850 420 2872 ad
437 2849 552 2872 Christum
570 2849 624 2872 ibid.
643 2850 687 2871 r117
705 2856 716 2871 a
735 2861 766 2866 ·-
778 2848 881 2871 Christus
893 2849 955 2871 veuit

390 2891 414 2910 111
430 2889 518 2916 lignum
536 2889 597 2911 vitae
610 2889 762 2917 purissimae,
777 2888 954 2916 pulcherrimae,

390 2928 548 2954 plenissimae,
565 2928 752 2956 promptissimae
769 2927 798 2949 56
817 2927 831 2949 b
849 2939 880 2944 —-
898 2928 955 2949 Enu-

390 2970 509 2989 merantur
526 2967 630 2996 quinque
652 2967 813 2995 praerogativa
831 2966 913 2989 Christi
932 2969 956 2989 ut

978 259 1033 286 ligni
1050 259 1111 280 vitae
1123 257 1176 281 ibid.
1196 271 1222 274 -—
1243 258 1303 280 vitae
1320 264 1346 280 ex
1364 261 1462 286 utraque
1480 260 1545 285 parte

979 297 1079 320 fluminis
1096 300 1130 319 est
1148 296 1250 319 Verbum
1270 297 1412 319 incarnatum
1431 296 1475 318 463
1494 296 1508 318 b

1025 349 1055 353 —
1080 336 1203 359 dulcorans
1228 342 1301 364 aquas
1327 336 1434 363 designat
1455 335 1544 363 lignum

979 376 1055 398 crucis
1073 376 1116 398 467
1135 375 1149 397 b

1026 416 1102 437 Ltttuu
1126 427 1157 430 —
1179 414 1265 437 excellit
1287 414 1389 436 candore
1410 414 1454 435 283
1480 420 1492 435 a
1515 425 1545 429 —

980 454 1049 476 habet
1067 454 1191 476 candorem
1208 453 1334 475 munditiae
1345 456 1367 475 et
1379 453 1494 475 levitatem
1508 458 1545 480 pa·

981 494 1072 516 tientiae
1084 494 1129 516 509
1142 493 1157 515 b
1168 505 1200 509 —
1212 493 1321 515 Notantur
1331 495 1431 521 quatuor
1441 492 1544 514 eiusdem

981 533 1134 561 proprietates
1151 532 1195 554 503
1214 538 1226 554 a
1244 544 1274 548 —
1291 538 1345 554 cum
1358 532 1488 560 frequenter
1501 534 1547 552 tan-

981 573 1050 600 gitur,
1065 571 1193 598 marcescit,
1205 571 1287 593 amittit
1298 571 1398 592 colorem
1417 573 1439 592 et
1450 570 1546 592 odorem

981 612 1026 633 396
1044 617 1063 639 a,
1083 611 1096 633 b
1111 624 1139 626 —
1157 611 1217 632 valet
1233 613 1311 632 contra
1331 609 1466 632 adustiones
1477 609 1522 631 285
1534 615 1546 631 a

1027 663 1058 667 --
1079 650 1184 672 Christus
1209 652 1275 672 natus
1300 652 1397 671 vocatur
1422 649 1495 671 lilium
1520 655 1546 670 ex

981 690 1124 718 septemplici
1143 690 1230 711 ratione
1252 689 1292 711 117
1311 688 1332 710 11,
1352 689 1395 710 118
1413 695 1424 710 a
1443 701 1474 704 —
1491 688 1547 710 desi-

981 732 1036 757 gnat
1053 729 1206 757 integritatem
1225 728 1350 756 pudicitiae
1367 728 1412 750 503
1430 734 1441 749 a
1459 739 1490 743 —
1511 727 1548 750 de-

981 769 1057 796 signat
1073 768 1150 791 dotem
1168 767 1300 790 subtilitatis
1317 768 1361 789 283
1380 774 1401 794 a,
1420 766 1434 788 b

1028 808 1110 830 Ltittnus
1132 819 1162 823 —-
1185 807 1320 834 designatur
1342 812 1383 834 per
1408 805 1547 833 Babylonem

982 847 1010 869 48
1023 853 1034 869 a
1048 859 1077 862 ——
1091 847 1112 868 ln
1130 847 1166 868 illo
1186 846 1336 868 morabantur
1347 845 1438 867 animae
1450 845 1479 866 ab
1492 844 1547 866 Abel

982 892 1055 915 usque
1068 886 1096 908 ad
1111 888 1208 908 mortem
1226 885 1309 907 Cbristi
1327 884 1382 907 ibid.
1398 896 1428 900 —
1445 883 1549 906 Clu-istus

982 925 1043 948 venit
1055 926 1085 947 ad
1097 925 1193 947 limbum
1212 925 1240 947 ad
1259 924 1441 953 praecidendum
1459 926 1548 945 reatum

982 971 1070 993 poenae
1089 965 1116 987 47
1135 964 1158 986 b.
1176 964 1204 986 48
1223 971 1234 986 a
1256 977 1283 979 —
1302 963 1360 985 Vide
1378 963 1405 985 V.
1423 963 1515 985 Patres.

1029 1005 1110 1026 Lim-aux
1129 1016 1159 1020 —
1177 1003 1295 1031 tripliciter
1319 1003 1414 1030 ligatur,
1434 1009 1461 1024 110
1479 1002 1550 1030 possit

981 1050 1064 1066 vocem
1090 1044 1191 1066 formare
1217 1043 1261 1064 395
1280 1048 1300 1069 a,
1319 1042 1333 1064 b
1351 1054 1381 1058 —
1399 1045 1423 1064 ut
1441 1045 1501 1063 recte
1518 1042 1550 1063 10-

981 1086 1078 1112 quatur,
1096 1085 1199 1110 oportet,
1216 1088 1267 1103 eam
1290 1082 1350 1110 loqui
1374 1081 1499 1109 veraciter,
1517 1086 1550 1102 ra-

982 1122 1131 1148 tionabiliter,
1150 1121 1309 1149 spiritualiter,
1327 1121 1416 1143 realiter
1430 1121 1473 1142 393
1492 1120 1506 1142 b
1519 1132 1549 1136 --

981 1162 1034 1184 data
1051 1164 1085 1183 est
1107 1161 1137 1183 ad
1164 1161 1235 1183 Deum
1254 1160 1397 1182 laudandum
1425 1160 1470 1181 630
1490 1166 1501 1181 a
1520 1171 1549 1175 —

982 1203 1115 1223 exerceatur
1133 1200 1154 1222 in
1174 1200 1212 1222 Dei
1231 1199 1338 1222 laudibus
1355 1200 1401 1221 725
1418 1205 1429 1221 a
1449 1212 1477 1214 —
1495 1199 1550 1221 aclu-

982 1240 1080 1262 latorum
1098 1243 1120 1261 et
1143 1239 1299 1261 detractorum
1322 1239 1405 1261 dicitur
1423 1238 1550 1260 indomabi-

983 1280 1009 1301 lis
1027 1280 1071 1300 686
1090 1285 1101 1300 a

1030 1330 1060 1334 —-
1088 1318 1214 1345 spiritualis
1240 1320 1274 1339 051
1297 1323 1350 1344 pars
1375 1317 1481 1344 superior
1504 1316 1550 1338 ani-

983 1363 1034 1379 mae
1053 1357 1098 1379 395
1117 1356 1131 1379 b
1148 1369 1179 1372 —
1197 1356 1256 1378 ilaec
1280 1356 1360 1383 triplici
1379 1355 1449 1378 modo
1467 1355 1550 1383 ligatur

984 1395 1038 1419 ibid.
1072 1412 1075 1415 ψ
1103 1406 1127 1424 J

1030 1436 1068 1458 Lts
1084 1448 1115 1451 —
1132 1435 1161 1457 de
1179 1434 1257 1457 verbis
1274 1435 1303 1457 ad
1321 1434 1418 1456 verbera
1446 1440 1551 1462 prorum-

985 1475 1018 1503 pit
1035 1475 1076 1497 461
1099 1481 1110 1496 a
1128 1487 1158 1490 —
1177 1480 1222 1496 non
1239 1477 1316 1496 essent
1334 1474 1354 1495 in
1373 1474 1474 1500 mundo,
1491 1474 1509 1496 si
1529 1473 1550 1495 in

983 1521 1011 1537 eo
1029 1521 1074 1537 non
1092 1518 1152 1536 esset
1169 1513 1265 1536 ambitio
1282 1516 1304 1535 et
1321 1514 1444 1535 aemulatio
1457 1514 1502 1535 628
1521 1513 1535 1535 11

1030 1554 1126 1576 Larem
1146 1566 1175 1569 -—
1193 1559 1234 1581 per
1251 1559 1275 1575 se
1292 1553 1346 1575 1111111
1363 1553 1477 1580 significat
1494 1552 1522 1575 59
1537 1552 1551 1574 b

983 1605 1015 1609 —
1032 1593 1054 1615 ln
1072 1593 1151 1615 litteris
1169 1592 1238 1615 debet
1260 1598 1310 1614 esse
1332 1592 1432 1620 sigillum
1452 1592 1552 1614 caritatis

984 1632 1029 1654 327
1049 1632 1063 1654 b
1080 1644 1110 1648 —
1130 1632 1235 1654 Vetustas
1248 1632 1335 1653 litterae
1349 1631 1401 1653 facit
1412 1637 1494 1653 servos
1506 1631 1550 1653 135

984 1672 999 1694 b
1015 1684 1047 1688 —
1063 1678 1124 1700 quae
1141 1671 1238 1698 occidit,
1256 1671 1362 1698 designat
1378 1671 1497 1693 litteralem
1522 1671 1551 1692 in-

984 1711 1130 1739 telligentiam
1149 1711 1177 1733 63
1196 1716 1207 1732 a

1031 1750 1129 1773 Locus'rft
1154 1763 1180 1765 —
1204 1752 1238 1772 est
1260 1750 1343 1771 animal
1361 1749 1465 1777 volatile,
1483 1749 1551 1771 dente

984 1789 1078 1812 noxium
1098 1789 1142 1811 458
1155 1796 1166 1811 a
1185 1801 1215 1805 ——
1232 1789 1284 1817 pius
1296 1795 1367 1818 quam
1379 1792 1455 1811 cetera
1467 1789 1552 1810 anima-

985 1829 1012 1850 lia
1031 1828 1137 1856 frugibus
1159 1831 1226 1850 nocet
1248 1827 1303 1851 ibid.
1329 1841 1356 1843 —
1382 1828 1489 1856 designat
1513 1834 1552 1850 su-

985 1867 1090 1896 perbiam
1109 1867 1162 1890 ibid.

1031 1908 1198 1929 LONGANltutTAS
1215 1919 1245 1923 —
1262 1907 1335 1929 oritur
1360 1913 1386 1929 ex
1413 1907 1551 1934 poenitentia

985 1949 1007 1968 et
1024 1947 1108 1969 fiducia
1126 1947 1171 1968 298
1190 1946 1205 1968 b

1032 1986 1127 2008 Locuwo
1140 1998 1170 2002 —
1181 1985 1317 2014 Loquimttr‚
1329 1989 1351 2007 ut
1364 1985 1386 2007 id
1398 1985 1462 2014 quod
1474 1985 1552 2007 animo

985 2025 1100 2053 gerimus,
1128 2025 1149 2046 in
1176 2025 1290 2047 audientis
1313 2025 1417 2046 animum
1447 2023 1552 2046 illabatur

990 2065 1029 2086 103
1049 2071 1060 2086 a
1079 2077 1107 2080 —-
1126 2064 1183 2086 Cum
1202 2064 1332 2092 loquimur,
1350 2063 1459 2091 cogitatio
1476 2066 1551 2085 nostra

987 2109 1032 2125 non
1057 2103 1199 2125 convertitur
1225 2103 1245 2124 in
1270 2109 1366 2130 sonum,
1388 2102 1427 2124 sed
1454 2103 1551 2124 formam

987 2143 1052 2165 vocis
1069 2148 1190 2164 assumens
1208 2145 1285 2164 manet
1302 2142 1390 2169 integra
1409 2140 1463 2164 ibid.

1034 2194 1062 2197 —-
1080 2182 1153 2210 Loqui
1171 2184 1247 2209 potest
1263 2187 1313 2203 esse
1326 2181 1468 2208 virtuosum,
1481 2181 1553 2203 curio-

986 2227 1052 2247 sum,
1068 2221 1254 2249 superstitiosum
1284 2221 1325 2242 ¹38
1352 2227 1364 2242 a
1388 2233 1417 2236 —
1436 2219 1553 2242 Debemus

987 2260 1049 2289 loqui
1059 2259 1131 2282 verba
1144 2260 1306 2286 aedificatoria,
1320 2259 1480 2286 consolatoria,
1493 2265 1552 2281 com-

987 2299 1107 2322 monitoria
1122 2299 1166 2321 434
1179 2299 1194 2321 b
1207 2312 1236 2315 —
1249 2302 1354 2321 arceatur
1363 2298 1393 2320 ab
1405 2299 1466 2321 omni
1480 2298 1552 2320 verbo

987 2338 1155 2366 indisciplinato
1177 2338 1223 2360 724
1250 2337 1264 2360 b
1289 2350 1320 2355 —-
1337 2338 1462 2360 Collocutio
1478 2338 1552 2360 fructi·

988 2379 1033 2400 fera
1051 2378 1157 2400 aedificat
1175 2378 1307 2405 proximum
1327 2377 1371 2399 434
1388 2384 1400 2399 a

1034 2417 1079 2439 LoT
1095 2429 1126 2433 —
1144 2417 1186 2445 Qui
1205 2417 1225 2439 ei
1248 2423 1293 2439 11011
1317 2417 1464 2439 crediderunt
1482 2417 1553 2444 perie-

987 2459 1041 2479 runt
1058 2456 1102 2478 242
1121 2456 1136 2478 b
1152 2468 1182 2472 —
1201 2462 1241 2484 pet·
1259 2456 1335 2483 ipsum
1354 2455 1486 2483 intelligitur
1499 2461 1551 2483 poc-

988 2496 1062 2518 nitens
1079 2495 1120 2517 711
1143 2494 1158 2517 b

1035 2535 1124 2557 Luentct
1141 2546 1170 2551 --
1190 2534 1318 2561 figurantur
1331 2540 1372 2562 per
1384 2539 1467 2562 porcos
1480 2534 1524 2555 389
1538 2533 1553 2555 b

1035 2574 1152 2596 Lucnnuae
1173 2586 1199 2589 —-
1218 2574 1325 2596 ardentes
1342 2576 1394 2596 sunt
1406 2573 1463 2595 lucis
1480 2579 1554 2595 exem-

989 2614 1025 2641 pla
1043 2614 1071 2634 66
1090 2619 1102 2634 a

1036 2653 1130 2675 Luctren
1148 2664 1178 2684 Τ-
1194 2654 1243 2674 erat
1261 2652 1350 2679 primus
1366 2652 1467 2679 Angelus
1484 2651 1528 2673 522
1541 2658 1553 2673 11

989 2704 1017 2707 —
1036 2687 1160 2719 antequam
1178 2694 1297 2719 peccaret,
1315 2691 1355 2713 fuit
1378 2690 1475 2713 nobilior
1492 2696 1553 2712 erea-

989 2733 1046 2758 tura,
1058 2736 1129 2759 quam
1143 2730 1203 2752 Dens
1216 2736 1318 2758 unquam
1337 2730 1451 2752 creaverit
1466 2729 1494 2752 ib.
1506 2736 1526 2757 a,
1539 2729 1554 2751 b

988 2781 1018 2786 ·--
1036 2770 1077 2791 fuit
1093 2769 1289 2797 sapientissimus,
1307 2769 1493 2797 potentissimus,
1507 2769 1555 2796 pul-

988 2809 1128 2837 cherrimus,
1147 2808 1304 2830 nobilissimus
1327 2809 1385 2830 iuter
1402 2808 1516 2836 Angelos,
1532 2810 1555 2830 et

988 2850 1064 2870 tamen
1083 2848 1195 2870 Dominus
1212 2848 1256 2876 ipsi
1274 2854 1319 2870 non
1338 2848 1442 2876 pepercit
1459 2847 1504 2869 542
1522 2853 1534 2868 a

1036 2900 1066 2904 —
1084 2888 1155 2910 voluit
1181 2894 1230 2910 esse
1253 2888 1333 2910 similis
1356 2888 1403 2909 Deo
1430 2887 1470 2909 101
1493 2886 1507 2908 11
1523 2899 1554 2903 -

988 2933 1034 2949 non
1052 2926 1212 2954 desiderabat,
1230 2930 1254 2949 111
1271 2930 1330 2949 esset
1348 2927 1409 2949 Deus
1420 2925 1474 2949 ibid.
1487 2938 1517 2941 -—
1529 2932 1554 2948 se

988 2966 1094 2989 exaltavit
1109 2969 1132 2989 et
1148 2966 1180 2989 sic
1203 2966 1264 2988 viam
1290 2965 1444 2988 damnationis
1464 2965 1555 2993 aperuit

927 181 1025 209 lNDEX
1048 180 1288 209 ALPHABETICUS
1308 179 1386 208 NONl
1409 179 1596 208 VOLUMINIS.

1832 217 1888 240 Lux

1578 257 1623 278 696
1642 256 1656 278 11
1674 269 1704 273 —
1721 263 1746 279 se
1771 255 1891 279 extollebat
1913 256 1936 278 in
1953 259 2042 279 secreto
2060 257 2145 284 cogita-

1579 296 1646 318 tionis
1664 296 1707 318 458
1726 302 1738 317 a
1751 308 1782 312 —
1794 296 1872 318 volens
1889 302 1914 317 se
1931 296 2030 318 exaltare
2042 296 2144 318 deiectus

1578 338 1612 357 est
1629 335 1650 357 in
1669 335 1810 363 profundum
1830 335 1911 357 inferni
1924 335 1967 356 627
1982 334 1996 356 b
2009 348 2037 350 —
2050 335 2145 363 quando

1578 374 1721 402 superbivit,
1739 374 1761 396 in
1787 374 1863 396 minus
1888 380 1957 403 quam
1982 374 2004 396 in
2029 376 2145 396 momento

1579 413 1741 441 praecipitatus
1758 416 1792 435 est
1813 413 1835 435 in
1854 413 1967 435 infernum
1985 416 2008 435 et
2025 414 2097 435 factus
2113 416 2147 435 est

1580 453 1710 480 turpissima
1729 456 1887 475 creaturarum
1911 452 1956 474 522
1975 452 1989 474 b
2012 465 2041 468 ——
2065 452 2146 480 Angeli

1579 492 1705 514 luciferiani
1718 495 1853 519 appetentes
1867 492 2062 519 magnificentiam
2076 492 2148 519 perie-

1579 533 1633 553 runt
1650 531 1694 553 577
1714 530 1728 552 b
1748 543 1775 546 —
1793 537 1871 553 secum
1885 536 1952 553 ruere
1965 531 2016 553 fecit
2029 530 2146 552 nominem

1580 569 1633 592 ibid.
1651 582 1681 586 —
1707 570 1790 592 dicitur
1814 570 1901 592 locusta
1925 569 1969 592 458
1992 576 2004 591 a
2023 583 2051 585 —
2070 569 2148 592 veniet

1580 609 1608 631 ad
1628 609 1738 631 iudicium
1752 615 1805 631 cum
1818 609 1967 637 peccantibus
1982 609 2070 637 angelis
2086 609 2116 631 72
2133 615 2145 630 a

1627 648 1719 671 Lucauxu
1737 661 1767 664 —
1785 649 1855 670 Amor
1873 648 1928 670 lucri
1943 649 2012 670 multa
2031 648 2076 676 pati
2096 648 2148 670 facit

1581 688 1621 710 571
1645 688 1658 710 b
1676 700 1706 704 —
1724 688 1770 715 Spe
1785 688 1842 710 lucri
1861 688 1948 709 radunt
1966 687 2072 709 homines
2089 688 2147 709 ultra

1583 733 1645 749 mare
1664 727 1708 748 482
1726 733 1738 749 a

1628 767 1699 788 Lumat
1717 779 1745 782 —
1765 767 1787 788 111
1805 766 1890 788 lumbis
1904 770 1938 788 est
1949 766 2097 788 seminarium
2111 772 2148 794 ge-

1582 806 1705 827 nerationis
1728 809 1750 828 et
1774 805 1932 828 delectationis
1956 805 2032 828 omnis
2053 811 2148 833 genera-

1582 845 1632 867 liter
1650 845 1693 867 480
1712 851 1725 867 a
1748 857 1778 861 —
1801 846 1823 867 111
1849 844 1934 867 lumbis
1956 845 2023 872 origo
2048 849 2149 867 0510111·-

1582 884 1638 906 nalis
1655 884 1812 906 delectationis
1829 884 1858 906 66
1876 890 1887 906 a
1912 896 1942 900 —
1964 884 2071 911 designat
2087 884 2149 910 luxu-

1583 923 1639 945 riam
1664 923 1708 945 416
1727 923 1741 945 b
1767 936 1796 939 —-
1822 923 1904 951 triplici
1930 923 2000 945 modo
2024 923 2148 951 implentur

1583 962 1727 984 illusionibus
1744 961 1799 985 ibid.
1812 975 1839 978 -
1854 961 1946 984 lumbos
1963 962 2098 989 succingere
2115 964 2149 984 est

1583 1008 1675 1024 omnem
1694 1002 1780 1024 fluxum
1798 1002 1999 1029 concupiscentiae
2017 1007 2058 1029 per
2071 1001 2149 1023 mode·

1582 1042 1648 1063 stiam
1675 1042 1790 1063 refrenare
1813 1041 1854 1062 681
1883 1047 1894 1062 a
1913 1053 1942 1057 —-
1960 1040 2062 1063 Lumbos
2087 1047 2149 1068 prae-

1583 1081 1709 1108 cingimus,
1727 1086 1779 1102 cum
1798 1080 1873 1102 carnis
1890 1080 2003 1102 luxuriam
2022 1086 2063 1108 per
2081 1079 2150 1102 conti-

1583 1120 1684 1142 nentiam
1703 1123 1848 1142 coarctamus
1866 1119 1909 1141 574
1928 1126 1940 1141 a

1631 1160 1706 1181 Luntstx
1729 1171 1759 1175 —
1783 1162 1869 1188 quanto
1894 1159 1969 1186 magis
1991 1158 2149 1181 deformitates

1583 1205 1595 1220 a
1614 1199 1664 1221 risu
1682 1198 1858 1226 absterguntur,
1876 1201 1939 1220 tanto
1956 1199 2033 1220 lumen
2060 1198 2150 1220 dulcius

1583 1238 1643 1266 sapit
1659 1238 1705 1260 7⁶25
1724 1237 1738 1260 b
1755 1250 1786 1254 —
1803 1238 1893 1266 Quanto
1911 1237 1986 1264 magis
2000 1237 2052 1266 quis
2068 1243 2151 1264 appro-

1584 1278 1680 1306 pinquat
1697 1277 1793 1304 lumini,
1811 1280 1871 1299 tanto
1895 1277 1970 1304 magis
1987 1277 2069 1304 aspicit
2085 1276 2151 1304 quid-

1584 1317 1640 1345 quid
1659 1317 1763 1339 deforme
1784 1319 1817 1339 est
1835 1316 1888 1339 ibid.
1911 1328 1942 1332 —
1964 1316 2061 1338 caeleste
2083 1318 2117 1337 est
2138 1321 2149 1337 a

1585 1356 1719 1378 faeculentia
1738 1356 1909 1383 impet-mixtum
1923 1358 1945 1377 et
1959 1362 1971 1377 a
1989 1355 2151 1377 terrestreitate

1584 1399 1716 1423 separatum
1735 1396 1779 1418 332
1798 1401 1810 1417 a

1632 1447 1662 1451 —
1680 1434 1761 1457 stabile
1779 1441 1823 1456 non
1842 1437 1876 1456 est
1893 1434 1933 1456 nisi
1951 1440 1991 1461 per
2003 1433 2149 1461 splendorem

1585 1478 1705 1497 aeternum
1731 1477 1753 1496 et
1775 1472 2039 1501 incircumscriptibilem
2066 1473 2111 1494 315
2135 1472 2149 1494 b

1584 1527 1614 1530 —
1632 1514 1774 1541 Angelorum
1788 1514 1873 1535 factum
1886 1515 1920 1535 est
1931 1513 2008 1534 lumen
2022 1512 2150 1540 bominum,

1584 1554 1661 1575 lumen
1680 1558 1834 1581 supernorum
1855 1553 1939 1574 factum
1957 1555 1991 1574 est
2014 1552 2090 1573 lumen
2109 1554 2151 1573 ter·

1585 1599 1694 1615 renorum
1718 1592 1754 1614 131
1773 1598 1785 1614 a
1803 1604 1833 1608 —
1851 1594 1939 1619 septem
1952 1594 2016 1613 erant
2027 1591 2049 1613 in
2062 1590 2150 1613 Christo

1587 1633 1630 1654 167
1648 1639 1660 1654 a
1679 1644 1709 1648 —
1733 1637 1816 1654 novem
1842 1637 1884 1653 nos
1901 1631 1986 1653 docent
2007 1630 2072 1658 sequi
2090 1630 2152 1652 Chri-

1584 1675 1644 1693 stum
1663 1670 1693 1694 ib.
1706 1670 1729 1693 b.
1752 1671 1794 1692 168
1812 1676 1824 1692 11
1842 1682 1872 1686 -
1889 1669 2012 1698 Quomodo
2029 1669 2151 1691 videamus

1585 1711 1607 1732 in
1625 1711 1712 1732 lumine
1729 1710 1768 1732 Dei
1787 1710 1863 1732 lumen
1881 1709 1910 1731 72
1929 1716 1941 1731 a

1633 1751 1755 1772 tummim
1773 1761 1803 1765 —
1816 1749 1875 1777 Quid
1889 1748 2003 1776 significet
2015 1754 2096 1770 eorum
2110 1748 2151 1769 cla-

1586 1790 1640 1812 ritas
1656 1792 1678 1811 et
1703 1788 1832 1811 obscuritas
1858 1789 1886 1810 36
1906 1787 1920 1810 1)
1937 1800 1968 1804 -
1989 1793 2073 1815 magua
2092 1786 2152 1809 desi-

1585 1832 1656 1857 gnant
1674 1828 1787 1856 praelatos
1805 1828 1849 1849 518
1867 1834 1879 1849 a

1632 1868 1692 1890 Lunx
1710 1880 1740 1883 —-
1758 1867 1842 1889 dicitur
1859 1873 1924 1889 soror
1946 1866 2001 1888 solis
2027 1866 2071 1887 212
2089 1864 2104 1887 b
2122 1878 2152 1881 —

1586 1910 1620 1929 est
1636 1913 1722 1935 corpus
1740 1906 1814 1934 magis
1831 1909 1911 1934 aptum
1933 1905 1962 1928 ad
1980 1905 2150 1933 susceptionem

1586 1947 1678 1969 luminis
1695 1946 1749 1968 solis
1766 1945 1820 1968 ibid.
1838 1958 1867 1961 —
1885 1945 1979 1974 quando
1992 1945 2066 1972 magis
2083 1950 2152 1972 appa-

1586 1988 1634 2008 reat
1651 1989 1673 2008 et
1690 1985 1784 2014 quando
1802 1985 1876 2013 magis
1893 1985 1921 2006 sit
1934 1984 2059 2006 illuminata
2071 1984 2116 2006 589
2129 1982 2152 2005 b.

1587 2025 1632 2047 590
1650 2031 1661 2046 a

1633 2076 1663 2080 —
1685 2063 1800 2092 significat
1824 2069 1906 2091 omne,
1931 2063 1995 2091 quod
2021 2063 2081 2084 lucet
2103 2063 2152 2084 luce

1586 2103 1659 2125 aliena
1677 2103 1718 2124 701
1747 2102 1760 2124 b
1781 2115 1813 2119 —-
1838 2102 1944 2130 designat
1961 2102 2058 2130 gratiam
2077 2101 2121 2123 558
2139 2107 2150 2123 a

1585 2154 1616 2158 —
1628 2142 1742 2169 siguificat
1753 2142 1877 2169 perfectam
1890 2141 2042 2168 integritatem
2057 2141 2085 2163 36
2097 2147 2109 2162 a
2122 2153 2152 2156 —

1586 2181 1692 2209 designat
1708 2181 1870 2203 discretionem
1889 2180 1933 2202 246
1952 2179 1967 2201 b
1984 2192 2014 2196 —
2029 2180 2096 2202 Maria
2114 2185 2153 2201 vo-

1586 2223 1652 2243 catur
1670 2221 1722 2242 luna
1746 2220 1775 2242 35
1801 2219 1816 2242 b
1838 2232 1869 2236 —
1893 2220 1971 2241 Lunae
1988 2222 2152 2247 comparantur

1588 2260 1630 2282 viri
1657 2259 1755 2281 iustitiae
1780 2250 1903 2281 crescentis
1929 2259 1957 2280 36
1981 2257 1996 2280 b
2018 2271 2049 2274 —
2074 2259 2152 2280 Lunae

1587 2301 1751 2327 comparantur
1769 2298 1888 2321 inferiores
1906 2298 2001 2326 praelati
2013 2298 2062 2320 sive
2075 2297 2151 2320 clerici

1586 2340 1609 2360 et
1633 2337 1739 2360 doctores
1762 2340 1857 2365 propter
1884 2337 1923 2358 tria
1949 2337 1977 2358 37
1996 2343 2008 2358 a
2026 2348 2057 2352 ——
2075 2336 2153 2358 decre-

1587 2383 1653 2399 scens
1670 2377 1784 2404 signiflcat
1802 2377 1878 2398 virum
1896 2376 2008 2398 lascivum
2026 2375 2055 2397 24
2075 2375 2088 2397 b

1634 2417 1737 2439 LurANAtt
1756 2428 1784 2431 —
1803 2416 1865 2437 11111111
1883 2416 1923 2444 qui
1936 2415 1998 2437 vadit
2009 2415 2037 2437 ad
2057 2415 2153 2442 lupanar

1587 2456 1731 2483 praecedunt
1747 2455 1874 2477 daemones
1891 2455 1935 2476 617
1954 2454 1969 2476 b

1634 2496 1685 2517 Lurt
1703 2507 1734 2511 —
1751 2494 1873 2522 designant
1890 2494 2005 2521 superbos
2022 2494 2067 2515 262
2086 2492 2100 2514 11

1635 2535 1680 2556 Lux
1698 2546 1729 2550 —
1746 2533 1812 2556 Lucis
1830 2533 1933 2555 incessus
1945 2536 1977 2554 est
1996 2538 2036 2560 per
2054 2532 2104 2554 vias
2121 2538 2153 2554 re-

1587 2576 1648 2600 01115,
1666 2573 1701 2595 vel
1719 2573 1814 2595 reflexas
1831 2572 1861 2595 ad
1878 2572 1976 2600 angulos
1987 2572 2095 2600 aequales
2107 2570 2153 2593 605

1588 2611 1603 2634 b
1629 2624 1660 2628 —
1682 2612 1766 2634 Natura
1792 2612 1849 2634 lucis
1874 2615 1908 2634 est
1932 2615 2051 2639 penetrare
2069 2616 2153 2638 corpus

1589 2652 1749 2679 perspicuum,
1766 2651 1807 2674 sed
1825 2657 1868 2673 non
1886 2657 1986 2678 opacum
2005 2650 2049 2672 226
2063 2656 2074 2671 a
2088 2662 2117 2665 —
2131 2649 2153 2670 in

1587 2690 1697 2712 omnibus
1713 2690 1873 2718 corporalibus
1895 2693 1917 2712 et
1941 2688 2098 2717 spiritualibus
2115 2687 2153 2710 ob-

1589 2730 1643 2752 tinet
1660 2730 1816 2757 principatum
1833 2729 1878 2751 706
1897 2729 1911 2751 b
1924 2741 1954 2745 —
1967 2731 2001 2750 est
2013 2728 2081 2750 totius
2093 2734 2152 2750 crea-

1588 2772 1652 2791 turae
1677 2769 1809 2791 decorativa
1834 2771 1857 2790 et
1882 2768 2000 2796 acceptiva
2024 2768 2067 2789 182
2092 2767 2106 2789 b
2122 2779 2154 2783 —

1588 2808 1682 2830 Claritas
1699 2808 1756 2830 lucis
1773 2808 1851 2836 pulcra
1873 2811 1907 2830 est
1924 2807 1980 2830 iuter
2002 2807 2091 2829 colores
2108 2806 2152 2828 283

1588 2853 1599 2869 a
1621 2860 1652 2863 -
1675 2848 1734 2870 lucet
1756 2847 1892 2869 sensibiliter
1915 2846 1959 2868 563
1982 2852 1994 2868 a
2014 2858 2045 2862 —
2067 2846 2154 2868 Lucere

1588 2889 1622 2909 est
1638 2889 1703 2909 actus
1728 2886 1785 2908 lucis
1807 2885 1861 2909 ibid.
1879 2898 1908 2901 —-
1930 2885 1953 2907 in
1971 2884 2067 2907 meridie
2085 2884 2154 2907 maio·

1588 2932 1637 2948 rem
1657 2925 1725 2948 babet
1751 2926 1864 2947 servorem
1890 2924 1933 2946 417
1953 2923 1967 2946 b
1983 2935 2013 2940 —
2032 2924 2088 2946 Nihil
2107 2923 2152 2945 illu-

1589 2965 1689 2987 minatur
1707 2965 1749 2986 nisi
1766 2970 1847 2987 carens
1864 2964 1915 2986 luce
1936 2963 1972 2985 131
1995 2969 2006 2985 11
2024 2975 2055 2979 -
2073 2962 2152 2990 pervia
