<?xml version="1.0" encoding="UTF-8"?>
<!DOCTYPE html PUBLIC "-//W3C//DTD XHTML 1.0 Transitional//EN"
    "http://www.w3.org/TR/xhtml1/DTD/xhtml1-transitional.dtd">
<html xmlns="http://www.w3.org/1999/xhtml" xml:lang="en" lang="en">
 <head>
  <title>
</title>
<meta http-equiv="Content-Type" content="text/html;charset=utf-8" />
  <meta name='ocr-system' content='tesseract 3.04.00' />
  <meta name='ocr-capabilities' content='ocr_page ocr_carea ocr_par ocr_line ocrx_word'/>
</head>
<body>
  <div class='ocr_page' id='page_1' title='image "./doctorisseraphic10bona_0022.png"; bbox 0 0 2269 3448; ppageno 0'>
   <div class='ocr_carea' id='block_1_1' title="bbox 393 212 409 240">
    <p class='ocr_par' dir='ltr' id='par_1_1' title="bbox 393 212 409 240">
     <span class='ocr_line' id='line_1_1' title="bbox 393 212 409 240; baseline 0 0"><span class='ocrx_word' id='word_1_1' title='bbox 393 212 409 240; x_wconf 82' lang='lat'><em>8</em></span> 
     </span>
    </p>
   </div>
   <div class='ocr_carea' id='block_1_2' title="bbox 1139 204 1391 234">
    <p class='ocr_par' dir='ltr' id='par_1_2' title="bbox 1139 204 1391 234">
     <span class='ocr_line' id='line_1_2' title="bbox 1139 204 1391 234; baseline -0.008 0"><span class='ocrx_word' id='word_1_2' title='bbox 1139 204 1352 234; x_wconf 75' lang='lat' dir='ltr'>DISSERTATIO</span> <span class='ocrx_word' id='word_1_3' title='bbox 1374 205 1391 232; x_wconf 93' lang='lat' dir='ltr'>l.</span> 
     </span>
    </p>
   </div>
   <div class='ocr_carea' id='block_1_3' title="bbox 391 287 909 319">
    <p class='ocr_par' dir='ltr' id='par_1_3' title="bbox 391 287 909 319">
     <span class='ocr_line' id='line_1_3' title="bbox 391 287 909 319; baseline -0.008 -7"><span class='ocrx_word' id='word_1_4' title='bbox 391 291 444 319; x_wconf 75' lang='lat' dir='ltr'>Pag.</span> <span class='ocrx_word' id='word_1_5' title='bbox 463 290 515 312; x_wconf 83' lang='lat'>805.</span> <span class='ocrx_word' id='word_1_6' title='bbox 534 290 566 311; x_wconf 92' lang='lat' dir='ltr'>De</span> <span class='ocrx_word' id='word_1_7' title='bbox 584 289 644 310; x_wconf 88' lang='lat' dir='ltr'>malo</span> <span class='ocrx_word' id='word_1_8' title='bbox 661 291 740 311; x_wconf 86' lang='lat' dir='ltr'>contra</span> <span class='ocrx_word' id='word_1_9' title='bbox 757 287 909 309; x_wconf 82' lang='lat' dir='ltr'>Manichaeos.</span> 
     </span>
    </p>
   </div>
   <div class='ocr_carea' id='block_1_4' title="bbox 414 339 425 350">
    <p class='ocr_par' dir='ltr' id='par_1_4' title="bbox 414 339 425 350">
     <span class='ocr_line' id='line_1_4' title="bbox 414 339 425 350; baseline 0 0"><span class='ocrx_word' id='word_1_10' title='bbox 414 339 425 350; x_wconf 66' lang='lat'>71</span> 
     </span>
    </p>
   </div>
   <div class='ocr_carea' id='block_1_5' title="bbox 416 378 426 388">
    <p class='ocr_par' dir='ltr' id='par_1_5' title="bbox 416 378 426 388">
     <span class='ocr_line' id='line_1_5' title="bbox 416 378 426 388; baseline 0 0"><span class='ocrx_word' id='word_1_11' title='bbox 416 378 426 388; x_wconf 82' lang='grc'>1)</span> 
     </span>
    </p>
   </div>
   <div class='ocr_carea' id='block_1_6' title="bbox 415 457 424 467">
    <p class='ocr_par' dir='ltr' id='par_1_6' title="bbox 415 457 424 467">
     <span class='ocr_line' id='line_1_6' title="bbox 415 457 424 467; baseline 0 0"><span class='ocrx_word' id='word_1_12' title='bbox 415 457 424 467; x_wconf 63' lang='lat' dir='ltr'>r&gt;</span> 
     </span>
    </p>
   </div>
   <div class='ocr_carea' id='block_1_7' title="bbox 416 534 426 545">
    <p class='ocr_par' dir='ltr' id='par_1_7' title="bbox 416 534 426 545">
     <span class='ocr_line' id='line_1_7' title="bbox 416 534 426 545; baseline 0 0"><span class='ocrx_word' id='word_1_13' title='bbox 416 534 426 545; x_wconf 79' lang='lat'>1&gt;</span> 
     </span>
    </p>
   </div>
   <div class='ocr_carea' id='block_1_8' title="bbox 415 572 426 583">
    <p class='ocr_par' dir='ltr' id='par_1_8' title="bbox 415 572 426 583">
     <span class='ocr_line' id='line_1_8' title="bbox 415 572 426 583; baseline 0 0"><span class='ocrx_word' id='word_1_14' title='bbox 415 572 426 583; x_wconf 58' lang='lat'>5&gt;</span> 
     </span>
    </p>
   </div>
   <div class='ocr_carea' id='block_1_9' title="bbox 415 650 425 662">
    <p class='ocr_par' dir='ltr' id='par_1_9' title="bbox 415 650 425 662">
     <span class='ocr_line' id='line_1_9' title="bbox 415 650 425 662; baseline 0 0"><span class='ocrx_word' id='word_1_15' title='bbox 415 650 425 662; x_wconf 76' lang='lat'>1³</span> 
     </span>
    </p>
   </div>
   <div class='ocr_carea' id='block_1_10' title="bbox 462 323 1241 1170">
    <p class='ocr_par' dir='ltr' id='par_1_10' title="bbox 462 323 1193 356">
     <span class='ocr_line' id='line_1_10' title="bbox 462 323 1193 356; baseline -0.008 -5"><span class='ocrx_word' id='word_1_16' title='bbox 462 330 515 351; x_wconf 84' lang='lat'>816.</span> <span class='ocrx_word' id='word_1_17' title='bbox 534 329 626 356; x_wconf 80' lang='lat' dir='ltr'>Triplex</span> <span class='ocrx_word' id='word_1_18' title='bbox 645 331 678 349; x_wconf 81' lang='lat' dir='ltr'>est</span> <span class='ocrx_word' id='word_1_19' title='bbox 696 327 796 353; x_wconf 87' lang='lat' dir='ltr'>malum,</span> <span class='ocrx_word' id='word_1_20' title='bbox 814 326 877 354; x_wconf 86' lang='lat' dir='ltr'>quod</span> <span class='ocrx_word' id='word_1_21' title='bbox 896 325 1019 347; x_wconf 79' lang='lat' dir='ltr'>formaliter</span> <span class='ocrx_word' id='word_1_22' title='bbox 1036 327 1070 347; x_wconf 86' lang='lat' dir='ltr'>est</span> <span class='ocrx_word' id='word_1_23' title='bbox 1088 323 1193 351; x_wconf 87' lang='lat' dir='ltr'>privatio.</span> 
     </span>
    </p>

    <p class='ocr_par' dir='ltr' id='par_1_11' title="bbox 464 363 1240 430">
     <span class='ocr_line' id='line_1_11' title="bbox 464 363 1240 394; baseline -0.009 -3"><span class='ocrx_word' id='word_1_24' title='bbox 464 369 516 391; x_wconf 82' lang='lat'>824.</span> <span class='ocrx_word' id='word_1_25' title='bbox 534 368 599 390; x_wconf 79' lang='lat' dir='ltr'>Plura</span> <span class='ocrx_word' id='word_1_26' title='bbox 618 367 647 389; x_wconf 87' lang='grc'>(16</span> <span class='ocrx_word' id='word_1_27' title='bbox 664 366 812 394; x_wconf 87' lang='lat' dir='ltr'>corruptione</span> <span class='ocrx_word' id='word_1_28' title='bbox 833 364 887 387; x_wconf 84' lang='lat' dir='ltr'>boni</span> <span class='ocrx_word' id='word_1_29' title='bbox 910 365 931 386; x_wconf 91' lang='lat' dir='ltr'>in</span> <span class='ocrx_word' id='word_1_30' title='bbox 954 370 1023 386; x_wconf 76' lang='lat' dir='ltr'>sensu</span> <span class='ocrx_word' id='word_1_31' title='bbox 1047 363 1120 386; x_wconf 89' lang='lat' dir='ltr'>activo</span> <span class='ocrx_word' id='word_1_32' title='bbox 1143 365 1165 385; x_wconf 94' lang='grc'>61</span> <span class='ocrx_word' id='word_1_33' title='bbox 1187 368 1240 390; x_wconf 88' lang='lat' dir='ltr'>pas-</span> 
     </span>
     <span class='ocr_line' id='line_1_12' title="bbox 517 408 576 430; baseline -0.017 0"><span class='ocrx_word' id='word_1_34' title='bbox 517 408 576 430; x_wconf 83' lang='lat' dir='ltr'>sivo.</span> 
     </span>
    </p>

    <p class='ocr_par' dir='ltr' id='par_1_12' title="bbox 464 442 1239 511">
     <span class='ocr_line' id='line_1_13' title="bbox 464 442 1239 475; baseline -0.009 -6"><span class='ocrx_word' id='word_1_35' title='bbox 464 447 508 469; x_wconf 80' lang='grc'>838</span> <span class='ocrx_word' id='word_1_36' title='bbox 527 453 574 475; x_wconf 90' lang='lat' dir='ltr'>seq.</span> <span class='ocrx_word' id='word_1_37' title='bbox 592 447 673 469; x_wconf 89' lang='lat' dir='ltr'>Utrum</span> <span class='ocrx_word' id='word_1_38' title='bbox 691 445 788 471; x_wconf 71' lang='lat' dir='ltr'>modus,</span> <span class='ocrx_word' id='word_1_39' title='bbox 805 444 894 471; x_wconf 83' lang='lat' dir='ltr'>species</span> <span class='ocrx_word' id='word_1_40' title='bbox 912 448 933 465; x_wconf 87' lang='lat' dir='ltr'>et</span> <span class='ocrx_word' id='word_1_41' title='bbox 950 442 1008 465; x_wconf 87' lang='lat' dir='ltr'>ordo</span> <span class='ocrx_word' id='word_1_42' title='bbox 1026 442 1115 470; x_wconf 75' lang='lat' dir='ltr'>possint</span> <span class='ocrx_word' id='word_1_43' title='bbox 1133 447 1174 468; x_wconf 89' lang='lat' dir='ltr'>per</span> <span class='ocrx_word' id='word_1_44' title='bbox 1191 446 1239 462; x_wconf 92' lang='lat' dir='ltr'>ma-</span> 
     </span>
     <span class='ocr_line' id='line_1_14' title="bbox 517 483 821 511; baseline -0.01 -4"><span class='ocrx_word' id='word_1_45' title='bbox 517 486 564 508; x_wconf 90' lang='lat' dir='ltr'>lum</span> <span class='ocrx_word' id='word_1_46' title='bbox 582 485 679 507; x_wconf 83' lang='lat' dir='ltr'>totaliter</span> <span class='ocrx_word' id='word_1_47' title='bbox 695 483 821 511; x_wconf 82' lang='lat' dir='ltr'>corrumpi.</span> 
     </span>
    </p>

    <p class='ocr_par' dir='ltr' id='par_1_13' title="bbox 463 518 1237 547">
     <span class='ocr_line' id='line_1_15' title="bbox 463 518 1237 547; baseline -0.01 0"><span class='ocrx_word' id='word_1_48' title='bbox 463 524 516 547; x_wconf 77' lang='grc'>864.</span> <span class='ocrx_word' id='word_1_49' title='bbox 535 525 566 546; x_wconf 90' lang='lat' dir='ltr'>De</span> <span class='ocrx_word' id='word_1_50' title='bbox 584 529 697 546; x_wconf 80' lang='lat' dir='ltr'>concursu</span> <span class='ocrx_word' id='word_1_51' title='bbox 718 523 757 545; x_wconf 89' lang='lat' dir='ltr'>Dei</span> <span class='ocrx_word' id='word_1_52' title='bbox 774 522 803 544; x_wconf 82' lang='lat' dir='ltr'>ad</span> <span class='ocrx_word' id='word_1_53' title='bbox 821 521 922 544; x_wconf 90' lang='lat' dir='ltr'>actiones</span> <span class='ocrx_word' id='word_1_54' title='bbox 939 521 1053 542; x_wconf 88' lang='lat' dir='ltr'>humanas</span> <span class='ocrx_word' id='word_1_55' title='bbox 1070 519 1138 541; x_wconf 88' lang='lat' dir='ltr'>etiam</span> <span class='ocrx_word' id='word_1_56' title='bbox 1158 518 1237 540; x_wconf 88' lang='lat' dir='ltr'>malas.</span> 
     </span>
    </p>

    <p class='ocr_par' dir='ltr' id='par_1_14' title="bbox 463 556 1238 628">
     <span class='ocr_line' id='line_1_16' title="bbox 463 556 1238 591; baseline -0.01 -6"><span class='ocrx_word' id='word_1_57' title='bbox 463 564 515 585; x_wconf 81' lang='grc'>883.</span> <span class='ocrx_word' id='word_1_58' title='bbox 533 562 655 591; x_wconf 85' lang='lat' dir='ltr'>Quomodo</span> <span class='ocrx_word' id='word_1_59' title='bbox 674 561 760 583; x_wconf 88' lang='lat' dir='ltr'>bonum</span> <span class='ocrx_word' id='word_1_60' title='bbox 780 560 866 582; x_wconf 86' lang='lat' dir='ltr'>morale</span> <span class='ocrx_word' id='word_1_61' title='bbox 881 559 989 581; x_wconf 73' lang='lat' dir='ltr'>consistat</span> <span class='ocrx_word' id='word_1_62' title='bbox 1001 558 1022 579; x_wconf 93' lang='lat' dir='ltr'>in</span> <span class='ocrx_word' id='word_1_63' title='bbox 1034 557 1116 580; x_wconf 90' lang='lat' dir='ltr'>ordine</span> <span class='ocrx_word' id='word_1_64' title='bbox 1128 556 1157 579; x_wconf 90' lang='lat' dir='ltr'>ad</span> <span class='ocrx_word' id='word_1_65' title='bbox 1170 556 1238 578; x_wconf 89' lang='lat' dir='ltr'>finem</span> 
     </span>
     <span class='ocr_line' id='line_1_17' title="bbox 518 600 760 628; baseline -0.008 -4"><span class='ocrx_word' id='word_1_66' title='bbox 518 605 539 624; x_wconf 87' lang='lat' dir='ltr'>et</span> <span class='ocrx_word' id='word_1_67' title='bbox 556 601 585 624; x_wconf 84' lang='lat' dir='ltr'>cle</span> <span class='ocrx_word' id='word_1_68' title='bbox 602 601 688 628; x_wconf 78' lang='lat' dir='ltr'>duplici</span> <span class='ocrx_word' id='word_1_69' title='bbox 706 600 760 622; x_wconf 87' lang='grc'>11116.</span> 
     </span>
    </p>

    <p class='ocr_par' dir='ltr' id='par_1_15' title="bbox 464 634 1240 702">
     <span class='ocr_line' id='line_1_18' title="bbox 464 634 1240 669; baseline -0.01 -6"><span class='ocrx_word' id='word_1_70' title='bbox 464 641 516 663; x_wconf 84' lang='lat'>891.</span> <span class='ocrx_word' id='word_1_71' title='bbox 535 640 657 669; x_wconf 85' lang='lat' dir='ltr'>Quomodo</span> <span class='ocrx_word' id='word_1_72' title='bbox 675 640 779 662; x_wconf 82' lang='lat' dir='ltr'>differant</span> <span class='ocrx_word' id='word_1_73' title='bbox 796 637 893 660; x_wconf 75' lang='lat' dir='ltr'>intentio</span> <span class='ocrx_word' id='word_1_74' title='bbox 912 640 933 659; x_wconf 86' lang='lat' dir='ltr'>et</span> <span class='ocrx_word' id='word_1_75' title='bbox 956 635 1035 659; x_wconf 67' lang='lat' dir='ltr'>electio</span> <span class='ocrx_word' id='word_1_76' title='bbox 1058 638 1080 657; x_wconf 87' lang='lat' dir='ltr'>et</span> <span class='ocrx_word' id='word_1_77' title='bbox 1102 635 1132 657; x_wconf 88' lang='lat' dir='ltr'>de</span> <span class='ocrx_word' id='word_1_78' title='bbox 1153 634 1240 662; x_wconf 84' lang='lat' dir='ltr'>duplici</span> 
     </span>
     <span class='ocr_line' id='line_1_19' title="bbox 518 680 648 702; baseline -0.015 0"><span class='ocrx_word' id='word_1_79' title='bbox 518 680 648 702; x_wconf 84' lang='lat' dir='ltr'>intentione.</span> 
     </span>
    </p>

    <p class='ocr_par' dir='ltr' id='par_1_16' title="bbox 462 715 1005 743">
     <span class='ocr_line' id='line_1_20' title="bbox 462 715 1005 743; baseline -0.009 -2"><span class='ocrx_word' id='word_1_80' title='bbox 462 720 507 741; x_wconf 92' lang='lat'>900</span> <span class='ocrx_word' id='word_1_81' title='bbox 525 722 547 741; x_wconf 87' lang='lat' dir='ltr'>et</span> <span class='ocrx_word' id='word_1_82' title='bbox 564 719 616 741; x_wconf 84' lang='lat'>904.</span> <span class='ocrx_word' id='word_1_83' title='bbox 635 719 666 740; x_wconf 87' lang='lat' dir='ltr'>De</span> <span class='ocrx_word' id='word_1_84' title='bbox 684 717 821 740; x_wconf 85' lang='lat' dir='ltr'>conscientia</span> <span class='ocrx_word' id='word_1_85' title='bbox 840 718 862 738; x_wconf 89' lang='lat' dir='ltr'>et</span> <span class='ocrx_word' id='word_1_86' title='bbox 878 715 1005 743; x_wconf 73' lang='lat' dir='ltr'>synderesi.</span> 
     </span>
    </p>

    <p class='ocr_par' dir='ltr' id='par_1_17' title="bbox 462 752 1130 786">
     <span class='ocr_line' id='line_1_21' title="bbox 462 752 1130 786; baseline -0.009 -6"><span class='ocrx_word' id='word_1_87' title='bbox 462 758 507 780; x_wconf 86' lang='lat'>904</span> <span class='ocrx_word' id='word_1_88' title='bbox 524 764 572 786; x_wconf 82' lang='lat' dir='ltr'>seq.</span> <span class='ocrx_word' id='word_1_89' title='bbox 590 758 656 780; x_wconf 84' lang='lat' dir='ltr'>Plura</span> <span class='ocrx_word' id='word_1_90' title='bbox 674 757 703 779; x_wconf 90' lang='lat' dir='ltr'>de</span> <span class='ocrx_word' id='word_1_91' title='bbox 720 755 837 779; x_wconf 74' lang='lat' dir='ltr'>habitibus</span> <span class='ocrx_word' id='word_1_92' title='bbox 854 754 943 777; x_wconf 69' lang='lat' dir='ltr'>innatis</span> <span class='ocrx_word' id='word_1_93' title='bbox 961 756 982 775; x_wconf 77' lang='lat' dir='ltr'>et</span> <span class='ocrx_word' id='word_1_94' title='bbox 999 752 1130 782; x_wconf 74' lang='lat' dir='ltr'>acquisitis.</span> 
     </span>
    </p>

    <p class='ocr_par' dir='ltr' id='par_1_18' title="bbox 462 790 1240 824">
     <span class='ocr_line' id='line_1_22' title="bbox 462 790 1240 824; baseline -0.009 -5"><span class='ocrx_word' id='word_1_95' title='bbox 462 798 516 819; x_wconf 86' lang='lat'>928.</span> <span class='ocrx_word' id='word_1_96' title='bbox 533 797 613 819; x_wconf 90' lang='lat' dir='ltr'>Utrum</span> <span class='ocrx_word' id='word_1_97' title='bbox 632 802 692 824; x_wconf 89' lang='lat' dir='ltr'>opus</span> <span class='ocrx_word' id='word_1_98' title='bbox 709 795 808 817; x_wconf 77' lang='lat' dir='ltr'>exterius</span> <span class='ocrx_word' id='word_1_99' title='bbox 825 794 895 816; x_wconf 88' lang='lat' dir='ltr'>addat</span> <span class='ocrx_word' id='word_1_100' title='bbox 912 793 1037 815; x_wconf 79' lang='lat' dir='ltr'>bonitatem</span> <span class='ocrx_word' id='word_1_101' title='bbox 1053 792 1112 814; x_wconf 88' lang='lat' dir='ltr'>actui</span> <span class='ocrx_word' id='word_1_102' title='bbox 1131 790 1240 813; x_wconf 89' lang='lat' dir='ltr'>interiori.</span> 
     </span>
    </p>

    <p class='ocr_par' dir='ltr' id='par_1_19' title="bbox 463 829 1241 897">
     <span class='ocr_line' id='line_1_23' title="bbox 463 829 1241 864; baseline -0.009 -6"><span class='ocrx_word' id='word_1_103' title='bbox 463 836 507 858; x_wconf 84' lang='grc'>946</span> <span class='ocrx_word' id='word_1_104' title='bbox 525 842 574 864; x_wconf 84' lang='lat' dir='ltr'>seq.</span> <span class='ocrx_word' id='word_1_105' title='bbox 591 836 673 858; x_wconf 90' lang='lat' dir='ltr'>Utrum</span> <span class='ocrx_word' id='word_1_106' title='bbox 691 835 749 856; x_wconf 90' lang='lat' dir='ltr'>inter</span> <span class='ocrx_word' id='word_1_107' title='bbox 766 836 831 855; x_wconf 85' lang='lat' dir='ltr'>actus</span> <span class='ocrx_word' id='word_1_108' title='bbox 848 832 987 856; x_wconf 73' lang='lat' dir='ltr'>delibet-atos</span> <span class='ocrx_word' id='word_1_109' title='bbox 999 831 1082 853; x_wconf 90' lang='lat' dir='ltr'>dentur</span> <span class='ocrx_word' id='word_1_110' title='bbox 1095 832 1160 852; x_wconf 85' lang='lat' dir='ltr'>actus</span> <span class='ocrx_word' id='word_1_111' title='bbox 1176 829 1241 851; x_wconf 81' lang='lat' dir='ltr'>indil-</span> 
     </span>
     <span class='ocr_line' id='line_1_24' title="bbox 518 870 1099 897; baseline -0.009 -1"><span class='ocrx_word' id='word_1_112' title='bbox 518 876 616 897; x_wconf 87' lang='lat' dir='ltr'>serentes</span> <span class='ocrx_word' id='word_1_113' title='bbox 633 876 655 896; x_wconf 88' lang='lat' dir='ltr'>et</span> <span class='ocrx_word' id='word_1_114' title='bbox 671 874 700 895; x_wconf 88' lang='lat' dir='ltr'>de</span> <span class='ocrx_word' id='word_1_115' title='bbox 717 872 851 895; x_wconf 86' lang='lat' dir='ltr'>necessitate</span> <span class='ocrx_word' id='word_1_116' title='bbox 868 871 943 893; x_wconf 86' lang='lat' dir='ltr'>bonae</span> <span class='ocrx_word' id='word_1_117' title='bbox 961 870 1099 892; x_wconf 84' lang='lat' dir='ltr'>intentionis.</span> 
     </span>
    </p>

    <p class='ocr_par' dir='ltr' id='par_1_20' title="bbox 463 909 997 941">
     <span class='ocr_line' id='line_1_25' title="bbox 463 909 997 941; baseline -0.007 -5"><span class='ocrx_word' id='word_1_118' title='bbox 463 914 516 936; x_wconf 86' lang='lat'>950.</span> <span class='ocrx_word' id='word_1_119' title='bbox 534 914 566 935; x_wconf 90' lang='lat' dir='ltr'>De</span> <span class='ocrx_word' id='word_1_120' title='bbox 583 915 677 941; x_wconf 78' lang='lat' dir='ltr'>peccato</span> <span class='ocrx_word' id='word_1_121' title='bbox 696 915 721 934; x_wconf 89' lang='lat' dir='ltr'>ut</span> <span class='ocrx_word' id='word_1_122' title='bbox 737 911 808 941; x_wconf 74' lang='lat' dir='ltr'>culpa</span> <span class='ocrx_word' id='word_1_123' title='bbox 825 914 847 933; x_wconf 91' lang='lat' dir='ltr'>et</span> <span class='ocrx_word' id='word_1_124' title='bbox 864 913 888 933; x_wconf 89' lang='lat' dir='ltr'>ut</span> <span class='ocrx_word' id='word_1_125' title='bbox 905 909 997 933; x_wconf 67' lang='lat' dir='ltr'>vitium.</span> 
     </span>
    </p>

    <p class='ocr_par' dir='ltr' id='par_1_21' title="bbox 463 947 1240 981">
     <span class='ocr_line' id='line_1_26' title="bbox 463 947 1240 981; baseline -0.009 -6"><span class='ocrx_word' id='word_1_126' title='bbox 463 954 516 975; x_wconf 86' lang='lat'>966.</span> <span class='ocrx_word' id='word_1_127' title='bbox 535 952 658 981; x_wconf 84' lang='lat' dir='ltr'>Quomodo</span> <span class='ocrx_word' id='word_1_128' title='bbox 676 952 830 979; x_wconf 82' lang='lat' dir='ltr'>distinguatur</span> <span class='ocrx_word' id='word_1_129' title='bbox 848 953 968 978; x_wconf 82' lang='lat' dir='ltr'>peccatum</span> <span class='ocrx_word' id='word_1_130' title='bbox 991 949 1087 971; x_wconf 80' lang='lat' dir='ltr'>mortale</span> <span class='ocrx_word' id='word_1_131' title='bbox 1105 950 1127 970; x_wconf 88' lang='lat' dir='ltr'>et</span> <span class='ocrx_word' id='word_1_132' title='bbox 1143 947 1240 969; x_wconf 85' lang='lat' dir='ltr'>veniale.</span> 
     </span>
    </p>

    <p class='ocr_par' dir='ltr' id='par_1_22' title="bbox 463 988 1048 1018">
     <span class='ocr_line' id='line_1_27' title="bbox 463 988 1048 1018; baseline -0.009 -4"><span class='ocrx_word' id='word_1_133' title='bbox 463 993 516 1014; x_wconf 84' lang='lat'>969.</span> <span class='ocrx_word' id='word_1_134' title='bbox 534 991 611 1014; x_wconf 64' lang='lat' dir='ltr'>Yet-ha</span> <span class='ocrx_word' id='word_1_135' title='bbox 630 990 781 1018; x_wconf 82' lang='lat' dir='ltr'>Praepositivi</span> <span class='ocrx_word' id='word_1_136' title='bbox 798 990 827 1012; x_wconf 87' lang='lat' dir='ltr'>de</span> <span class='ocrx_word' id='word_1_137' title='bbox 845 992 939 1017; x_wconf 86' lang='lat' dir='ltr'>peccato</span> <span class='ocrx_word' id='word_1_138' title='bbox 957 988 1048 1010; x_wconf 85' lang='lat' dir='ltr'>veniali.</span> 
     </span>
    </p>

    <p class='ocr_par' dir='ltr' id='par_1_23' title="bbox 464 1027 1029 1059">
     <span class='ocr_line' id='line_1_28' title="bbox 464 1027 1029 1059; baseline -0.009 -6"><span class='ocrx_word' id='word_1_139' title='bbox 464 1031 516 1053; x_wconf 81' lang='lat'>984.</span> <span class='ocrx_word' id='word_1_140' title='bbox 535 1030 661 1059; x_wconf 89' lang='lat' dir='ltr'>Opiniones</span> <span class='ocrx_word' id='word_1_141' title='bbox 678 1030 707 1052; x_wconf 87' lang='lat' dir='ltr'>de</span> <span class='ocrx_word' id='word_1_142' title='bbox 725 1031 819 1057; x_wconf 86' lang='lat' dir='ltr'>peccato</span> <span class='ocrx_word' id='word_1_143' title='bbox 835 1029 858 1050; x_wconf 90' lang='lat' dir='ltr'>in</span> <span class='ocrx_word' id='word_1_144' title='bbox 876 1028 986 1056; x_wconf 83' lang='lat' dir='ltr'>Spiritum</span> <span class='ocrx_word' id='word_1_145' title='bbox 1006 1027 1029 1049; x_wconf 74' lang='lat' dir='ltr'>S.</span> 
     </span>
    </p>

    <p class='ocr_par' dir='ltr' id='par_1_24' title="bbox 465 1066 1240 1098">
     <span class='ocr_line' id='line_1_29' title="bbox 465 1066 1240 1098; baseline -0.009 -5"><span class='ocrx_word' id='word_1_146' title='bbox 465 1071 533 1092; x_wconf 90' lang='lat'>1012.</span> <span class='ocrx_word' id='word_1_147' title='bbox 552 1071 583 1092; x_wconf 91' lang='lat' dir='ltr'>De</span> <span class='ocrx_word' id='word_1_148' title='bbox 600 1072 712 1098; x_wconf 78' lang='lat' dir='ltr'>potestate</span> <span class='ocrx_word' id='word_1_149' title='bbox 728 1068 881 1091; x_wconf 86' lang='lat' dir='ltr'>ecelesiastica</span> <span class='ocrx_word' id='word_1_150' title='bbox 892 1070 914 1089; x_wconf 87' lang='lat' dir='ltr'>et</span> <span class='ocrx_word' id='word_1_151' title='bbox 926 1066 1036 1089; x_wconf 88' lang='lat' dir='ltr'>saeculari</span> <span class='ocrx_word' id='word_1_152' title='bbox 1049 1071 1177 1094; x_wconf 87' lang='lat' dir='ltr'>earumque</span> <span class='ocrx_word' id='word_1_153' title='bbox 1190 1071 1240 1087; x_wconf 92' lang='lat' dir='ltr'>usu.</span> 
     </span>
    </p>

    <p class='ocr_par' dir='ltr' id='par_1_25' title="bbox 465 1104 1241 1170">
     <span class='ocr_line' id='line_1_30' title="bbox 465 1104 1241 1138; baseline -0.009 -6"><span class='ocrx_word' id='word_1_154' title='bbox 465 1109 533 1132; x_wconf 86' lang='grc'>1014.</span> <span class='ocrx_word' id='word_1_155' title='bbox 551 1110 666 1138; x_wconf 83' lang='lat' dir='ltr'>Quantum</span> <span class='ocrx_word' id='word_1_156' title='bbox 684 1114 709 1130; x_wconf 86' lang='lat' dir='ltr'>se</span> <span class='ocrx_word' id='word_1_157' title='bbox 725 1107 831 1130; x_wconf 81' lang='lat' dir='ltr'>extendat</span> <span class='ocrx_word' id='word_1_158' title='bbox 849 1106 959 1134; x_wconf 79' lang='lat' dir='ltr'>obligatio</span> <span class='ocrx_word' id='word_1_159' title='bbox 974 1104 1119 1128; x_wconf 84' lang='lat' dir='ltr'>obedientiae</span> <span class='ocrx_word' id='word_1_160' title='bbox 1136 1104 1157 1126; x_wconf 88' lang='lat' dir='ltr'>in</span> <span class='ocrx_word' id='word_1_161' title='bbox 1175 1110 1241 1131; x_wconf 83' lang='lat' dir='ltr'>regu-</span> 
     </span>
     <span class='ocr_line' id='line_1_31' title="bbox 518 1148 612 1170; baseline 0 0"><span class='ocrx_word' id='word_1_162' title='bbox 518 1148 612 1170; x_wconf 89' lang='lat' dir='ltr'>laribus.</span> 
     </span>
    </p>
   </div>
   <div class='ocr_carea' id='block_1_11' title="bbox 519 1222 1115 1250">
    <p class='ocr_par' dir='ltr' id='par_1_26' title="bbox 519 1222 1115 1250">
     <span class='ocr_line' id='line_1_32' title="bbox 519 1222 1115 1250; baseline -0.01 0"><span class='ocrx_word' id='word_1_163' title='bbox 519 1226 616 1250; x_wconf 76' lang='lat' dir='ltr'>Scholia</span> <span class='ocrx_word' id='word_1_164' title='bbox 633 1227 654 1249; x_wconf 79' lang='lat' dir='ltr'>el</span> <span class='ocrx_word' id='word_1_165' title='bbox 671 1227 740 1249; x_wconf 76' lang='lat' dir='ltr'>notae</span> <span class='ocrx_word' id='word_1_166' title='bbox 758 1225 782 1247; x_wconf 76' lang='lat' dir='ltr'>in</span> <span class='ocrx_word' id='word_1_167' title='bbox 800 1224 859 1248; x_wconf 81' lang='lat' dir='ltr'>libro</span> <span class='ocrx_word' id='word_1_168' title='bbox 878 1225 918 1247; x_wconf 79' lang='lat' dir='ltr'>Ill.</span> <span class='ocrx_word' id='word_1_169' title='bbox 937 1222 1115 1247; x_wconf 73' lang='lat' dir='ltr'>commentarit.</span> 
     </span>
    </p>
   </div>
   <div class='ocr_carea' id='block_1_12' title="bbox 465 1299 1246 3006">
    <p class='ocr_par' dir='ltr' id='par_1_27' title="bbox 469 1299 1242 1366">
     <span class='ocr_line' id='line_1_33' title="bbox 469 1299 1242 1332; baseline -0.008 -5"><span class='ocrx_word' id='word_1_170' title='bbox 469 1306 501 1327; x_wconf 87' lang='lat'>11.</span> <span class='ocrx_word' id='word_1_171' title='bbox 520 1305 552 1327; x_wconf 92' lang='lat' dir='ltr'>De</span> <span class='ocrx_word' id='word_1_172' title='bbox 569 1304 712 1332; x_wconf 76' lang='lat' dir='ltr'>congruitate</span> <span class='ocrx_word' id='word_1_173' title='bbox 730 1302 892 1326; x_wconf 88' lang='lat' dir='ltr'>incarnationis</span> <span class='ocrx_word' id='word_1_174' title='bbox 914 1305 936 1324; x_wconf 86' lang='lat' dir='ltr'>et</span> <span class='ocrx_word' id='word_1_175' title='bbox 953 1301 983 1323; x_wconf 89' lang='lat' dir='ltr'>de</span> <span class='ocrx_word' id='word_1_176' title='bbox 999 1300 1098 1323; x_wconf 82' lang='lat' dir='ltr'>diversis</span> <span class='ocrx_word' id='word_1_177' title='bbox 1119 1299 1242 1328; x_wconf 78' lang='lat' dir='ltr'>speciebus</span> 
     </span>
     <span class='ocr_line' id='line_1_34' title="bbox 520 1343 618 1366; baseline 0 -1"><span class='ocrx_word' id='word_1_178' title='bbox 520 1343 618 1366; x_wconf 87' lang='lat' dir='ltr'>unionis.</span> 
     </span>
    </p>

    <p class='ocr_par' dir='ltr' id='par_1_28' title="bbox 469 1378 1242 1450">
     <span class='ocr_line' id='line_1_35' title="bbox 469 1378 1242 1411; baseline -0.009 -5"><span class='ocrx_word' id='word_1_179' title='bbox 469 1384 502 1405; x_wconf 87' lang='lat'>16.</span> <span class='ocrx_word' id='word_1_180' title='bbox 520 1383 645 1411; x_wconf 82' lang='lat' dir='ltr'>Opiniones</span> <span class='ocrx_word' id='word_1_181' title='bbox 662 1382 780 1408; x_wconf 86' lang='lat' dir='ltr'>diversae,</span> <span class='ocrx_word' id='word_1_182' title='bbox 798 1385 875 1404; x_wconf 90' lang='lat' dir='ltr'>utrum</span> <span class='ocrx_word' id='word_1_183' title='bbox 889 1384 934 1403; x_wconf 85' lang='lat' dir='ltr'>tres</span> <span class='ocrx_word' id='word_1_184' title='bbox 946 1385 1059 1408; x_wconf 73' lang='lat' dir='ltr'>personae</span> <span class='ocrx_word' id='word_1_185' title='bbox 1071 1378 1164 1401; x_wconf 77' lang='lat' dir='ltr'>divinae</span> <span class='ocrx_word' id='word_1_186' title='bbox 1181 1384 1242 1400; x_wconf 84' lang='lat' dir='ltr'>assu-</span> 
     </span>
     <span class='ocr_line' id='line_1_36' title="bbox 520 1421 936 1450; baseline -0.01 -5"><span class='ocrx_word' id='word_1_187' title='bbox 520 1428 583 1445; x_wconf 87' lang='lat' dir='ltr'>mere</span> <span class='ocrx_word' id='word_1_188' title='bbox 600 1422 689 1450; x_wconf 83' lang='lat' dir='ltr'>possint</span> <span class='ocrx_word' id='word_1_189' title='bbox 706 1421 803 1443; x_wconf 86' lang='lat' dir='ltr'>eandem</span> <span class='ocrx_word' id='word_1_190' title='bbox 822 1423 936 1442; x_wconf 88' lang='lat' dir='ltr'>naturam.</span> 
     </span>
    </p>

    <p class='ocr_par' dir='ltr' id='par_1_29' title="bbox 465 1457 1243 1528">
     <span class='ocr_line' id='line_1_37' title="bbox 465 1457 1243 1489; baseline -0.009 -4"><span class='ocrx_word' id='word_1_191' title='bbox 465 1463 502 1485; x_wconf 72' lang='grc'>28.</span> <span class='ocrx_word' id='word_1_192' title='bbox 520 1461 694 1489; x_wconf 72' lang='lat' dir='ltr'>Controversia,</span> <span class='ocrx_word' id='word_1_193' title='bbox 713 1463 789 1483; x_wconf 91' lang='lat' dir='ltr'>utrum</span> <span class='ocrx_word' id='word_1_194' title='bbox 808 1460 936 1488; x_wconf 87' lang='lat' dir='ltr'>adaequata</span> <span class='ocrx_word' id='word_1_195' title='bbox 954 1458 1116 1481; x_wconf 79' lang='lat' dir='ltr'>incarnationis</span> <span class='ocrx_word' id='word_1_196' title='bbox 1128 1457 1185 1479; x_wconf 88' lang='lat' dir='ltr'>ratio</span> <span class='ocrx_word' id='word_1_197' title='bbox 1198 1458 1243 1479; x_wconf 83' lang='lat' dir='ltr'>sue-</span> 
     </span>
     <span class='ocr_line' id='line_1_38' title="bbox 519 1500 820 1528; baseline -0.01 -5"><span class='ocrx_word' id='word_1_198' title='bbox 519 1501 548 1523; x_wconf 89' lang='lat' dir='ltr'>rit</span> <span class='ocrx_word' id='word_1_199' title='bbox 565 1500 694 1528; x_wconf 79' lang='lat' dir='ltr'>redemptio</span> <span class='ocrx_word' id='word_1_200' title='bbox 712 1500 820 1521; x_wconf 85' lang='lat' dir='ltr'>humana.</span> 
     </span>
    </p>

    <p class='ocr_par' dir='ltr' id='par_1_30' title="bbox 465 1535 1243 1601">
     <span class='ocr_line' id='line_1_39' title="bbox 465 1535 1243 1568; baseline -0.006 -6"><span class='ocrx_word' id='word_1_201' title='bbox 465 1541 501 1562; x_wconf 84' lang='lat'>39.</span> <span class='ocrx_word' id='word_1_202' title='bbox 519 1540 643 1568; x_wconf 90' lang='lat' dir='ltr'>Opiniones</span> <span class='ocrx_word' id='word_1_203' title='bbox 661 1539 719 1561; x_wconf 85' lang='lat' dir='ltr'>circa</span> <span class='ocrx_word' id='word_1_204' title='bbox 738 1538 871 1566; x_wconf 84' lang='lat' dir='ltr'>possibilem</span> <span class='ocrx_word' id='word_1_205' title='bbox 894 1537 1059 1559; x_wconf 82' lang='lat' dir='ltr'>assumtionem</span> <span class='ocrx_word' id='word_1_206' title='bbox 1078 1538 1196 1558; x_wconf 78' lang='lat' dir='ltr'>creaturae</span> <span class='ocrx_word' id='word_1_207' title='bbox 1213 1535 1243 1557; x_wconf 92' lang='lat' dir='ltr'>ir—</span> 
     </span>
     <span class='ocr_line' id='line_1_40' title="bbox 520 1579 643 1601; baseline -0.008 0"><span class='ocrx_word' id='word_1_208' title='bbox 520 1579 643 1601; x_wconf 90' lang='lat' dir='ltr'>rationalis.</span> 
     </span>
    </p>

    <p class='ocr_par' dir='ltr' id='par_1_31' title="bbox 467 1614 1244 1680">
     <span class='ocr_line' id='line_1_41' title="bbox 467 1614 1244 1644; baseline -0.006 -4"><span class='ocrx_word' id='word_1_209' title='bbox 467 1618 505 1640; x_wconf 85' lang='lat'>51.</span> <span class='ocrx_word' id='word_1_210' title='bbox 523 1619 553 1640; x_wconf 84' lang='lat' dir='ltr'>De</span> <span class='ocrx_word' id='word_1_211' title='bbox 571 1618 651 1640; x_wconf 84' lang='lat' dir='ltr'>ordine</span> <span class='ocrx_word' id='word_1_212' title='bbox 670 1618 691 1639; x_wconf 91' lang='lat' dir='ltr'>in</span> <span class='ocrx_word' id='word_1_213' title='bbox 708 1617 861 1644; x_wconf 38' lang='lat' dir='ltr'>assumtione)</span> <span class='ocrx_word' id='word_1_214' title='bbox 880 1618 902 1638; x_wconf 89' lang='lat' dir='ltr'>et</span> <span class='ocrx_word' id='word_1_215' title='bbox 919 1618 995 1638; x_wconf 91' lang='lat' dir='ltr'>utrum</span> <span class='ocrx_word' id='word_1_216' title='bbox 1019 1621 1072 1637; x_wconf 88' lang='lat' dir='ltr'>caro</span> <span class='ocrx_word' id='word_1_217' title='bbox 1096 1616 1197 1636; x_wconf 84' lang='lat' dir='ltr'>assumta</span> <span class='ocrx_word' id='word_1_218' title='bbox 1215 1614 1244 1635; x_wconf 90' lang='lat' dir='ltr'>sit</span> 
     </span>
     <span class='ocr_line' id='line_1_42' title="bbox 520 1657 738 1680; baseline -0.009 0"><span class='ocrx_word' id='word_1_219' title='bbox 520 1657 635 1680; x_wconf 79' lang='lat' dir='ltr'>mediante</span> <span class='ocrx_word' id='word_1_220' title='bbox 654 1657 738 1678; x_wconf 90' lang='lat' dir='ltr'>anima.</span> 
     </span>
    </p>

    <p class='ocr_par' dir='ltr' id='par_1_32' title="bbox 466 1692 1244 1761">
     <span class='ocr_line' id='line_1_43' title="bbox 466 1692 1244 1725; baseline -0.006 -6"><span class='ocrx_word' id='word_1_221' title='bbox 466 1697 503 1719; x_wconf 85' lang='lat'>54.</span> <span class='ocrx_word' id='word_1_222' title='bbox 521 1696 644 1725; x_wconf 86' lang='lat' dir='ltr'>Quomodo</span> <span class='ocrx_word' id='word_1_223' title='bbox 670 1695 854 1723; x_wconf 83' lang='lat' dir='ltr'>intelligendum,</span> <span class='ocrx_word' id='word_1_224' title='bbox 878 1694 941 1723; x_wconf 85' lang='lat' dir='ltr'>quod</span> <span class='ocrx_word' id='word_1_225' title='bbox 967 1694 1043 1715; x_wconf 88' lang='lat' dir='ltr'>anima</span> <span class='ocrx_word' id='word_1_226' title='bbox 1068 1692 1151 1715; x_wconf 81' lang='lat' dir='ltr'>Christi</span> <span class='ocrx_word' id='word_1_227' title='bbox 1177 1692 1244 1714; x_wconf 83' lang='lat' dir='ltr'>tuerit</span> 
     </span>
     <span class='ocr_line' id='line_1_44' title="bbox 521 1733 977 1761; baseline -0.007 -4"><span class='ocrx_word' id='word_1_228' title='bbox 521 1738 622 1757; x_wconf 84' lang='lat' dir='ltr'>assumta</span> <span class='ocrx_word' id='word_1_229' title='bbox 641 1734 755 1756; x_wconf 82' lang='lat' dir='ltr'>mediante</span> <span class='ocrx_word' id='word_1_230' title='bbox 773 1733 851 1755; x_wconf 85' lang='lat' dir='ltr'>habitu</span> <span class='ocrx_word' id='word_1_231' title='bbox 870 1733 977 1761; x_wconf 81' lang='lat' dir='ltr'>gratuito.</span> 
     </span>
    </p>

    <p class='ocr_par' dir='ltr' id='par_1_33' title="bbox 467 1770 1244 1839">
     <span class='ocr_line' id='line_1_45' title="bbox 467 1770 1244 1802; baseline -0.005 -6"><span class='ocrx_word' id='word_1_232' title='bbox 467 1774 496 1796; x_wconf 89' lang='lat'>64</span> <span class='ocrx_word' id='word_1_233' title='bbox 508 1778 530 1797; x_wconf 90' lang='lat' dir='ltr'>et</span> <span class='ocrx_word' id='word_1_234' title='bbox 542 1774 571 1795; x_wconf 88' lang='grc'>69</span> <span class='ocrx_word' id='word_1_235' title='bbox 583 1780 632 1802; x_wconf 84' lang='lat' dir='ltr'>seq.</span> <span class='ocrx_word' id='word_1_236' title='bbox 646 1774 678 1795; x_wconf 92' lang='lat' dir='ltr'>De</span> <span class='ocrx_word' id='word_1_237' title='bbox 689 1772 844 1795; x_wconf 85' lang='lat' dir='ltr'>controversia</span> <span class='ocrx_word' id='word_1_238' title='bbox 857 1772 916 1794; x_wconf 89' lang='lat' dir='ltr'>circa</span> <span class='ocrx_word' id='word_1_239' title='bbox 930 1771 1100 1793; x_wconf 88' lang='lat' dir='ltr'>immaculatam</span> <span class='ocrx_word' id='word_1_240' title='bbox 1114 1770 1244 1798; x_wconf 87' lang='lat' dir='ltr'>conceptio-</span> 
     </span>
     <span class='ocr_line' id='line_1_46' title="bbox 521 1812 845 1839; baseline -0.006 -4"><span class='ocrx_word' id='word_1_241' title='bbox 521 1819 573 1835; x_wconf 89' lang='lat' dir='ltr'>nem</span> <span class='ocrx_word' id='word_1_242' title='bbox 592 1813 616 1835; x_wconf 84' lang='lat' dir='ltr'>ss.</span> <span class='ocrx_word' id='word_1_243' title='bbox 635 1812 718 1834; x_wconf 82' lang='lat' dir='ltr'>Mariae</span> <span class='ocrx_word' id='word_1_244' title='bbox 736 1812 845 1839; x_wconf 77' lang='lat' dir='ltr'>Virginis.</span> 
     </span>
    </p>

    <p class='ocr_par' dir='ltr' id='par_1_34' title="bbox 466 1849 1211 1879">
     <span class='ocr_line' id='line_1_47' title="bbox 466 1849 1211 1879; baseline -0.005 -4"><span class='ocrx_word' id='word_1_245' title='bbox 466 1853 495 1875; x_wconf 88' lang='lat'>74</span> <span class='ocrx_word' id='word_1_246' title='bbox 513 1856 535 1875; x_wconf 90' lang='lat' dir='ltr'>et</span> <span class='ocrx_word' id='word_1_247' title='bbox 551 1852 589 1874; x_wconf 87' lang='lat'>76.</span> <span class='ocrx_word' id='word_1_248' title='bbox 607 1852 639 1873; x_wconf 89' lang='lat' dir='ltr'>De</span> <span class='ocrx_word' id='word_1_249' title='bbox 657 1851 742 1879; x_wconf 86' lang='lat' dir='ltr'>duplici</span> <span class='ocrx_word' id='word_1_250' title='bbox 760 1850 940 1873; x_wconf 77' lang='lat' dir='ltr'>sanctificatione</span> <span class='ocrx_word' id='word_1_251' title='bbox 958 1850 982 1872; x_wconf 89' lang='lat' dir='ltr'>B.</span> <span class='ocrx_word' id='word_1_252' title='bbox 1000 1849 1083 1872; x_wconf 84' lang='lat' dir='ltr'>Mariae</span> <span class='ocrx_word' id='word_1_253' title='bbox 1100 1849 1211 1877; x_wconf 73' lang='lat' dir='ltr'>Virginis.</span> 
     </span>
    </p>

    <p class='ocr_par' dir='ltr' id='par_1_35' title="bbox 467 1888 1101 1919">
     <span class='ocr_line' id='line_1_48' title="bbox 467 1888 1101 1919; baseline -0.005 -6"><span class='ocrx_word' id='word_1_254' title='bbox 467 1892 504 1913; x_wconf 79' lang='lat'>90.</span> <span class='ocrx_word' id='word_1_255' title='bbox 523 1891 645 1919; x_wconf 84' lang='lat' dir='ltr'>Quomodo</span> <span class='ocrx_word' id='word_1_256' title='bbox 664 1896 717 1912; x_wconf 88' lang='lat' dir='ltr'>caro</span> <span class='ocrx_word' id='word_1_257' title='bbox 735 1889 817 1912; x_wconf 78' lang='lat' dir='ltr'>Christi</span> <span class='ocrx_word' id='word_1_258' title='bbox 835 1889 902 1912; x_wconf 80' lang='lat' dir='ltr'>tuerit</span> <span class='ocrx_word' id='word_1_259' title='bbox 919 1889 940 1911; x_wconf 92' lang='lat' dir='ltr'>in</span> <span class='ocrx_word' id='word_1_260' title='bbox 959 1888 1101 1917; x_wconf 80' lang='lat' dir='ltr'>parentibus.</span> 
     </span>
    </p>

    <p class='ocr_par' dir='ltr' id='par_1_36' title="bbox 471 1927 1244 1998">
     <span class='ocr_line' id='line_1_49' title="bbox 471 1927 1244 1959; baseline -0.005 -6"><span class='ocrx_word' id='word_1_261' title='bbox 471 1932 521 1953; x_wconf 91' lang='lat'>106.</span> <span class='ocrx_word' id='word_1_262' title='bbox 539 1930 662 1959; x_wconf 86' lang='lat' dir='ltr'>Quomodo</span> <span class='ocrx_word' id='word_1_263' title='bbox 680 1929 867 1957; x_wconf 85' lang='lat' dir='ltr'>intelligendum,</span> <span class='ocrx_word' id='word_1_264' title='bbox 883 1928 947 1957; x_wconf 86' lang='lat' dir='ltr'>quod</span> <span class='ocrx_word' id='word_1_265' title='bbox 960 1929 994 1950; x_wconf 85' lang='lat' dir='ltr'>Ss.</span> <span class='ocrx_word' id='word_1_266' title='bbox 1007 1929 1084 1950; x_wconf 84' lang='lat' dir='ltr'>Patres</span> <span class='ocrx_word' id='word_1_267' title='bbox 1101 1932 1123 1950; x_wconf 88' lang='lat' dir='ltr'>et</span> <span class='ocrx_word' id='word_1_268' title='bbox 1134 1928 1158 1950; x_wconf 89' lang='lat' dir='ltr'>B.</span> <span class='ocrx_word' id='word_1_269' title='bbox 1171 1927 1244 1955; x_wconf 85' lang='lat' dir='ltr'>Virgo</span> 
     </span>
     <span class='ocr_line' id='line_1_50' title="bbox 522 1968 883 1998; baseline -0.006 -6"><span class='ocrx_word' id='word_1_270' title='bbox 522 1970 676 1998; x_wconf 86' lang='lat' dir='ltr'>impetrarunt</span> <span class='ocrx_word' id='word_1_271' title='bbox 694 1968 883 1991; x_wconf 82' lang='lat' dir='ltr'>incarnationem.</span> 
     </span>
    </p>

    <p class='ocr_par' dir='ltr' id='par_1_37' title="bbox 471 2006 1244 2070">
     <span class='ocr_line' id='line_1_51' title="bbox 471 2006 1244 2035; baseline -0.004 -4"><span class='ocrx_word' id='word_1_272' title='bbox 471 2009 520 2031; x_wconf 88' lang='lat'>113.</span> <span class='ocrx_word' id='word_1_273' title='bbox 537 2009 618 2031; x_wconf 88' lang='lat' dir='ltr'>Utrum</span> <span class='ocrx_word' id='word_1_274' title='bbox 635 2008 710 2030; x_wconf 72' lang='lat' dir='ltr'>act&#39;tve</span> <span class='ocrx_word' id='word_1_275' title='bbox 727 2008 753 2030; x_wconf 90' lang='lat' dir='ltr'>B.</span> <span class='ocrx_word' id='word_1_276' title='bbox 773 2008 843 2035; x_wconf 74' lang='lat' dir='ltr'>Virgo</span> <span class='ocrx_word' id='word_1_277' title='bbox 861 2006 1004 2030; x_wconf 83' lang='lat' dir='ltr'>concurrerit</span> <span class='ocrx_word' id='word_1_278' title='bbox 1021 2007 1049 2029; x_wconf 85' lang='lat' dir='ltr'>ad</span> <span class='ocrx_word' id='word_1_279' title='bbox 1072 2006 1244 2034; x_wconf 80' lang='lat' dir='ltr'>generationem</span> 
     </span>
     <span class='ocr_line' id='line_1_52' title="bbox 522 2048 578 2070; baseline 0 0"><span class='ocrx_word' id='word_1_280' title='bbox 522 2048 578 2070; x_wconf 88' lang='lat' dir='ltr'>Filii.</span> 
     </span>
    </p>

    <p class='ocr_par' dir='ltr' id='par_1_38' title="bbox 469 2085 1246 2154">
     <span class='ocr_line' id='line_1_53' title="bbox 469 2085 1246 2115; baseline -0.004 -6"><span class='ocrx_word' id='word_1_281' title='bbox 469 2087 521 2109; x_wconf 84' lang='lat'>134.</span> <span class='ocrx_word' id='word_1_282' title='bbox 538 2087 663 2115; x_wconf 74' lang='lat' dir='ltr'>Exponitur</span> <span class='ocrx_word' id='word_1_283' title='bbox 680 2089 759 2108; x_wconf 85' lang='lat' dir='ltr'>contra</span> <span class='ocrx_word' id='word_1_284' title='bbox 776 2086 905 2108; x_wconf 88' lang='lat' dir='ltr'>Nestorium</span> <span class='ocrx_word' id='word_1_285' title='bbox 923 2085 1038 2108; x_wconf 87' lang='lat' dir='ltr'>distinctio</span> <span class='ocrx_word' id='word_1_286' title='bbox 1050 2085 1118 2107; x_wconf 83' lang='lat' dir='ltr'>realis</span> <span class='ocrx_word' id='word_1_287' title='bbox 1135 2085 1193 2107; x_wconf 85' lang='lat' dir='ltr'>iuter</span> <span class='ocrx_word' id='word_1_288' title='bbox 1205 2091 1246 2107; x_wconf 79' lang='grc' dir='ltr'>ηα-</span> 
     </span>
     <span class='ocr_line' id='line_1_54' title="bbox 524 2128 797 2154; baseline -0.007 -5"><span class='ocrx_word' id='word_1_289' title='bbox 524 2128 606 2149; x_wconf 78' lang='lat' dir='ltr'>turam</span> <span class='ocrx_word' id='word_1_290' title='bbox 622 2128 645 2148; x_wconf 84' lang='lat' dir='ltr'>et</span> <span class='ocrx_word' id='word_1_291' title='bbox 658 2131 797 2154; x_wconf 72' lang='lat' dir='ltr'>personum.</span> 
     </span>
    </p>

    <p class='ocr_par' dir='ltr' id='par_1_39' title="bbox 472 2163 1245 2231">
     <span class='ocr_line' id='line_1_55' title="bbox 472 2163 1245 2194; baseline -0.004 -6"><span class='ocrx_word' id='word_1_292' title='bbox 472 2166 508 2188; x_wconf 86' lang='lat'>151</span> <span class='ocrx_word' id='word_1_293' title='bbox 531 2171 588 2194; x_wconf 85' lang='lat' dir='ltr'>seq.,</span> <span class='ocrx_word' id='word_1_294' title='bbox 609 2165 650 2187; x_wconf 82' lang='lat'>156</span> <span class='ocrx_word' id='word_1_295' title='bbox 669 2171 717 2193; x_wconf 86' lang='lat' dir='ltr'>seq.</span> <span class='ocrx_word' id='word_1_296' title='bbox 735 2167 757 2186; x_wconf 90' lang='lat' dir='ltr'>et</span> <span class='ocrx_word' id='word_1_297' title='bbox 779 2165 826 2186; x_wconf 86' lang='lat'>173.</span> <span class='ocrx_word' id='word_1_298' title='bbox 845 2164 956 2186; x_wconf 85' lang='lat' dir='ltr'>Famosae</span> <span class='ocrx_word' id='word_1_299' title='bbox 974 2168 1018 2186; x_wconf 85' lang='lat' dir='ltr'>tres</span> <span class='ocrx_word' id='word_1_300' title='bbox 1030 2163 1059 2186; x_wconf 84' lang='lat' dir='ltr'>de</span> <span class='ocrx_word' id='word_1_301' title='bbox 1071 2163 1171 2191; x_wconf 78' lang='lat' dir='ltr'>Christo,</span> <span class='ocrx_word' id='word_1_302' title='bbox 1189 2169 1245 2192; x_wconf 87' lang='lat' dir='ltr'>qua-</span> 
     </span>
     <span class='ocr_line' id='line_1_56' title="bbox 523 2202 1176 2231; baseline -0.005 -4"><span class='ocrx_word' id='word_1_303' title='bbox 523 2207 589 2227; x_wconf 85' lang='lat' dir='ltr'>tenus</span> <span class='ocrx_word' id='word_1_304' title='bbox 606 2204 757 2226; x_wconf 80' lang='lat' dir='ltr'>constituatur</span> <span class='ocrx_word' id='word_1_305' title='bbox 774 2203 856 2231; x_wconf 79' lang='lat' dir='ltr'>homo,</span> <span class='ocrx_word' id='word_1_306' title='bbox 873 2203 981 2231; x_wconf 85' lang='lat' dir='ltr'>antiquae</span> <span class='ocrx_word' id='word_1_307' title='bbox 999 2202 1176 2225; x_wconf 79' lang='lat' dir='ltr'>controversiae.</span> 
     </span>
    </p>

    <p class='ocr_par' dir='ltr' id='par_1_40' title="bbox 471 2242 925 2270">
     <span class='ocr_line' id='line_1_57' title="bbox 471 2242 925 2270; baseline -0.002 -5"><span class='ocrx_word' id='word_1_308' title='bbox 471 2244 520 2266; x_wconf 80' lang='lat'>159.</span> <span class='ocrx_word' id='word_1_309' title='bbox 539 2244 621 2266; x_wconf 91' lang='lat' dir='ltr'>lterum</span> <span class='ocrx_word' id='word_1_310' title='bbox 641 2243 669 2265; x_wconf 81' lang='lat' dir='ltr'>de</span> <span class='ocrx_word' id='word_1_311' title='bbox 687 2242 810 2270; x_wconf 80' lang='lat' dir='ltr'>speciebus</span> <span class='ocrx_word' id='word_1_312' title='bbox 827 2242 925 2264; x_wconf 88' lang='lat' dir='ltr'>unionis.</span> 
     </span>
    </p>

    <p class='ocr_par' dir='ltr' id='par_1_41' title="bbox 469 2280 1243 2310">
     <span class='ocr_line' id='line_1_58' title="bbox 469 2280 1243 2310; baseline -0.003 -5"><span class='ocrx_word' id='word_1_313' title='bbox 469 2284 521 2310; x_wconf 83' lang='lat'>182,</span> <span class='ocrx_word' id='word_1_314' title='bbox 538 2286 590 2305; x_wconf 90' lang='lat' dir='ltr'>nota</span> <span class='ocrx_word' id='word_1_315' title='bbox 608 2283 630 2305; x_wconf 94' lang='lat'>7.</span> <span class='ocrx_word' id='word_1_316' title='bbox 646 2283 679 2304; x_wconf 92' lang='lat' dir='ltr'>De</span> <span class='ocrx_word' id='word_1_317' title='bbox 691 2282 804 2310; x_wconf 87' lang='lat' dir='ltr'>Hesychio</span> <span class='ocrx_word' id='word_1_318' title='bbox 821 2282 918 2310; x_wconf 89' lang='lat' dir='ltr'>eiusque</span> <span class='ocrx_word' id='word_1_319' title='bbox 935 2282 1086 2310; x_wconf 86' lang='lat' dir='ltr'>explicatione</span> <span class='ocrx_word' id='word_1_320' title='bbox 1103 2280 1169 2303; x_wconf 86' lang='lat' dir='ltr'>verbi</span> <span class='ocrx_word' id='word_1_321' title='bbox 1182 2280 1243 2310; x_wconf 79' lang='lat' dir='ltr'>ephi.</span> 
     </span>
    </p>

    <p class='ocr_par' dir='ltr' id='par_1_42' title="bbox 472 2321 922 2349">
     <span class='ocr_line' id='line_1_59' title="bbox 472 2321 922 2349; baseline -0.002 -5"><span class='ocrx_word' id='word_1_322' title='bbox 472 2323 521 2345; x_wconf 84' lang='lat'>195.</span> <span class='ocrx_word' id='word_1_323' title='bbox 540 2322 604 2344; x_wconf 79' lang='lat' dir='ltr'>Plura</span> <span class='ocrx_word' id='word_1_324' title='bbox 622 2324 700 2344; x_wconf 88' lang='lat' dir='ltr'>contra</span> <span class='ocrx_word' id='word_1_325' title='bbox 718 2321 922 2349; x_wconf 88' lang='lat' dir='ltr'>adoptianismum.</span> 
     </span>
    </p>

    <p class='ocr_par' dir='ltr' id='par_1_43' title="bbox 468 2360 1170 2389">
     <span class='ocr_line' id='line_1_60' title="bbox 468 2360 1170 2389; baseline -0.003 -5"><span class='ocrx_word' id='word_1_326' title='bbox 468 2362 520 2384; x_wconf 88' lang='lat'>202.</span> <span class='ocrx_word' id='word_1_327' title='bbox 538 2361 700 2389; x_wconf 83' lang='lat' dir='ltr'>Reprobantur</span> <span class='ocrx_word' id='word_1_328' title='bbox 718 2367 808 2383; x_wconf 87' lang='lat' dir='ltr'>errores</span> <span class='ocrx_word' id='word_1_329' title='bbox 825 2361 884 2383; x_wconf 82' lang='lat' dir='ltr'>circa</span> <span class='ocrx_word' id='word_1_330' title='bbox 902 2360 1061 2383; x_wconf 86' lang='lat' dir='ltr'>adorationem</span> <span class='ocrx_word' id='word_1_331' title='bbox 1080 2360 1170 2383; x_wconf 83' lang='lat' dir='ltr'>Christi.</span> 
     </span>
    </p>

    <p class='ocr_par' dir='ltr' id='par_1_44' title="bbox 469 2399 1246 2466">
     <span class='ocr_line' id='line_1_61' title="bbox 469 2399 1246 2428; baseline -0.001 -5"><span class='ocrx_word' id='word_1_332' title='bbox 469 2401 521 2428; x_wconf 89' lang='lat'>203,</span> <span class='ocrx_word' id='word_1_333' title='bbox 539 2403 592 2423; x_wconf 86' lang='lat' dir='ltr'>nota</span> <span class='ocrx_word' id='word_1_334' title='bbox 610 2401 633 2422; x_wconf 89' lang='lat'>3.</span> <span class='ocrx_word' id='word_1_335' title='bbox 651 2399 735 2422; x_wconf 80' lang='lat' dir='ltr'>Contra</span> <span class='ocrx_word' id='word_1_336' title='bbox 758 2405 860 2422; x_wconf 89' lang='lat' dir='ltr'>errorem</span> <span class='ocrx_word' id='word_1_337' title='bbox 883 2399 983 2426; x_wconf 82' lang='lat' dir='ltr'>Claudii,</span> <span class='ocrx_word' id='word_1_338' title='bbox 1006 2399 1155 2422; x_wconf 86' lang='lat' dir='ltr'>Taurinensis</span> <span class='ocrx_word' id='word_1_339' title='bbox 1175 2400 1246 2428; x_wconf 81' lang='lat' dir='ltr'>episc.</span> 
     </span>
     <span class='ocr_line' id='line_1_62' title="bbox 524 2438 964 2466; baseline -0.002 -5"><span class='ocrx_word' id='word_1_340' title='bbox 524 2439 595 2461; x_wconf 82' lang='lat' dir='ltr'>verba</span> <span class='ocrx_word' id='word_1_341' title='bbox 613 2440 680 2461; x_wconf 87' lang='lat' dir='ltr'>lonae</span> <span class='ocrx_word' id='word_1_342' title='bbox 697 2439 766 2466; x_wconf 80' lang='lat' dir='ltr'>episc.</span> <span class='ocrx_word' id='word_1_343' title='bbox 786 2438 964 2461; x_wconf 78' lang='lat' dir='ltr'>Aurelianensis.</span> 
     </span>
    </p>

    <p class='ocr_par' dir='ltr' id='par_1_45' title="bbox 469 2477 1123 2505">
     <span class='ocr_line' id='line_1_63' title="bbox 469 2477 1123 2505; baseline -0.005 -4"><span class='ocrx_word' id='word_1_344' title='bbox 469 2478 522 2501; x_wconf 83' lang='lat'>205.</span> <span class='ocrx_word' id='word_1_345' title='bbox 539 2478 571 2500; x_wconf 86' lang='lat' dir='ltr'>De</span> <span class='ocrx_word' id='word_1_346' title='bbox 588 2477 650 2500; x_wconf 89' lang='lat' dir='ltr'>cultu</span> <span class='ocrx_word' id='word_1_347' title='bbox 669 2477 797 2505; x_wconf 76' lang='lat' dir='ltr'>imaginum</span> <span class='ocrx_word' id='word_1_348' title='bbox 814 2477 911 2498; x_wconf 87' lang='lat' dir='ltr'>relativo</span> <span class='ocrx_word' id='word_1_349' title='bbox 928 2477 956 2499; x_wconf 88' lang='lat' dir='ltr'>ad</span> <span class='ocrx_word' id='word_1_350' title='bbox 975 2480 1123 2505; x_wconf 81' lang='lat' dir='ltr'>prototypon.</span> 
     </span>
    </p>

    <p class='ocr_par' dir='ltr' id='par_1_46' title="bbox 468 2515 1245 2545">
     <span class='ocr_line' id='line_1_64' title="bbox 468 2515 1245 2545; baseline -0.001 -6"><span class='ocrx_word' id='word_1_351' title='bbox 468 2518 521 2543; x_wconf 84' lang='lat'>232,</span> <span class='ocrx_word' id='word_1_352' title='bbox 539 2519 591 2539; x_wconf 88' lang='lat' dir='ltr'>nota</span> <span class='ocrx_word' id='word_1_353' title='bbox 611 2516 632 2538; x_wconf 92' lang='lat'>4.</span> <span class='ocrx_word' id='word_1_354' title='bbox 650 2516 681 2538; x_wconf 88' lang='lat' dir='ltr'>De</span> <span class='ocrx_word' id='word_1_355' title='bbox 699 2516 795 2538; x_wconf 86' lang='lat' dir='ltr'>lectione</span> <span class='ocrx_word' id='word_1_356' title='bbox 812 2515 942 2545; x_wconf 76' lang='lat' dir='ltr'>adaptatur</span> <span class='ocrx_word' id='word_1_357' title='bbox 960 2522 1002 2543; x_wconf 89' lang='lat' dir='ltr'>pro</span> <span class='ocrx_word' id='word_1_358' title='bbox 1019 2515 1137 2539; x_wconf 75' lang='lat' dir='ltr'>adoratur</span> <span class='ocrx_word' id='word_1_359' title='bbox 1154 2516 1178 2538; x_wconf 90' lang='lat' dir='ltr'>in</span> <span class='ocrx_word' id='word_1_360' title='bbox 1195 2516 1245 2538; x_wconf 88' lang='lat' dir='ltr'>loco</span> 
     </span>
    </p>

    <p class='ocr_par' dir='ltr' id='par_1_47' title="bbox 523 2555 865 2578">
     <span class='ocr_line' id='line_1_65' title="bbox 523 2555 865 2578; baseline -0.006 0"><span class='ocrx_word' id='word_1_361' title='bbox 523 2556 600 2578; x_wconf 89' lang='lat' dir='ltr'>Hilarii</span> <span class='ocrx_word' id='word_1_362' title='bbox 618 2556 642 2578; x_wconf 95' lang='lat'>11.</span> <span class='ocrx_word' id='word_1_363' title='bbox 659 2555 689 2577; x_wconf 76' lang='lat' dir='ltr'>&lt;le</span> <span class='ocrx_word' id='word_1_364' title='bbox 707 2555 769 2577; x_wconf 92' lang='lat' dir='ltr'>Trin.</span> <span class='ocrx_word' id='word_1_365' title='bbox 787 2561 808 2576; x_wconf 92' lang='lat' dir='ltr'>n.</span> <span class='ocrx_word' id='word_1_366' title='bbox 827 2555 865 2577; x_wconf 86' lang='lat'>27.</span> 
     </span>
    </p>

    <p class='ocr_par' dir='ltr' id='par_1_48' title="bbox 501 2594 962 2621">
     <span class='ocr_line' id='line_1_66' title="bbox 501 2594 962 2621; baseline -0.004 -4"><span class='ocrx_word' id='word_1_367' title='bbox 501 2595 521 2617; x_wconf 92' lang='lat'>4.</span> <span class='ocrx_word' id='word_1_368' title='bbox 538 2594 621 2617; x_wconf 83' lang='lat' dir='ltr'>Contra</span> <span class='ocrx_word' id='word_1_369' title='bbox 639 2594 752 2616; x_wconf 82' lang='lat' dir='ltr'>haeresim</span> <span class='ocrx_word' id='word_1_370' title='bbox 771 2594 962 2621; x_wconf 70' lang='lat' dir='ltr'>Adoptianorum.</span> 
     </span>
    </p>

    <p class='ocr_par' dir='ltr' id='par_1_49' title="bbox 501 2633 888 2661">
     <span class='ocr_line' id='line_1_67' title="bbox 501 2633 888 2661; baseline -0.003 -6"><span class='ocrx_word' id='word_1_371' title='bbox 501 2635 522 2655; x_wconf 82' lang='lat' dir='ltr'>S.</span> <span class='ocrx_word' id='word_1_372' title='bbox 541 2634 572 2655; x_wconf 89' lang='lat' dir='ltr'>De</span> <span class='ocrx_word' id='word_1_373' title='bbox 589 2633 782 2661; x_wconf 85' lang='lat' dir='ltr'>impeccabilitate</span> <span class='ocrx_word' id='word_1_374' title='bbox 798 2633 888 2655; x_wconf 85' lang='lat' dir='ltr'>Christi.</span> 
     </span>
    </p>

    <p class='ocr_par' dir='ltr' id='par_1_50' title="bbox 500 2671 1083 2700">
     <span class='ocr_line' id='line_1_68' title="bbox 500 2671 1083 2700; baseline 0 -6"><span class='ocrx_word' id='word_1_375' title='bbox 500 2673 522 2694; x_wconf 97' lang='lat'>7.</span> <span class='ocrx_word' id='word_1_376' title='bbox 541 2673 606 2695; x_wconf 82' lang='lat' dir='ltr'>Plura</span> <span class='ocrx_word' id='word_1_377' title='bbox 624 2672 653 2694; x_wconf 87' lang='lat' dir='ltr'>de</span> <span class='ocrx_word' id='word_1_378' title='bbox 671 2672 743 2700; x_wconf 82' lang='lat' dir='ltr'>gratia</span> <span class='ocrx_word' id='word_1_379' title='bbox 761 2675 782 2694; x_wconf 92' lang='lat' dir='ltr'>et</span> <span class='ocrx_word' id='word_1_380' title='bbox 799 2672 977 2694; x_wconf 85' lang='lat' dir='ltr'>sanctificatione</span> <span class='ocrx_word' id='word_1_381' title='bbox 994 2671 1083 2694; x_wconf 86' lang='lat' dir='ltr'>Christi.</span> 
     </span>
    </p>

    <p class='ocr_par' dir='ltr' id='par_1_51' title="bbox 485 2710 916 2740">
     <span class='ocr_line' id='line_1_69' title="bbox 485 2710 916 2740; baseline -0.002 -6"><span class='ocrx_word' id='word_1_382' title='bbox 485 2712 522 2734; x_wconf 85' lang='lat'>85.</span> <span class='ocrx_word' id='word_1_383' title='bbox 539 2711 572 2733; x_wconf 87' lang='lat' dir='ltr'>De</span> <span class='ocrx_word' id='word_1_384' title='bbox 589 2711 661 2739; x_wconf 85' lang='lat' dir='ltr'>gratia</span> <span class='ocrx_word' id='word_1_385' title='bbox 680 2710 763 2740; x_wconf 79' lang='lat' dir='ltr'>capitis</span> <span class='ocrx_word' id='word_1_386' title='bbox 781 2711 801 2732; x_wconf 92' lang='lat' dir='ltr'>in</span> <span class='ocrx_word' id='word_1_387' title='bbox 819 2710 916 2733; x_wconf 89' lang='lat' dir='ltr'>Christo.</span> 
     </span>
    </p>

    <p class='ocr_par' dir='ltr' id='par_1_52' title="bbox 485 2750 1140 2779">
     <span class='ocr_line' id='line_1_70' title="bbox 485 2750 1140 2779; baseline 0 -7"><span class='ocrx_word' id='word_1_388' title='bbox 485 2751 522 2772; x_wconf 88' lang='lat'>91.</span> <span class='ocrx_word' id='word_1_389' title='bbox 540 2751 576 2773; x_wconf 86' lang='lat' dir='ltr'>Ad</span> <span class='ocrx_word' id='word_1_390' title='bbox 593 2756 652 2779; x_wconf 87' lang='lat' dir='ltr'>quos</span> <span class='ocrx_word' id='word_1_391' title='bbox 669 2756 693 2772; x_wconf 83' lang='grc'>56</span> <span class='ocrx_word' id='word_1_392' title='bbox 710 2750 816 2772; x_wconf 87' lang='lat' dir='ltr'>extendat</span> <span class='ocrx_word' id='word_1_393' title='bbox 833 2750 930 2772; x_wconf 82' lang='lat' dir='ltr'>influxus</span> <span class='ocrx_word' id='word_1_394' title='bbox 948 2750 1035 2777; x_wconf 81' lang='lat' dir='ltr'>gratiae</span> <span class='ocrx_word' id='word_1_395' title='bbox 1052 2750 1140 2778; x_wconf 85' lang='lat' dir='ltr'>capitis.</span> 
     </span>
    </p>

    <p class='ocr_par' dir='ltr' id='par_1_53' title="bbox 485 2788 1245 2851">
     <span class='ocr_line' id='line_1_71' title="bbox 485 2788 1245 2817; baseline 0 -6"><span class='ocrx_word' id='word_1_396' title='bbox 485 2790 522 2817; x_wconf 74' lang='lat'>98,</span> <span class='ocrx_word' id='word_1_397' title='bbox 541 2790 585 2811; x_wconf 86' lang='lat'>302</span> <span class='ocrx_word' id='word_1_398' title='bbox 603 2792 625 2811; x_wconf 90' lang='lat' dir='ltr'>et</span> <span class='ocrx_word' id='word_1_399' title='bbox 642 2790 694 2811; x_wconf 90' lang='grc'>306.</span> <span class='ocrx_word' id='word_1_400' title='bbox 713 2789 745 2811; x_wconf 88' lang='lat' dir='ltr'>De</span> <span class='ocrx_word' id='word_1_401' title='bbox 761 2789 903 2816; x_wconf 85' lang='lat' dir='ltr'>cognitione,</span> <span class='ocrx_word' id='word_1_402' title='bbox 921 2795 991 2817; x_wconf 85' lang='lat' dir='ltr'>quam</span> <span class='ocrx_word' id='word_1_403' title='bbox 1005 2788 1085 2811; x_wconf 87' lang='lat' dir='ltr'>habuit</span> <span class='ocrx_word' id='word_1_404' title='bbox 1096 2789 1172 2811; x_wconf 89' lang='lat' dir='ltr'>anima</span> <span class='ocrx_word' id='word_1_405' title='bbox 1185 2788 1245 2811; x_wconf 85' lang='lat' dir='ltr'>Chri-</span> 
     </span>
     <span class='ocr_line' id='line_1_72' title="bbox 524 2828 700 2851; baseline 0 -1"><span class='ocrx_word' id='word_1_406' title='bbox 524 2829 551 2850; x_wconf 86' lang='lat' dir='ltr'>sti</span> <span class='ocrx_word' id='word_1_407' title='bbox 569 2828 596 2851; x_wconf 67' lang='lat' dir='ltr'>cta</span> <span class='ocrx_word' id='word_1_408' title='bbox 616 2828 700 2851; x_wconf 82' lang='lat' dir='ltr'>Verbo.</span> 
     </span>
    </p>

    <p class='ocr_par' dir='ltr' id='par_1_54' title="bbox 471 2866 1244 2929">
     <span class='ocr_line' id='line_1_73' title="bbox 471 2866 1244 2896; baseline 0 -7"><span class='ocrx_word' id='word_1_409' title='bbox 471 2868 523 2894; x_wconf 87' lang='lat'>309,</span> <span class='ocrx_word' id='word_1_410' title='bbox 541 2868 585 2889; x_wconf 84' lang='lat'>312</span> <span class='ocrx_word' id='word_1_411' title='bbox 604 2870 625 2889; x_wconf 88' lang='lat' dir='ltr'>et</span> <span class='ocrx_word' id='word_1_412' title='bbox 643 2867 688 2889; x_wconf 94' lang='lat'>317</span> <span class='ocrx_word' id='word_1_413' title='bbox 705 2873 754 2896; x_wconf 83' lang='lat' dir='ltr'>seq.</span> <span class='ocrx_word' id='word_1_414' title='bbox 772 2868 805 2889; x_wconf 91' lang='lat' dir='ltr'>De</span> <span class='ocrx_word' id='word_1_415' title='bbox 822 2867 966 2895; x_wconf 70' lang='lat' dir='ltr'>cognitione,</span> <span class='ocrx_word' id='word_1_416' title='bbox 984 2873 1054 2896; x_wconf 89' lang='lat' dir='ltr'>quam</span> <span class='ocrx_word' id='word_1_417' title='bbox 1073 2866 1153 2889; x_wconf 83' lang='lat' dir='ltr'>habuit</span> <span class='ocrx_word' id='word_1_418' title='bbox 1169 2867 1244 2889; x_wconf 90' lang='lat' dir='ltr'>anima</span> 
     </span>
     <span class='ocr_line' id='line_1_74' title="bbox 524 2905 750 2929; baseline -0.004 0"><span class='ocrx_word' id='word_1_419' title='bbox 524 2906 605 2929; x_wconf 87' lang='lat' dir='ltr'>Christi</span> <span class='ocrx_word' id='word_1_420' title='bbox 624 2906 648 2929; x_wconf 76' lang='lat' dir='ltr'>in</span> <span class='ocrx_word' id='word_1_421' title='bbox 666 2905 750 2928; x_wconf 83' lang='lat' dir='ltr'>Verbo.</span> 
     </span>
    </p>

    <p class='ocr_par' dir='ltr' id='par_1_55' title="bbox 470 2945 1246 3006">
     <span class='ocr_line' id='line_1_75' title="bbox 470 2945 1246 2974; baseline -0.001 -7"><span class='ocrx_word' id='word_1_422' title='bbox 470 2946 510 2967; x_wconf 82' lang='lat'>321</span> <span class='ocrx_word' id='word_1_423' title='bbox 532 2949 554 2967; x_wconf 85' lang='lat' dir='ltr'>et</span> <span class='ocrx_word' id='word_1_424' title='bbox 571 2946 625 2968; x_wconf 83' lang='grc'>323.</span> <span class='ocrx_word' id='word_1_425' title='bbox 645 2946 677 2967; x_wconf 86' lang='lat' dir='ltr'>De</span> <span class='ocrx_word' id='word_1_426' title='bbox 694 2945 838 2974; x_wconf 68' lang='lat' dir='ltr'>cognitione,</span> <span class='ocrx_word' id='word_1_427' title='bbox 855 2951 925 2974; x_wconf 87' lang='lat' dir='ltr'>quam</span> <span class='ocrx_word' id='word_1_428' title='bbox 943 2945 1023 2968; x_wconf 86' lang='lat' dir='ltr'>habuit</span> <span class='ocrx_word' id='word_1_429' title='bbox 1039 2946 1114 2967; x_wconf 85' lang='lat' dir='ltr'>anima</span> <span class='ocrx_word' id='word_1_430' title='bbox 1132 2945 1213 2968; x_wconf 85' lang='lat' dir='ltr'>Christi</span> <span class='ocrx_word' id='word_1_431' title='bbox 1231 2951 1246 2967; x_wconf 69' lang='lat' dir='ltr'>a.</span> 
     </span>
     <span class='ocr_line' id='line_1_76' title="bbox 527 2983 612 3006; baseline 0.012 -1"><span class='ocrx_word' id='word_1_432' title='bbox 527 2983 612 3006; x_wconf 80' lang='lat' dir='ltr'>Verbo.</span> 
     </span>
    </p>
   </div>
   <div class='ocr_carea' id='block_1_13' title="bbox 484 2596 498 2694">
    <p class='ocr_par' dir='ltr' id='par_1_56' title="bbox 484 2596 498 2694">
     <span class='ocr_line' id='line_1_77' title="bbox 484 2596 498 2694; textangle 90"><span class='ocrx_word' id='word_1_433' title='bbox 484 2596 498 2694; x_wconf 39' lang='lat' dir='ltr'>*lenm</span> 
     </span>
    </p>
   </div>
   <div class='ocr_carea' id='block_1_14' title="bbox 468 2596 482 2811">
    <p class='ocr_par' dir='ltr' id='par_1_57' title="bbox 468 2596 482 2811">
     <span class='ocr_line' id='line_1_78' title="bbox 468 2596 481 2617; baseline 0 0"><span class='ocrx_word' id='word_1_434' title='bbox 468 2596 481 2617; x_wconf 75' lang='lat'>2</span> 
     </span>
     <span class='ocr_line' id='line_1_79' title="bbox 470 2635 482 2656; baseline 0 0"><span class='ocrx_word' id='word_1_435' title='bbox 470 2635 482 2656; x_wconf 75' lang='lat'>2</span> 
     </span>
     <span class='ocr_line' id='line_1_80' title="bbox 469 2674 482 2695; baseline 0 0"><span class='ocrx_word' id='word_1_436' title='bbox 469 2674 482 2695; x_wconf 75' lang='lat'>2</span> 
     </span>
     <span class='ocr_line' id='line_1_81' title="bbox 469 2713 482 2733; baseline 0 0"><span class='ocrx_word' id='word_1_437' title='bbox 469 2713 482 2733; x_wconf 80' lang='grc'>2</span> 
     </span>
     <span class='ocr_line' id='line_1_82' title="bbox 470 2752 482 2772; baseline 0 0"><span class='ocrx_word' id='word_1_438' title='bbox 470 2752 482 2772; x_wconf 81' lang='lat'>2</span> 
     </span>
     <span class='ocr_line' id='line_1_83' title="bbox 470 2791 482 2811; baseline 0 0"><span class='ocrx_word' id='word_1_439' title='bbox 470 2791 482 2811; x_wconf 78' lang='lat'>2</span> 
     </span>
    </p>
   </div>
   <div class='ocr_carea' id='block_1_15' title="bbox 1267 282 1277 3000">
    <p class='ocr_par' dir='ltr' id='par_1_58' title="bbox 1267 282 1277 3000">
     <span class='ocr_line' id='line_1_84' title="bbox 1267 282 1277 3000; baseline 0 0"><span class='ocrx_word' id='word_1_440' title='bbox 1267 282 1277 3000; x_wconf 95' lang='lat' dir='ltr'> </span> 
     </span>
    </p>
   </div>
   <div class='ocr_carea' id='block_1_16' title="bbox 1294 279 2141 310">
    <p class='ocr_par' dir='ltr' id='par_1_59' title="bbox 1294 279 2141 310">
     <span class='ocr_line' id='line_1_85' title="bbox 1294 279 2141 310; baseline -0.004 -5"><span class='ocrx_word' id='word_1_441' title='bbox 1294 283 1349 310; x_wconf 82' lang='lat' dir='ltr'>Pag.</span> <span class='ocrx_word' id='word_1_442' title='bbox 1366 282 1420 304; x_wconf 87' lang='lat'>347.</span> <span class='ocrx_word' id='word_1_443' title='bbox 1438 282 1535 304; x_wconf 80' lang='lat' dir='ltr'>Hilarius</span> <span class='ocrx_word' id='word_1_444' title='bbox 1551 281 1682 303; x_wconf 83' lang='lat' dir='ltr'>defenditur</span> <span class='ocrx_word' id='word_1_445' title='bbox 1699 279 1728 302; x_wconf 88' lang='lat' dir='ltr'>ab</span> <span class='ocrx_word' id='word_1_446' title='bbox 1745 286 1824 302; x_wconf 83' lang='lat' dir='ltr'>errore</span> <span class='ocrx_word' id='word_1_447' title='bbox 1845 280 1865 301; x_wconf 81' lang='lat' dir='ltr'>ei</span> <span class='ocrx_word' id='word_1_448' title='bbox 1888 280 2012 307; x_wconf 82' lang='lat' dir='ltr'>imputato⁷</span> <span class='ocrx_word' id='word_1_449' title='bbox 2030 280 2097 308; x_wconf 86' lang='lat' dir='ltr'>quasi</span> <span class='ocrx_word' id='word_1_450' title='bbox 2119 280 2141 302; x_wconf 91' lang='lat' dir='ltr'>in</span> 
     </span>
    </p>
   </div>
   <div class='ocr_carea' id='block_1_17' title="bbox 1319 370 1330 381">
    <p class='ocr_par' dir='ltr' id='par_1_60' title="bbox 1319 370 1330 381">
     <span class='ocr_line' id='line_1_86' title="bbox 1319 370 1330 381; baseline 0.091 -1"><span class='ocrx_word' id='word_1_451' title='bbox 1319 370 1330 381; x_wconf 78' lang='grc'>1)</span> 
     </span>
    </p>
   </div>
   <div class='ocr_carea' id='block_1_18' title="bbox 1320 448 1330 459">
    <p class='ocr_par' dir='ltr' id='par_1_61' title="bbox 1320 448 1330 459">
     <span class='ocr_line' id='line_1_87' title="bbox 1320 448 1330 459; baseline -0.1 0"><span class='ocrx_word' id='word_1_452' title='bbox 1320 448 1330 459; x_wconf 75' lang='grc'>1)</span> 
     </span>
    </p>
   </div>
   <div class='ocr_carea' id='block_1_19' title="bbox 1320 526 1331 536">
    <p class='ocr_par' dir='ltr' id='par_1_62' title="bbox 1320 526 1331 536">
     <span class='ocr_line' id='line_1_88' title="bbox 1320 526 1331 536; baseline 0 0"><span class='ocrx_word' id='word_1_453' title='bbox 1320 526 1331 536; x_wconf 78' lang='grc'>1)</span> 
     </span>
    </p>
   </div>
   <div class='ocr_carea' id='block_1_20' title="bbox 1323 1388 1334 1398">
    <p class='ocr_par' dir='ltr' id='par_1_63' title="bbox 1323 1388 1334 1398">
     <span class='ocr_line' id='line_1_89' title="bbox 1323 1388 1334 1398; baseline 0 0"><span class='ocrx_word' id='word_1_454' title='bbox 1323 1388 1334 1398; x_wconf 73' lang='lat' dir='ltr'>i)</span> 
     </span>
    </p>
   </div>
   <div class='ocr_carea' id='block_1_21' title="bbox 1325 1544 1336 1555">
    <p class='ocr_par' dir='ltr' id='par_1_64' title="bbox 1325 1544 1336 1555">
     <span class='ocr_line' id='line_1_90' title="bbox 1325 1544 1336 1555; baseline 0 0"><span class='ocrx_word' id='word_1_455' title='bbox 1325 1544 1336 1555; x_wconf 77' lang='grc'>1)</span> 
     </span>
    </p>
   </div>
   <div class='ocr_carea' id='block_1_22' title="bbox 1324 1585 1333 1595">
    <p class='ocr_par' dir='ltr' id='par_1_65' title="bbox 1324 1585 1333 1595">
     <span class='ocr_line' id='line_1_91' title="bbox 1324 1585 1333 1595; baseline 0 0"><span class='ocrx_word' id='word_1_456' title='bbox 1324 1585 1333 1595; x_wconf 82' lang='grc'>1)</span> 
     </span>
    </p>
   </div>
   <div class='ocr_carea' id='block_1_23' title="bbox 1324 1701 1335 1713">
    <p class='ocr_par' dir='ltr' id='par_1_66' title="bbox 1324 1701 1335 1713">
     <span class='ocr_line' id='line_1_92' title="bbox 1324 1701 1335 1713; baseline 0.091 -1"><span class='ocrx_word' id='word_1_457' title='bbox 1324 1701 1335 1713; x_wconf 71' lang='grc'>))</span> 
     </span>
    </p>
   </div>
   <div class='ocr_carea' id='block_1_24' title="bbox 1323 1741 1334 1751">
    <p class='ocr_par' dir='ltr' id='par_1_67' title="bbox 1323 1741 1334 1751">
     <span class='ocr_line' id='line_1_93' title="bbox 1323 1741 1334 1751; baseline 0 0"><span class='ocrx_word' id='word_1_458' title='bbox 1323 1741 1334 1751; x_wconf 65' lang='lat' dir='ltr'>t)</span> 
     </span>
    </p>
   </div>
   <div class='ocr_carea' id='block_1_25' title="bbox 1325 1859 1335 1869">
    <p class='ocr_par' dir='ltr' id='par_1_68' title="bbox 1325 1859 1335 1869">
     <span class='ocr_line' id='line_1_94' title="bbox 1325 1859 1335 1869; baseline 0 0"><span class='ocrx_word' id='word_1_459' title='bbox 1325 1859 1335 1869; x_wconf 80' lang='grc'>1)</span> 
     </span>
    </p>
   </div>
   <div class='ocr_carea' id='block_1_26' title="bbox 1325 2055 1336 2066">
    <p class='ocr_par' dir='ltr' id='par_1_69' title="bbox 1325 2055 1336 2066">
     <span class='ocr_line' id='line_1_95' title="bbox 1325 2055 1336 2066; baseline -0.091 0"><span class='ocrx_word' id='word_1_460' title='bbox 1325 2055 1336 2066; x_wconf 81' lang='grc'>»</span> 
     </span>
    </p>
   </div>
   <div class='ocr_carea' id='block_1_27' title="bbox 1324 2133 1335 2144">
    <p class='ocr_par' dir='ltr' id='par_1_70' title="bbox 1324 2133 1335 2144">
     <span class='ocr_line' id='line_1_96' title="bbox 1324 2133 1335 2144; baseline 0 0"><span class='ocrx_word' id='word_1_461' title='bbox 1324 2133 1335 2144; x_wconf 69' lang='grc'>1)</span> 
     </span>
    </p>
   </div>
   <div class='ocr_carea' id='block_1_28' title="bbox 1367 319 2170 3006">
    <p class='ocr_par' dir='ltr' id='par_1_71' title="bbox 1421 319 2142 344">
     <span class='ocr_line' id='line_1_97' title="bbox 1421 319 2142 344; baseline -0.004 -1"><span class='ocrx_word' id='word_1_462' title='bbox 1421 320 1510 344; x_wconf 80' lang='lat' dir='ltr'>Christo</span> <span class='ocrx_word' id='word_1_463' title='bbox 1529 327 1574 343; x_wconf 89' lang='lat' dir='ltr'>non</span> <span class='ocrx_word' id='word_1_464' title='bbox 1592 320 1659 342; x_wconf 88' lang='lat' dir='ltr'>suerit</span> <span class='ocrx_word' id='word_1_465' title='bbox 1675 319 1790 342; x_wconf 79' lang='lat' dir='ltr'>sensibilis</span> <span class='ocrx_word' id='word_1_466' title='bbox 1807 319 1871 341; x_wconf 87' lang='lat' dir='ltr'>dolor</span> <span class='ocrx_word' id='word_1_467' title='bbox 1889 319 1911 340; x_wconf 93' lang='lat' dir='ltr'>in</span> <span class='ocrx_word' id='word_1_468' title='bbox 1931 322 2011 341; x_wconf 85' lang='lat' dir='ltr'>natura</span> <span class='ocrx_word' id='word_1_469' title='bbox 2033 322 2142 341; x_wconf 88' lang='lat' dir='ltr'>assumta.</span> 
     </span>
    </p>

    <p class='ocr_par' dir='ltr' id='par_1_72' title="bbox 1367 358 2143 426">
     <span class='ocr_line' id='line_1_98' title="bbox 1367 358 2143 383; baseline -0.004 0"><span class='ocrx_word' id='word_1_470' title='bbox 1367 361 1418 383; x_wconf 87' lang='lat'>370.</span> <span class='ocrx_word' id='word_1_471' title='bbox 1437 360 1591 383; x_wconf 83' lang='lat' dir='ltr'>Contormitas</span> <span class='ocrx_word' id='word_1_472' title='bbox 1608 359 1731 381; x_wconf 81' lang='lat' dir='ltr'>voluntatis</span> <span class='ocrx_word' id='word_1_473' title='bbox 1748 361 1838 381; x_wconf 83' lang='lat' dir='ltr'>creatae</span> <span class='ocrx_word' id='word_1_474' title='bbox 1855 364 1908 380; x_wconf 89' lang='lat' dir='ltr'>cum</span> <span class='ocrx_word' id='word_1_475' title='bbox 1930 358 2007 380; x_wconf 87' lang='lat' dir='ltr'>divina</span> <span class='ocrx_word' id='word_1_476' title='bbox 2026 359 2143 380; x_wconf 82' lang='lat' dir='ltr'>voluntate</span> 
     </span>
     <span class='ocr_line' id='line_1_99' title="bbox 1422 396 2040 426; baseline -0.005 -4"><span class='ocrx_word' id='word_1_477' title='bbox 1422 400 1444 421; x_wconf 90' lang='lat' dir='ltr'>in</span> <span class='ocrx_word' id='word_1_478' title='bbox 1462 399 1555 422; x_wconf 74' lang='lat' dir='ltr'>ratione</span> <span class='ocrx_word' id='word_1_479' title='bbox 1571 398 1671 426; x_wconf 66' lang='lat' dir='ltr'>volendi,</span> <span class='ocrx_word' id='word_1_480' title='bbox 1689 398 1729 420; x_wconf 83' lang='lat' dir='ltr'>sed</span> <span class='ocrx_word' id='word_1_481' title='bbox 1747 404 1793 420; x_wconf 90' lang='lat' dir='ltr'>non</span> <span class='ocrx_word' id='word_1_482' title='bbox 1810 403 1903 425; x_wconf 80' lang='lat' dir='ltr'>semper</span> <span class='ocrx_word' id='word_1_483' title='bbox 1921 397 1943 419; x_wconf 90' lang='lat' dir='ltr'>in</span> <span class='ocrx_word' id='word_1_484' title='bbox 1963 396 2040 420; x_wconf 72' lang='lat' dir='ltr'>volito.</span> 
     </span>
    </p>

    <p class='ocr_par' dir='ltr' id='par_1_73' title="bbox 1367 436 2143 504">
     <span class='ocr_line' id='line_1_100' title="bbox 1367 436 2143 466; baseline -0.004 -5"><span class='ocrx_word' id='word_1_485' title='bbox 1367 439 1411 461; x_wconf 84' lang='grc'>382</span> <span class='ocrx_word' id='word_1_486' title='bbox 1429 442 1451 461; x_wconf 72' lang='lat' dir='ltr'>ct</span> <span class='ocrx_word' id='word_1_487' title='bbox 1468 438 1521 460; x_wconf 78' lang='lat'>385.</span> <span class='ocrx_word' id='word_1_488' title='bbox 1538 438 1662 466; x_wconf 89' lang='lat' dir='ltr'>Opiniones</span> <span class='ocrx_word' id='word_1_489' title='bbox 1679 438 1708 459; x_wconf 79' lang='lat' dir='ltr'>cle</span> <span class='ocrx_word' id='word_1_490' title='bbox 1725 443 1765 464; x_wconf 77' lang='lat' dir='ltr'>eo,</span> <span class='ocrx_word' id='word_1_491' title='bbox 1782 439 1860 459; x_wconf 88' lang='lat' dir='ltr'>utrum</span> <span class='ocrx_word' id='word_1_492' title='bbox 1878 436 1982 459; x_wconf 89' lang='lat' dir='ltr'>Christus</span> <span class='ocrx_word' id='word_1_493' title='bbox 1995 443 2006 458; x_wconf 88' lang='lat' dir='ltr'>a</span> <span class='ocrx_word' id='word_1_494' title='bbox 2020 436 2095 464; x_wconf 87' lang='lat' dir='ltr'>primo</span> <span class='ocrx_word' id='word_1_495' title='bbox 2110 437 2143 458; x_wconf 89' lang='lat' dir='ltr'>in-</span> 
     </span>
     <span class='ocr_line' id='line_1_101' title="bbox 1421 476 1801 504; baseline -0.005 -4"><span class='ocrx_word' id='word_1_496' title='bbox 1421 480 1495 500; x_wconf 86' lang='lat' dir='ltr'>stante</span> <span class='ocrx_word' id='word_1_497' title='bbox 1512 477 1668 504; x_wconf 83' lang='lat' dir='ltr'>conceptionis</span> <span class='ocrx_word' id='word_1_498' title='bbox 1685 476 1801 498; x_wconf 81' lang='lat' dir='ltr'>meruerit.</span> 
     </span>
    </p>

    <p class='ocr_par' dir='ltr' id='par_1_74' title="bbox 1369 515 2143 578">
     <span class='ocr_line' id='line_1_102' title="bbox 1369 515 2143 543; baseline -0.004 -4"><span class='ocrx_word' id='word_1_499' title='bbox 1369 517 1412 539; x_wconf 84' lang='lat'>402</span> <span class='ocrx_word' id='word_1_500' title='bbox 1430 520 1452 538; x_wconf 92' lang='lat' dir='ltr'>et</span> <span class='ocrx_word' id='word_1_501' title='bbox 1469 516 1521 538; x_wconf 86' lang='lat'>405.</span> <span class='ocrx_word' id='word_1_502' title='bbox 1539 516 1605 538; x_wconf 80' lang='lat' dir='ltr'>Plura</span> <span class='ocrx_word' id='word_1_503' title='bbox 1623 516 1652 538; x_wconf 89' lang='lat' dir='ltr'>de</span> <span class='ocrx_word' id='word_1_504' title='bbox 1669 516 1769 538; x_wconf 73' lang='lat' dir='ltr'>efficacia</span> <span class='ocrx_word' id='word_1_505' title='bbox 1783 515 1896 543; x_wconf 82' lang='lat' dir='ltr'>passionis</span> <span class='ocrx_word' id='word_1_506' title='bbox 1913 518 1990 537; x_wconf 89' lang='lat' dir='ltr'>contra</span> <span class='ocrx_word' id='word_1_507' title='bbox 2009 515 2143 537; x_wconf 82' lang='lat' dir='ltr'>Socinianos</span> 
     </span>
     <span class='ocr_line' id='line_1_103' title="bbox 1421 555 1619 578; baseline 0 -1"><span class='ocrx_word' id='word_1_508' title='bbox 1421 558 1444 578; x_wconf 88' lang='lat' dir='ltr'>et</span> <span class='ocrx_word' id='word_1_509' title='bbox 1460 555 1619 577; x_wconf 86' lang='lat' dir='ltr'>rationalistas.</span> 
     </span>
    </p>

    <p class='ocr_par' dir='ltr' id='par_1_75' title="bbox 1369 593 2144 655">
     <span class='ocr_line' id='line_1_104' title="bbox 1369 593 2144 616; baseline -0.001 0"><span class='ocrx_word' id='word_1_510' title='bbox 1369 594 1421 616; x_wconf 92' lang='lat'>411.</span> <span class='ocrx_word' id='word_1_511' title='bbox 1440 595 1471 616; x_wconf 86' lang='lat' dir='ltr'>De</span> <span class='ocrx_word' id='word_1_512' title='bbox 1488 595 1575 616; x_wconf 88' lang='lat' dir='ltr'>ratione</span> <span class='ocrx_word' id='word_1_513' title='bbox 1593 594 1726 616; x_wconf 86' lang='lat' dir='ltr'>mediatoris</span> <span class='ocrx_word' id='word_1_514' title='bbox 1742 596 1763 615; x_wconf 92' lang='lat' dir='ltr'>et</span> <span class='ocrx_word' id='word_1_515' title='bbox 1782 593 1811 615; x_wconf 88' lang='lat' dir='ltr'>de</span> <span class='ocrx_word' id='word_1_516' title='bbox 1831 593 1987 615; x_wconf 86' lang='lat' dir='ltr'>controversia</span> <span class='ocrx_word' id='word_1_517' title='bbox 2011 593 2068 615; x_wconf 90' lang='lat' dir='ltr'>inter</span> <span class='ocrx_word' id='word_1_518' title='bbox 2091 594 2144 615; x_wconf 76' lang='lat' dir='ltr'>Pro-</span> 
     </span>
     <span class='ocr_line' id='line_1_105' title="bbox 1423 636 1537 655; baseline 0 0"><span class='ocrx_word' id='word_1_519' title='bbox 1423 636 1537 655; x_wconf 83' lang='lat' dir='ltr'>testantes.</span> 
     </span>
    </p>

    <p class='ocr_par' dir='ltr' id='par_1_76' title="bbox 1368 671 2144 740">
     <span class='ocr_line' id='line_1_106' title="bbox 1368 671 2144 700; baseline -0.001 -6"><span class='ocrx_word' id='word_1_520' title='bbox 1368 673 1420 694; x_wconf 90' lang='lat'>419.</span> <span class='ocrx_word' id='word_1_521' title='bbox 1438 673 1539 694; x_wconf 81' lang='lat' dir='ltr'>Anselmi</span> <span class='ocrx_word' id='word_1_522' title='bbox 1557 672 1660 694; x_wconf 84' lang='lat' dir='ltr'>doctrina</span> <span class='ocrx_word' id='word_1_523' title='bbox 1678 672 1736 694; x_wconf 87' lang='lat' dir='ltr'>circa</span> <span class='ocrx_word' id='word_1_524' title='bbox 1755 672 1905 699; x_wconf 78' lang='lat' dir='ltr'>congruentia</span> <span class='ocrx_word' id='word_1_525' title='bbox 1923 671 2089 700; x_wconf 79' lang='lat' dir='ltr'>redemptionis</span> <span class='ocrx_word' id='word_1_526' title='bbox 2107 678 2144 694; x_wconf 84' lang='lat' dir='ltr'>ex-</span> 
     </span>
     <span class='ocr_line' id='line_1_107' title="bbox 1423 712 1523 740; baseline -0.01 -6"><span class='ocrx_word' id='word_1_527' title='bbox 1423 712 1523 740; x_wconf 90' lang='lat' dir='ltr'>ponitur.</span> 
     </span>
    </p>

    <p class='ocr_par' dir='ltr' id='par_1_77' title="bbox 1368 751 2144 856">
     <span class='ocr_line' id='line_1_108' title="bbox 1368 751 2144 778; baseline -0.001 -5"><span class='ocrx_word' id='word_1_528' title='bbox 1368 751 1421 773; x_wconf 86' lang='lat'>424.</span> <span class='ocrx_word' id='word_1_529' title='bbox 1438 751 1554 773; x_wconf 81' lang='lat' dir='ltr'>Sententia</span> <span class='ocrx_word' id='word_1_530' title='bbox 1572 751 1633 773; x_wconf 76' lang='lat' dir='ltr'>scoti</span> <span class='ocrx_word' id='word_1_531' title='bbox 1650 755 1672 773; x_wconf 85' lang='lat' dir='ltr'>et</span> <span class='ocrx_word' id='word_1_532' title='bbox 1689 751 1863 773; x_wconf 87' lang='lat' dir='ltr'>Bonaventurae</span> <span class='ocrx_word' id='word_1_533' title='bbox 1880 751 1910 773; x_wconf 92' lang='lat' dir='ltr'>de</span> <span class='ocrx_word' id='word_1_534' title='bbox 1927 757 1966 778; x_wconf 72' lang='lat' dir='ltr'>eo.</span> <span class='ocrx_word' id='word_1_535' title='bbox 1985 754 2060 773; x_wconf 89' lang='lat' dir='ltr'>utrum</span> <span class='ocrx_word' id='word_1_536' title='bbox 2082 756 2144 773; x_wconf 88' lang='lat' dir='ltr'>crea-</span> 
     </span>
     <span class='ocr_line' id='line_1_109' title="bbox 1423 790 2144 819; baseline 0 -7"><span class='ocrx_word' id='word_1_537' title='bbox 1423 793 1471 812; x_wconf 86' lang='lat' dir='ltr'>tura</span> <span class='ocrx_word' id='word_1_538' title='bbox 1491 790 1591 818; x_wconf 76' lang='lat' dir='ltr'>potuerIt</span> <span class='ocrx_word' id='word_1_539' title='bbox 1608 796 1650 817; x_wconf 83' lang='lat' dir='ltr'>pro</span> <span class='ocrx_word' id='word_1_540' title='bbox 1668 796 1753 817; x_wconf 78' lang='lat' dir='ltr'>genere</span> <span class='ocrx_word' id='word_1_541' title='bbox 1765 791 1867 819; x_wconf 81' lang='lat' dir='ltr'>humano</span> <span class='ocrx_word' id='word_1_542' title='bbox 1878 790 2017 817; x_wconf 77' lang='lat' dir='ltr'>satisfacere,</span> <span class='ocrx_word' id='word_1_543' title='bbox 2029 792 2051 812; x_wconf 92' lang='lat' dir='ltr'>et</span> <span class='ocrx_word' id='word_1_544' title='bbox 2067 790 2096 812; x_wconf 92' lang='lat' dir='ltr'>de</span> <span class='ocrx_word' id='word_1_545' title='bbox 2114 790 2144 812; x_wconf 86' lang='lat' dir='ltr'>in-</span> 
     </span>
     <span class='ocr_line' id='line_1_110' title="bbox 1423 829 1737 856; baseline -0.003 -5"><span class='ocrx_word' id='word_1_546' title='bbox 1423 830 1508 851; x_wconf 88' lang='lat' dir='ltr'>tinitate</span> <span class='ocrx_word' id='word_1_547' title='bbox 1526 829 1624 851; x_wconf 84' lang='lat' dir='ltr'>malitiae</span> <span class='ocrx_word' id='word_1_548' title='bbox 1641 829 1737 856; x_wconf 88' lang='lat' dir='ltr'>peccati.</span> 
     </span>
    </p>

    <p class='ocr_par' dir='ltr' id='par_1_78' title="bbox 1369 868 2145 935">
     <span class='ocr_line' id='line_1_111' title="bbox 1369 868 2145 897; baseline -0.001 -6"><span class='ocrx_word' id='word_1_549' title='bbox 1369 869 1414 891; x_wconf 83' lang='lat'>429</span> <span class='ocrx_word' id='word_1_550' title='bbox 1432 874 1481 897; x_wconf 84' lang='lat' dir='ltr'>seq.</span> <span class='ocrx_word' id='word_1_551' title='bbox 1500 868 1676 891; x_wconf 70' lang='lat' dir='ltr'>Controversiae</span> <span class='ocrx_word' id='word_1_552' title='bbox 1700 869 1778 896; x_wconf 86' lang='lat' dir='ltr'>plures</span> <span class='ocrx_word' id='word_1_553' title='bbox 1801 868 1992 891; x_wconf 81' lang='lat' dir='ltr'>Scholasticorum</span> <span class='ocrx_word' id='word_1_554' title='bbox 2016 868 2044 890; x_wconf 88' lang='lat' dir='ltr'>de</span> <span class='ocrx_word' id='word_1_555' title='bbox 2066 869 2145 891; x_wconf 79' lang='lat' dir='ltr'>valore</span> 
     </span>
     <span class='ocr_line' id='line_1_112' title="bbox 1423 907 1901 935; baseline -0.002 -5"><span class='ocrx_word' id='word_1_556' title='bbox 1423 910 1445 930; x_wconf 90' lang='lat' dir='ltr'>et</span> <span class='ocrx_word' id='word_1_557' title='bbox 1462 908 1618 935; x_wconf 80' lang='lat' dir='ltr'>acceptatione</span> <span class='ocrx_word' id='word_1_558' title='bbox 1635 908 1795 930; x_wconf 79' lang='lat' dir='ltr'>satisfactionis</span> <span class='ocrx_word' id='word_1_559' title='bbox 1811 907 1901 930; x_wconf 87' lang='lat' dir='ltr'>Christi.</span> 
     </span>
    </p>

    <p class='ocr_par' dir='ltr' id='par_1_79' title="bbox 1369 946 1878 975">
     <span class='ocr_line' id='line_1_113' title="bbox 1369 946 1878 975; baseline -0.002 -5"><span class='ocrx_word' id='word_1_560' title='bbox 1369 948 1421 970; x_wconf 88' lang='lat'>442.</span> <span class='ocrx_word' id='word_1_561' title='bbox 1440 947 1534 975; x_wconf 82' lang='lat' dir='ltr'>Triplex</span> <span class='ocrx_word' id='word_1_562' title='bbox 1551 953 1632 969; x_wconf 85' lang='lat' dir='ltr'>sensus</span> <span class='ocrx_word' id='word_1_563' title='bbox 1649 946 1758 969; x_wconf 76' lang='lat' dir='ltr'>vocabuli</span> <span class='ocrx_word' id='word_1_564' title='bbox 1774 946 1878 969; x_wconf 75' lang='lat' dir='ltr'>unionis.</span> 
     </span>
    </p>

    <p class='ocr_par' dir='ltr' id='par_1_80' title="bbox 1369 986 2146 1048">
     <span class='ocr_line' id='line_1_114' title="bbox 1369 986 2146 1013; baseline 0 -4"><span class='ocrx_word' id='word_1_565' title='bbox 1369 987 1422 1009; x_wconf 84' lang='lat'>453.</span> <span class='ocrx_word' id='word_1_566' title='bbox 1439 986 1614 1013; x_wconf 73' lang='lat' dir='ltr'>Controversia,</span> <span class='ocrx_word' id='word_1_567' title='bbox 1633 989 1710 1008; x_wconf 89' lang='lat' dir='ltr'>utrum</span> <span class='ocrx_word' id='word_1_568' title='bbox 1729 986 1749 1008; x_wconf 90' lang='lat' dir='ltr'>in</span> <span class='ocrx_word' id='word_1_569' title='bbox 1767 986 1843 1008; x_wconf 88' lang='lat' dir='ltr'>triduo</span> <span class='ocrx_word' id='word_1_570' title='bbox 1863 987 1942 1009; x_wconf 87' lang='lat' dir='ltr'>mortis</span> <span class='ocrx_word' id='word_1_571' title='bbox 1959 986 2062 1009; x_wconf 75' lang='lat' dir='ltr'>Christus</span> <span class='ocrx_word' id='word_1_572' title='bbox 2079 987 2146 1009; x_wconf 83' lang='lat' dir='ltr'>suerit</span> 
     </span>
     <span class='ocr_line' id='line_1_115' title="bbox 1424 1025 1501 1048; baseline 0 0"><span class='ocrx_word' id='word_1_573' title='bbox 1424 1025 1501 1048; x_wconf 77' lang='lat' dir='ltr'>homo.</span> 
     </span>
    </p>

    <p class='ocr_par' dir='ltr' id='par_1_81' title="bbox 1370 1064 1843 1093">
     <span class='ocr_line' id='line_1_116' title="bbox 1370 1064 1843 1093; baseline -0.004 -5"><span class='ocrx_word' id='word_1_574' title='bbox 1370 1065 1423 1088; x_wconf 80' lang='lat'>456.</span> <span class='ocrx_word' id='word_1_575' title='bbox 1440 1064 1522 1087; x_wconf 85' lang='lat' dir='ltr'>Contra</span> <span class='ocrx_word' id='word_1_576' title='bbox 1541 1070 1642 1086; x_wconf 86' lang='lat' dir='ltr'>errorem</span> <span class='ocrx_word' id='word_1_577' title='bbox 1661 1064 1843 1093; x_wconf 82' lang='lat' dir='ltr'>Ubiquistarum.</span> 
     </span>
    </p>

    <p class='ocr_par' dir='ltr' id='par_1_82' title="bbox 1370 1104 2144 1134">
     <span class='ocr_line' id='line_1_117' title="bbox 1370 1104 2144 1134; baseline 0.001 -8"><span class='ocrx_word' id='word_1_578' title='bbox 1370 1104 1420 1126; x_wconf 89' lang='lat'>460.</span> <span class='ocrx_word' id='word_1_579' title='bbox 1440 1104 1472 1126; x_wconf 87' lang='lat' dir='ltr'>De</span> <span class='ocrx_word' id='word_1_580' title='bbox 1491 1104 1604 1126; x_wconf 74' lang='lat' dir='ltr'>descensu</span> <span class='ocrx_word' id='word_1_581' title='bbox 1622 1104 1651 1126; x_wconf 86' lang='lat' dir='ltr'>ad</span> <span class='ocrx_word' id='word_1_582' title='bbox 1669 1104 1755 1126; x_wconf 81' lang='lat' dir='ltr'>inferos</span> <span class='ocrx_word' id='word_1_583' title='bbox 1772 1106 1793 1126; x_wconf 80' lang='grc'>61</span> <span class='ocrx_word' id='word_1_584' title='bbox 1811 1104 1893 1132; x_wconf 89' lang='lat' dir='ltr'>triplici</span> <span class='ocrx_word' id='word_1_585' title='bbox 1910 1110 1978 1127; x_wconf 89' lang='lat' dir='ltr'>sensu</span> <span class='ocrx_word' id='word_1_586' title='bbox 1993 1105 2056 1127; x_wconf 78' lang='lat' dir='ltr'>vocis</span> <span class='ocrx_word' id='word_1_587' title='bbox 2068 1104 2144 1134; x_wconf 75' lang='lat' dir='ltr'>inferi.</span> 
     </span>
    </p>

    <p class='ocr_par' dir='ltr' id='par_1_83' title="bbox 1370 1143 2105 1171">
     <span class='ocr_line' id='line_1_118' title="bbox 1370 1143 2105 1171; baseline 0 -6"><span class='ocrx_word' id='word_1_588' title='bbox 1370 1143 1413 1165; x_wconf 84' lang='lat'>473</span> <span class='ocrx_word' id='word_1_589' title='bbox 1432 1146 1454 1165; x_wconf 91' lang='lat' dir='ltr'>et</span> <span class='ocrx_word' id='word_1_590' title='bbox 1471 1143 1515 1165; x_wconf 87' lang='lat'>477</span> <span class='ocrx_word' id='word_1_591' title='bbox 1533 1149 1581 1171; x_wconf 88' lang='lat' dir='ltr'>seq.</span> <span class='ocrx_word' id='word_1_592' title='bbox 1599 1143 1666 1165; x_wconf 87' lang='lat' dir='ltr'>Multa</span> <span class='ocrx_word' id='word_1_593' title='bbox 1685 1143 1797 1171; x_wconf 85' lang='lat' dir='ltr'>principia</span> <span class='ocrx_word' id='word_1_594' title='bbox 1817 1146 1933 1170; x_wconf 85' lang='lat' dir='ltr'>ponuntur</span> <span class='ocrx_word' id='word_1_595' title='bbox 1950 1143 2008 1165; x_wconf 85' lang='lat' dir='ltr'>circa</span> <span class='ocrx_word' id='word_1_596' title='bbox 2028 1143 2105 1166; x_wconf 80' lang='lat' dir='ltr'>fidem.</span> 
     </span>
    </p>

    <p class='ocr_par' dir='ltr' id='par_1_84' title="bbox 1369 1181 2145 1244">
     <span class='ocr_line' id='line_1_119' title="bbox 1369 1181 2145 1211; baseline 0 -7"><span class='ocrx_word' id='word_1_597' title='bbox 1369 1182 1413 1205; x_wconf 86' lang='lat'>486</span> <span class='ocrx_word' id='word_1_598' title='bbox 1431 1188 1480 1211; x_wconf 89' lang='lat' dir='ltr'>seq.</span> <span class='ocrx_word' id='word_1_599' title='bbox 1497 1183 1563 1204; x_wconf 82' lang='lat' dir='ltr'>Plura</span> <span class='ocrx_word' id='word_1_600' title='bbox 1582 1182 1611 1204; x_wconf 86' lang='lat' dir='ltr'>de</span> <span class='ocrx_word' id='word_1_601' title='bbox 1628 1181 1719 1204; x_wconf 84' lang='lat' dir='ltr'>obiecto</span> <span class='ocrx_word' id='word_1_602' title='bbox 1745 1182 1798 1205; x_wconf 85' lang='lat' dir='ltr'>fidei</span> <span class='ocrx_word' id='word_1_603' title='bbox 1821 1185 1843 1204; x_wconf 90' lang='lat' dir='ltr'>et</span> <span class='ocrx_word' id='word_1_604' title='bbox 1867 1182 1986 1210; x_wconf 82' lang='lat' dir='ltr'>speciatim</span> <span class='ocrx_word' id='word_1_605' title='bbox 2013 1183 2041 1205; x_wconf 92' lang='lat' dir='ltr'>de</span> <span class='ocrx_word' id='word_1_606' title='bbox 2059 1183 2145 1210; x_wconf 80' lang='lat' dir='ltr'>analysi</span> 
     </span>
     <span class='ocr_line' id='line_1_120' title="bbox 1424 1222 1566 1244; baseline -0.007 0"><span class='ocrx_word' id='word_1_607' title='bbox 1424 1225 1489 1244; x_wconf 81' lang='lat' dir='ltr'>actus</span> <span class='ocrx_word' id='word_1_608' title='bbox 1506 1222 1566 1244; x_wconf 84' lang='lat' dir='ltr'>fidei.</span> 
     </span>
    </p>

    <p class='ocr_par' dir='ltr' id='par_1_85' title="bbox 1370 1261 2146 1289">
     <span class='ocr_line' id='line_1_121' title="bbox 1370 1261 2146 1289; baseline 0.001 -6"><span class='ocrx_word' id='word_1_609' title='bbox 1370 1262 1414 1284; x_wconf 76' lang='lat'>489</span> <span class='ocrx_word' id='word_1_610' title='bbox 1433 1264 1454 1283; x_wconf 88' lang='lat' dir='ltr'>et</span> <span class='ocrx_word' id='word_1_611' title='bbox 1472 1261 1525 1283; x_wconf 84' lang='grc'>496.</span> <span class='ocrx_word' id='word_1_612' title='bbox 1543 1261 1614 1283; x_wconf 86' lang='lat' dir='ltr'>Etiam</span> <span class='ocrx_word' id='word_1_613' title='bbox 1633 1261 1690 1283; x_wconf 82' lang='lat' dir='ltr'>fides</span> <span class='ocrx_word' id='word_1_614' title='bbox 1708 1261 1811 1283; x_wconf 80' lang='lat' dir='ltr'>informis</span> <span class='ocrx_word' id='word_1_615' title='bbox 1822 1264 1856 1283; x_wconf 51' lang='lat' dir='ltr'>est.</span> <span class='ocrx_word' id='word_1_616' title='bbox 1868 1261 1941 1284; x_wconf 89' lang='lat' dir='ltr'>virtus</span> <span class='ocrx_word' id='word_1_617' title='bbox 1958 1262 2146 1289; x_wconf 88' lang='lat' dir='ltr'>supernaturalis.</span> 
     </span>
    </p>

    <p class='ocr_par' dir='ltr' id='par_1_86' title="bbox 1370 1300 2147 1366">
     <span class='ocr_line' id='line_1_122' title="bbox 1370 1300 2147 1329; baseline 0 -6"><span class='ocrx_word' id='word_1_618' title='bbox 1370 1300 1423 1329; x_wconf 68' lang='grc'>503,</span> <span class='ocrx_word' id='word_1_619' title='bbox 1440 1303 1492 1322; x_wconf 89' lang='lat' dir='ltr'>nota</span> <span class='ocrx_word' id='word_1_620' title='bbox 1511 1301 1532 1322; x_wconf 89' lang='lat'>6.</span> <span class='ocrx_word' id='word_1_621' title='bbox 1552 1300 1626 1322; x_wconf 81' lang='lat' dir='ltr'>Verba</span> <span class='ocrx_word' id='word_1_622' title='bbox 1648 1300 1809 1328; x_wconf 76' lang='lat' dir='ltr'>Praepositivi‚</span> <span class='ocrx_word' id='word_1_623' title='bbox 1826 1301 1946 1329; x_wconf 87' lang='lat' dir='ltr'>quomodo</span> <span class='ocrx_word' id='word_1_624' title='bbox 1966 1302 2019 1329; x_wconf 84' lang='lat' dir='ltr'>quis</span> <span class='ocrx_word' id='word_1_625' title='bbox 2036 1301 2103 1329; x_wconf 82' lang='lat' dir='ltr'>sciat,</span> <span class='ocrx_word' id='word_1_626' title='bbox 2122 1308 2147 1324; x_wconf 92' lang='lat' dir='ltr'>se</span> 
     </span>
     <span class='ocr_line' id='line_1_123' title="bbox 1425 1339 1635 1366; baseline 0 -5"><span class='ocrx_word' id='word_1_627' title='bbox 1425 1339 1512 1361; x_wconf 89' lang='lat' dir='ltr'>habere</span> <span class='ocrx_word' id='word_1_628' title='bbox 1528 1339 1635 1366; x_wconf 85' lang='lat' dir='ltr'>gratiam.</span> 
     </span>
    </p>

    <p class='ocr_par' dir='ltr' id='par_1_87' title="bbox 1370 1378 2049 1407">
     <span class='ocr_line' id='line_1_124' title="bbox 1370 1378 2049 1407; baseline 0.001 -7"><span class='ocrx_word' id='word_1_629' title='bbox 1370 1379 1411 1400; x_wconf 79' lang='lat'>511</span> <span class='ocrx_word' id='word_1_630' title='bbox 1433 1384 1482 1407; x_wconf 84' lang='lat' dir='ltr'>seq.</span> <span class='ocrx_word' id='word_1_631' title='bbox 1500 1382 1521 1400; x_wconf 88' lang='lat' dir='ltr'>et</span> <span class='ocrx_word' id='word_1_632' title='bbox 1539 1378 1591 1401; x_wconf 80' lang='lat'>514.</span> <span class='ocrx_word' id='word_1_633' title='bbox 1610 1379 1760 1407; x_wconf 83' lang='lat' dir='ltr'>Quaestioues</span> <span class='ocrx_word' id='word_1_634' title='bbox 1777 1378 1836 1401; x_wconf 90' lang='lat' dir='ltr'>circa</span> <span class='ocrx_word' id='word_1_635' title='bbox 1854 1378 1970 1401; x_wconf 87' lang='lat' dir='ltr'>obiectum</span> <span class='ocrx_word' id='word_1_636' title='bbox 1988 1379 2049 1401; x_wconf 79' lang='lat' dir='ltr'>fidei.</span> 
     </span>
    </p>

    <p class='ocr_par' dir='ltr' id='par_1_88' title="bbox 1370 1417 2148 1524">
     <span class='ocr_line' id='line_1_125' title="bbox 1370 1417 2147 1446; baseline 0.001 -6"><span class='ocrx_word' id='word_1_637' title='bbox 1370 1418 1414 1440; x_wconf 87' lang='grc'>519</span> <span class='ocrx_word' id='word_1_638' title='bbox 1433 1424 1480 1446; x_wconf 87' lang='lat' dir='ltr'>seq.</span> <span class='ocrx_word' id='word_1_639' title='bbox 1499 1421 1521 1440; x_wconf 88' lang='lat' dir='ltr'>et</span> <span class='ocrx_word' id='word_1_640' title='bbox 1538 1417 1591 1439; x_wconf 82' lang='lat'>524.</span> <span class='ocrx_word' id='word_1_641' title='bbox 1608 1418 1689 1440; x_wconf 89' lang='lat' dir='ltr'>Utrum</span> <span class='ocrx_word' id='word_1_642' title='bbox 1702 1417 1759 1440; x_wconf 85' lang='lat' dir='ltr'>fides</span> <span class='ocrx_word' id='word_1_643' title='bbox 1771 1417 1798 1440; x_wconf 89' lang='lat' dir='ltr'>sit</span> <span class='ocrx_word' id='word_1_644' title='bbox 1811 1418 1839 1440; x_wconf 79' lang='lat' dir='ltr'>cle</span> <span class='ocrx_word' id='word_1_645' title='bbox 1856 1418 1899 1445; x_wconf 77' lang='grc'>1115,</span> <span class='ocrx_word' id='word_1_646' title='bbox 1911 1418 1940 1440; x_wconf 87' lang='lat' dir='ltr'>de</span> <span class='ocrx_word' id='word_1_647' title='bbox 1952 1417 2038 1446; x_wconf 84' lang='lat' dir='ltr'>quibus</span> <span class='ocrx_word' id='word_1_648' title='bbox 2051 1418 2147 1441; x_wconf 87' lang='lat' dir='ltr'>habetur</span> 
     </span>
     <span class='ocr_line' id='line_1_126' title="bbox 1425 1456 2148 1487; baseline 0.003 -9"><span class='ocrx_word' id='word_1_649' title='bbox 1425 1457 1504 1485; x_wconf 90' lang='lat' dir='ltr'>opinio</span> <span class='ocrx_word' id='word_1_650' title='bbox 1522 1456 1656 1484; x_wconf 77' lang='lat' dir='ltr'>probabilis,</span> <span class='ocrx_word' id='word_1_651' title='bbox 1671 1457 1706 1478; x_wconf 81' lang='lat' dir='ltr'>vel</span> <span class='ocrx_word' id='word_1_652' title='bbox 1722 1456 1819 1479; x_wconf 87' lang='lat' dir='ltr'>habetur</span> <span class='ocrx_word' id='word_1_653' title='bbox 1836 1457 1936 1485; x_wconf 77' lang='lat' dir='ltr'>cognitio</span> <span class='ocrx_word' id='word_1_654' title='bbox 1953 1458 2075 1480; x_wconf 79' lang='lat' dir='ltr'>scientialis</span> <span class='ocrx_word' id='word_1_655' title='bbox 2087 1458 2148 1487; x_wconf 85' lang='lat' dir='ltr'>(con-</span> 
     </span>
     <span class='ocr_line' id='line_1_127' title="bbox 1426 1496 1649 1524; baseline 0 -6"><span class='ocrx_word' id='word_1_656' title='bbox 1426 1498 1458 1518; x_wconf 89' lang='lat' dir='ltr'>tra</span> <span class='ocrx_word' id='word_1_657' title='bbox 1477 1497 1499 1518; x_wconf 83' lang='lat' dir='ltr'>S.</span> <span class='ocrx_word' id='word_1_658' title='bbox 1517 1496 1649 1524; x_wconf 90' lang='lat' dir='ltr'>Thomam).</span> 
     </span>
    </p>

    <p class='ocr_par' dir='ltr' id='par_1_89' title="bbox 1373 1535 2003 1564">
     <span class='ocr_line' id='line_1_128' title="bbox 1373 1535 2003 1564; baseline 0.002 -7"><span class='ocrx_word' id='word_1_659' title='bbox 1373 1535 1418 1557; x_wconf 76' lang='grc'>527</span> <span class='ocrx_word' id='word_1_660' title='bbox 1435 1540 1457 1558; x_wconf 84' lang='grc'>61</span> <span class='ocrx_word' id='word_1_661' title='bbox 1475 1535 1519 1557; x_wconf 83' lang='grc'>538</span> <span class='ocrx_word' id='word_1_662' title='bbox 1537 1541 1585 1564; x_wconf 87' lang='lat' dir='ltr'>seq.</span> <span class='ocrx_word' id='word_1_663' title='bbox 1604 1535 1636 1557; x_wconf 87' lang='lat' dir='ltr'>De</span> <span class='ocrx_word' id='word_1_664' title='bbox 1653 1535 1753 1557; x_wconf 86' lang='lat' dir='ltr'>articulis</span> <span class='ocrx_word' id='word_1_665' title='bbox 1770 1535 1823 1558; x_wconf 90' lang='lat' dir='ltr'>fidei</span> <span class='ocrx_word' id='word_1_666' title='bbox 1842 1538 1864 1557; x_wconf 90' lang='lat' dir='ltr'>et</span> <span class='ocrx_word' id='word_1_667' title='bbox 1880 1535 2003 1563; x_wconf 81' lang='lat' dir='ltr'>symbolis.</span> 
     </span>
    </p>

    <p class='ocr_par' dir='ltr' id='par_1_90' title="bbox 1371 1576 2148 1638">
     <span class='ocr_line' id='line_1_129' title="bbox 1371 1576 2148 1606; baseline 0.001 -8"><span class='ocrx_word' id='word_1_668' title='bbox 1371 1576 1424 1598; x_wconf 86' lang='lat'>542.</span> <span class='ocrx_word' id='word_1_669' title='bbox 1443 1576 1474 1598; x_wconf 88' lang='lat' dir='ltr'>De</span> <span class='ocrx_word' id='word_1_670' title='bbox 1500 1576 1604 1604; x_wconf 83' lang='lat' dir='ltr'>explicite</span> <span class='ocrx_word' id='word_1_671' title='bbox 1630 1576 1752 1599; x_wconf 85' lang='lat' dir='ltr'>credendis</span> <span class='ocrx_word' id='word_1_672' title='bbox 1777 1579 1799 1598; x_wconf 93' lang='lat' dir='ltr'>et</span> <span class='ocrx_word' id='word_1_673' title='bbox 1824 1577 1959 1599; x_wconf 84' lang='lat' dir='ltr'>necessitate</span> <span class='ocrx_word' id='word_1_674' title='bbox 1982 1576 2102 1606; x_wconf 73' lang='lat' dir='ltr'>praecepti</span> <span class='ocrx_word' id='word_1_675' title='bbox 2126 1580 2148 1599; x_wconf 89' lang='lat' dir='ltr'>et</span> 
     </span>
     <span class='ocr_line' id='line_1_130' title="bbox 1425 1614 1503 1638; baseline 0 -1"><span class='ocrx_word' id='word_1_676' title='bbox 1425 1614 1503 1638; x_wconf 77' lang='lat' dir='ltr'>medii.</span> 
     </span>
    </p>

    <p class='ocr_par' dir='ltr' id='par_1_91' title="bbox 1370 1653 2147 1682">
     <span class='ocr_line' id='line_1_131' title="bbox 1370 1653 2147 1682; baseline 0.001 -7"><span class='ocrx_word' id='word_1_677' title='bbox 1370 1653 1423 1675; x_wconf 94' lang='lat'>547.</span> <span class='ocrx_word' id='word_1_678' title='bbox 1437 1654 1560 1682; x_wconf 86' lang='lat' dir='ltr'>Quomodo</span> <span class='ocrx_word' id='word_1_679' title='bbox 1574 1654 1674 1676; x_wconf 88' lang='lat' dir='ltr'>creverit</span> <span class='ocrx_word' id='word_1_680' title='bbox 1686 1659 1796 1676; x_wconf 86' lang='lat' dir='ltr'>numerus</span> <span class='ocrx_word' id='word_1_681' title='bbox 1808 1653 1956 1676; x_wconf 85' lang='lat' dir='ltr'>articulorum</span> <span class='ocrx_word' id='word_1_682' title='bbox 1969 1654 2147 1677; x_wconf 86' lang='lat' dir='ltr'>credendorum.</span> 
     </span>
    </p>

    <p class='ocr_par' dir='ltr' id='par_1_92' title="bbox 1372 1692 2136 1720">
     <span class='ocr_line' id='line_1_132' title="bbox 1372 1692 2136 1720; baseline 0.001 -6"><span class='ocrx_word' id='word_1_683' title='bbox 1372 1693 1425 1715; x_wconf 83' lang='lat'>558.</span> <span class='ocrx_word' id='word_1_684' title='bbox 1444 1693 1474 1714; x_wconf 90' lang='lat' dir='ltr'>De</span> <span class='ocrx_word' id='word_1_685' title='bbox 1492 1692 1576 1714; x_wconf 82' lang='lat' dir='ltr'>virtute</span> <span class='ocrx_word' id='word_1_686' title='bbox 1593 1692 1642 1720; x_wconf 86' lang='lat' dir='ltr'>spei</span> <span class='ocrx_word' id='word_1_687' title='bbox 1661 1694 1682 1715; x_wconf 78' lang='lat' dir='ltr'>et</span> <span class='ocrx_word' id='word_1_688' title='bbox 1699 1693 1748 1715; x_wconf 86' lang='lat' dir='ltr'>eius</span> <span class='ocrx_word' id='word_1_689' title='bbox 1765 1692 1855 1715; x_wconf 88' lang='lat' dir='ltr'>obiecto</span> <span class='ocrx_word' id='word_1_690' title='bbox 1874 1693 1984 1715; x_wconf 79' lang='lat' dir='ltr'>materiali</span> <span class='ocrx_word' id='word_1_691' title='bbox 2001 1695 2023 1715; x_wconf 91' lang='lat' dir='ltr'>et</span> <span class='ocrx_word' id='word_1_692' title='bbox 2040 1693 2136 1715; x_wconf 80' lang='lat' dir='ltr'>formali.</span> 
     </span>
    </p>

    <p class='ocr_par' dir='ltr' id='par_1_93' title="bbox 1371 1731 2032 1760">
     <span class='ocr_line' id='line_1_133' title="bbox 1371 1731 2032 1760; baseline 0.002 -7"><span class='ocrx_word' id='word_1_693' title='bbox 1371 1732 1416 1753; x_wconf 90' lang='grc'>569</span> <span class='ocrx_word' id='word_1_694' title='bbox 1433 1734 1456 1753; x_wconf 87' lang='grc'>61</span> <span class='ocrx_word' id='word_1_695' title='bbox 1473 1731 1525 1753; x_wconf 85' lang='lat'>571.</span> <span class='ocrx_word' id='word_1_696' title='bbox 1543 1731 1607 1754; x_wconf 88' lang='lat' dir='ltr'>Circa</span> <span class='ocrx_word' id='word_1_697' title='bbox 1626 1732 1799 1759; x_wconf 85' lang='lat' dir='ltr'>certitudinem,</span> <span class='ocrx_word' id='word_1_698' title='bbox 1816 1738 1876 1760; x_wconf 87' lang='lat' dir='ltr'>quae</span> <span class='ocrx_word' id='word_1_699' title='bbox 1893 1735 1927 1754; x_wconf 80' lang='lat' dir='ltr'>est</span> <span class='ocrx_word' id='word_1_700' title='bbox 1944 1732 1966 1754; x_wconf 91' lang='lat' dir='ltr'>in</span> <span class='ocrx_word' id='word_1_701' title='bbox 1983 1738 2032 1760; x_wconf 88' lang='lat' dir='ltr'>spe.</span> 
     </span>
    </p>

    <p class='ocr_par' dir='ltr' id='par_1_94' title="bbox 1371 1770 2170 1833">
     <span class='ocr_line' id='line_1_134' title="bbox 1371 1770 2147 1800; baseline 0.001 -7"><span class='ocrx_word' id='word_1_702' title='bbox 1371 1771 1424 1793; x_wconf 82' lang='lat'>578.</span> <span class='ocrx_word' id='word_1_703' title='bbox 1443 1772 1531 1794; x_wconf 83' lang='lat' dir='ltr'>Bonum</span> <span class='ocrx_word' id='word_1_704' title='bbox 1549 1770 1593 1793; x_wconf 89' lang='lat' dir='ltr'>sub</span> <span class='ocrx_word' id='word_1_705' title='bbox 1610 1772 1698 1793; x_wconf 84' lang='lat' dir='ltr'>ratione</span> <span class='ocrx_word' id='word_1_706' title='bbox 1715 1770 1789 1794; x_wconf 74' lang='lat' dir='ltr'>ardui</span> <span class='ocrx_word' id='word_1_707' title='bbox 1804 1774 1838 1793; x_wconf 89' lang='lat' dir='ltr'>est</span> <span class='ocrx_word' id='word_1_708' title='bbox 1855 1771 1971 1794; x_wconf 83' lang='lat' dir='ltr'>obiectum</span> <span class='ocrx_word' id='word_1_709' title='bbox 1989 1771 2046 1800; x_wconf 86' lang='lat' dir='ltr'>spei,</span> <span class='ocrx_word' id='word_1_710' title='bbox 2062 1774 2084 1794; x_wconf 87' lang='lat' dir='ltr'>et</span> <span class='ocrx_word' id='word_1_711' title='bbox 2101 1772 2147 1794; x_wconf 87' lang='lat' dir='ltr'>duo</span> 
     </span>
     <span class='ocr_line' id='line_1_135' title="bbox 1425 1804 2170 1833; baseline 0 0"><span class='ocrx_word' id='word_1_712' title='bbox 1425 1813 1479 1833; x_wconf 86' lang='lat' dir='ltr'>sunt</span> <span class='ocrx_word' id='word_1_713' title='bbox 1495 1811 1545 1833; x_wconf 90' lang='lat' dir='ltr'>eius</span> <span class='ocrx_word' id='word_1_714' title='bbox 1562 1813 1633 1833; x_wconf 77' lang='lat' dir='ltr'>actus.</span> <span class='ocrx_word' id='word_1_715' title='bbox 2167 1804 2170 1808; x_wconf 64' lang='grc'><strong>”</strong></span> 
     </span>
    </p>

    <p class='ocr_par' dir='ltr' id='par_1_95' title="bbox 1371 1850 2149 1911">
     <span class='ocr_line' id='line_1_136' title="bbox 1371 1850 2149 1878; baseline 0 -6"><span class='ocrx_word' id='word_1_716' title='bbox 1371 1850 1424 1872; x_wconf 79' lang='lat'>581.</span> <span class='ocrx_word' id='word_1_717' title='bbox 1442 1851 1466 1872; x_wconf 91' lang='lat' dir='ltr'>ln</span> <span class='ocrx_word' id='word_1_718' title='bbox 1483 1850 1600 1872; x_wconf 82' lang='lat' dir='ltr'>voluntate</span> <span class='ocrx_word' id='word_1_719' title='bbox 1616 1850 1720 1872; x_wconf 81' lang='lat' dir='ltr'>rationali</span> <span class='ocrx_word' id='word_1_720' title='bbox 1738 1850 1888 1878; x_wconf 84' lang='lat' dir='ltr'>distinguitur</span> <span class='ocrx_word' id='word_1_721' title='bbox 1905 1850 1941 1872; x_wconf 80' lang='lat' dir='ltr'>vis</span> <span class='ocrx_word' id='word_1_722' title='bbox 1963 1850 2149 1878; x_wconf 81' lang='lat' dir='ltr'>concupiscibilis</span> 
     </span>
     <span class='ocr_line' id='line_1_137' title="bbox 1426 1888 1592 1911; baseline 0 0"><span class='ocrx_word' id='word_1_723' title='bbox 1426 1892 1448 1911; x_wconf 87' lang='lat' dir='ltr'>et</span> <span class='ocrx_word' id='word_1_724' title='bbox 1464 1888 1592 1911; x_wconf 76' lang='lat' dir='ltr'>irascibilis.</span> 
     </span>
    </p>

    <p class='ocr_par' dir='ltr' id='par_1_96' title="bbox 1371 1925 2149 2029">
     <span class='ocr_line' id='line_1_138' title="bbox 1371 1925 2149 1957; baseline 0 -7"><span class='ocrx_word' id='word_1_725' title='bbox 1371 1928 1416 1950; x_wconf 87' lang='lat'>598</span> <span class='ocrx_word' id='word_1_726' title='bbox 1434 1934 1482 1957; x_wconf 78' lang='lat' dir='ltr'>seq.</span> <span class='ocrx_word' id='word_1_727' title='bbox 1500 1929 1580 1950; x_wconf 79' lang='lat' dir='ltr'>Utrum</span> <span class='ocrx_word' id='word_1_728' title='bbox 1600 1925 1755 1956; x_wconf 81' lang='lat' dir='ltr'>distinguatur</span> <span class='ocrx_word' id='word_1_729' title='bbox 1772 1928 1855 1951; x_wconf 84' lang='lat' dir='ltr'>caritas</span> <span class='ocrx_word' id='word_1_730' title='bbox 1866 1934 1877 1950; x_wconf 92' lang='lat' dir='ltr'>a</span> <span class='ocrx_word' id='word_1_731' title='bbox 1891 1929 1963 1956; x_wconf 81' lang='lat' dir='ltr'>gratia</span> <span class='ocrx_word' id='word_1_732' title='bbox 1981 1928 2149 1955; x_wconf 84' lang='lat' dir='ltr'>sanctificante,</span> 
     </span>
     <span class='ocr_line' id='line_1_139' title="bbox 1427 1967 2148 1995; baseline 0 -5"><span class='ocrx_word' id='word_1_733' title='bbox 1427 1970 1448 1990; x_wconf 86' lang='lat' dir='ltr'>et</span> <span class='ocrx_word' id='word_1_734' title='bbox 1465 1967 1494 1990; x_wconf 91' lang='lat' dir='ltr'>de</span> <span class='ocrx_word' id='word_1_735' title='bbox 1517 1967 1603 1995; x_wconf 88' lang='lat' dir='ltr'>duplici</span> <span class='ocrx_word' id='word_1_736' title='bbox 1629 1974 1721 1995; x_wconf 83' lang='lat' dir='ltr'>amore,</span> <span class='ocrx_word' id='word_1_737' title='bbox 1739 1968 1786 1990; x_wconf 89' lang='lat' dir='ltr'>scil.</span> <span class='ocrx_word' id='word_1_738' title='bbox 1811 1968 1908 1990; x_wconf 91' lang='lat' dir='ltr'>naturali</span> <span class='ocrx_word' id='word_1_739' title='bbox 1934 1970 1956 1990; x_wconf 91' lang='lat' dir='ltr'>et</span> <span class='ocrx_word' id='word_1_740' title='bbox 1979 1968 2148 1995; x_wconf 82' lang='lat' dir='ltr'>supernaturali</span> 
     </span>
     <span class='ocr_line' id='line_1_140' title="bbox 1426 2007 1610 2029; baseline -0.005 0"><span class='ocrx_word' id='word_1_741' title='bbox 1426 2010 1504 2029; x_wconf 84' lang='lat' dir='ltr'>contra</span> <span class='ocrx_word' id='word_1_742' title='bbox 1524 2007 1610 2029; x_wconf 86' lang='lat' dir='ltr'>Baium.</span> 
     </span>
    </p>

    <p class='ocr_par' dir='ltr' id='par_1_97' title="bbox 1372 2046 2150 2113">
     <span class='ocr_line' id='line_1_141' title="bbox 1372 2046 2150 2074; baseline 0 -6"><span class='ocrx_word' id='word_1_743' title='bbox 1372 2046 1426 2068; x_wconf 86' lang='lat'>605.</span> <span class='ocrx_word' id='word_1_744' title='bbox 1443 2046 1475 2068; x_wconf 92' lang='lat' dir='ltr'>De</span> <span class='ocrx_word' id='word_1_745' title='bbox 1493 2046 1574 2068; x_wconf 85' lang='lat' dir='ltr'>merito</span> <span class='ocrx_word' id='word_1_746' title='bbox 1592 2048 1685 2068; x_wconf 88' lang='lat' dir='ltr'>actuum</span> <span class='ocrx_word' id='word_1_747' title='bbox 1704 2046 1814 2074; x_wconf 81' lang='lat' dir='ltr'>cai-itatis,</span> <span class='ocrx_word' id='word_1_748' title='bbox 1827 2048 1849 2068; x_wconf 90' lang='lat' dir='ltr'>et</span> <span class='ocrx_word' id='word_1_749' title='bbox 1861 2048 1937 2068; x_wconf 88' lang='lat' dir='ltr'>utrum</span> <span class='ocrx_word' id='word_1_750' title='bbox 1951 2046 2032 2068; x_wconf 85' lang='lat' dir='ltr'>caritas</span> <span class='ocrx_word' id='word_1_751' title='bbox 2044 2046 2150 2068; x_wconf 81' lang='lat' dir='ltr'>excludat</span> 
     </span>
     <span class='ocr_line' id='line_1_142' title="bbox 1427 2085 1762 2113; baseline -0.003 -6"><span class='ocrx_word' id='word_1_752' title='bbox 1427 2088 1558 2113; x_wconf 83' lang='lat' dir='ltr'>respectum</span> <span class='ocrx_word' id='word_1_753' title='bbox 1576 2085 1604 2107; x_wconf 91' lang='lat' dir='ltr'>ad</span> <span class='ocrx_word' id='word_1_754' title='bbox 1623 2085 1762 2107; x_wconf 83' lang='lat' dir='ltr'>mercedem.</span> 
     </span>
    </p>

    <p class='ocr_par' dir='ltr' id='par_1_98' title="bbox 1372 2124 2149 2186">
     <span class='ocr_line' id='line_1_143' title="bbox 1372 2124 2149 2152; baseline 0 -6"><span class='ocrx_word' id='word_1_755' title='bbox 1372 2124 1426 2146; x_wconf 84' lang='lat'>624.</span> <span class='ocrx_word' id='word_1_756' title='bbox 1443 2124 1582 2152; x_wconf 84' lang='lat' dir='ltr'>Opiniones,</span> <span class='ocrx_word' id='word_1_757' title='bbox 1606 2126 1682 2146; x_wconf 89' lang='lat' dir='ltr'>utrum</span> <span class='ocrx_word' id='word_1_758' title='bbox 1709 2127 1827 2146; x_wconf 86' lang='lat' dir='ltr'>creaturae</span> <span class='ocrx_word' id='word_1_759' title='bbox 1853 2124 1993 2146; x_wconf 79' lang='lat' dir='ltr'>irrationales</span> <span class='ocrx_word' id='word_1_760' title='bbox 2018 2124 2149 2152; x_wconf 78' lang='lat' dir='ltr'>diligendae</span> 
     </span>
     <span class='ocr_line' id='line_1_144' title="bbox 1427 2163 1630 2186; baseline 0 -1"><span class='ocrx_word' id='word_1_761' title='bbox 1427 2163 1471 2185; x_wconf 89' lang='lat' dir='ltr'>sint</span> <span class='ocrx_word' id='word_1_762' title='bbox 1488 2169 1514 2186; x_wconf 81' lang='lat' dir='ltr'>ex</span> <span class='ocrx_word' id='word_1_763' title='bbox 1531 2163 1630 2186; x_wconf 87' lang='lat' dir='ltr'>caritate.</span> 
     </span>
    </p>

    <p class='ocr_par' dir='ltr' id='par_1_99' title="bbox 1372 2201 2150 2269">
     <span class='ocr_line' id='line_1_145' title="bbox 1372 2201 2150 2230; baseline 0 -6"><span class='ocrx_word' id='word_1_764' title='bbox 1372 2202 1412 2224; x_wconf 88' lang='lat'>641</span> <span class='ocrx_word' id='word_1_765' title='bbox 1435 2208 1491 2230; x_wconf 86' lang='lat' dir='ltr'>seq.‚</span> <span class='ocrx_word' id='word_1_766' title='bbox 1509 2202 1553 2224; x_wconf 83' lang='lat'>647</span> <span class='ocrx_word' id='word_1_767' title='bbox 1570 2205 1592 2224; x_wconf 90' lang='lat' dir='ltr'>et</span> <span class='ocrx_word' id='word_1_768' title='bbox 1609 2201 1663 2224; x_wconf 84' lang='grc'>649.</span> <span class='ocrx_word' id='word_1_769' title='bbox 1680 2202 1713 2224; x_wconf 93' lang='lat' dir='ltr'>De</span> <span class='ocrx_word' id='word_1_770' title='bbox 1730 2201 1811 2224; x_wconf 85' lang='lat' dir='ltr'>ordine</span> <span class='ocrx_word' id='word_1_771' title='bbox 1829 2202 1850 2224; x_wconf 90' lang='lat' dir='ltr'>in</span> <span class='ocrx_word' id='word_1_772' title='bbox 1868 2202 1961 2224; x_wconf 87' lang='lat' dir='ltr'>caritate</span> <span class='ocrx_word' id='word_1_773' title='bbox 1978 2204 2084 2230; x_wconf 86' lang='lat' dir='ltr'>respectu</span> <span class='ocrx_word' id='word_1_774' title='bbox 2101 2202 2150 2225; x_wconf 90' lang='lat' dir='ltr'>dili-</span> 
     </span>
     <span class='ocr_line' id='line_1_146' title="bbox 1427 2241 1567 2269; baseline 0 -6"><span class='ocrx_word' id='word_1_775' title='bbox 1427 2241 1567 2269; x_wconf 86' lang='lat' dir='ltr'>gendorum.</span> 
     </span>
    </p>

    <p class='ocr_par' dir='ltr' id='par_1_100' title="bbox 1373 2279 2149 2342">
     <span class='ocr_line' id='line_1_147' title="bbox 1373 2279 2149 2309; baseline 0 -7"><span class='ocrx_word' id='word_1_776' title='bbox 1373 2281 1425 2302; x_wconf 82' lang='lat'>659.</span> <span class='ocrx_word' id='word_1_777' title='bbox 1444 2281 1494 2309; x_wconf 88' lang='lat' dir='ltr'>Quo</span> <span class='ocrx_word' id='word_1_778' title='bbox 1517 2286 1585 2302; x_wconf 87' lang='lat' dir='ltr'>sensu</span> <span class='ocrx_word' id='word_1_779' title='bbox 1610 2280 1705 2302; x_wconf 89' lang='lat' dir='ltr'>minima</span> <span class='ocrx_word' id='word_1_780' title='bbox 1729 2280 1811 2303; x_wconf 86' lang='lat' dir='ltr'>caritas</span> <span class='ocrx_word' id='word_1_781' title='bbox 1833 2280 1905 2308; x_wconf 89' lang='lat' dir='ltr'>possit</span> <span class='ocrx_word' id='word_1_782' title='bbox 1927 2280 2034 2303; x_wconf 86' lang='lat' dir='ltr'>resistere</span> <span class='ocrx_word' id='word_1_783' title='bbox 2056 2279 2149 2302; x_wconf 83' lang='lat' dir='ltr'>cuilibet</span> 
     </span>
     <span class='ocr_line' id='line_1_148' title="bbox 1428 2319 1554 2342; baseline 0 -1"><span class='ocrx_word' id='word_1_784' title='bbox 1428 2319 1554 2342; x_wconf 87' lang='lat' dir='ltr'>tentationi.</span> 
     </span>
    </p>

    <p class='ocr_par' dir='ltr' id='par_1_101' title="bbox 1373 2359 1743 2381">
     <span class='ocr_line' id='line_1_149' title="bbox 1373 2359 1743 2381; baseline -0.003 0"><span class='ocrx_word' id='word_1_785' title='bbox 1373 2359 1425 2381; x_wconf 84' lang='lat'>665.</span> <span class='ocrx_word' id='word_1_786' title='bbox 1444 2359 1475 2381; x_wconf 91' lang='lat' dir='ltr'>De</span> <span class='ocrx_word' id='word_1_787' title='bbox 1492 2365 1571 2381; x_wconf 85' lang='lat' dir='ltr'>amore</span> <span class='ocrx_word' id='word_1_788' title='bbox 1588 2359 1743 2380; x_wconf 87' lang='lat' dir='ltr'>inimicorum.</span> 
     </span>
    </p>

    <p class='ocr_par' dir='ltr' id='par_1_102' title="bbox 1373 2397 1829 2425">
     <span class='ocr_line' id='line_1_150' title="bbox 1373 2397 1829 2425; baseline 0 -6"><span class='ocrx_word' id='word_1_789' title='bbox 1373 2398 1424 2419; x_wconf 77' lang='grc'>683.</span> <span class='ocrx_word' id='word_1_790' title='bbox 1444 2398 1476 2420; x_wconf 88' lang='lat' dir='ltr'>De</span> <span class='ocrx_word' id='word_1_791' title='bbox 1493 2398 1645 2420; x_wconf 75' lang='lat' dir='ltr'>evacuatione</span> <span class='ocrx_word' id='word_1_792' title='bbox 1662 2397 1715 2420; x_wconf 86' lang='lat' dir='ltr'>fidei</span> <span class='ocrx_word' id='word_1_793' title='bbox 1733 2400 1755 2419; x_wconf 89' lang='lat' dir='ltr'>et</span> <span class='ocrx_word' id='word_1_794' title='bbox 1772 2397 1829 2425; x_wconf 89' lang='lat' dir='ltr'>spei.</span> 
     </span>
    </p>

    <p class='ocr_par' dir='ltr' id='par_1_103' title="bbox 1373 2436 2065 2464">
     <span class='ocr_line' id='line_1_151' title="bbox 1373 2436 2065 2464; baseline 0 -6"><span class='ocrx_word' id='word_1_795' title='bbox 1373 2437 1426 2459; x_wconf 88' lang='lat'>690.</span> <span class='ocrx_word' id='word_1_796' title='bbox 1443 2437 1530 2459; x_wconf 89' lang='lat' dir='ltr'>Caritas</span> <span class='ocrx_word' id='word_1_797' title='bbox 1548 2438 1569 2458; x_wconf 91' lang='lat' dir='ltr'>in</span> <span class='ocrx_word' id='word_1_798' title='bbox 1587 2437 1659 2464; x_wconf 87' lang='lat' dir='ltr'>patria</span> <span class='ocrx_word' id='word_1_799' title='bbox 1677 2443 1724 2459; x_wconf 90' lang='lat' dir='ltr'>non</span> <span class='ocrx_word' id='word_1_800' title='bbox 1742 2439 1875 2463; x_wconf 83' lang='lat' dir='ltr'>evacuatur,</span> <span class='ocrx_word' id='word_1_801' title='bbox 1892 2436 1932 2459; x_wconf 87' lang='lat' dir='ltr'>sed</span> <span class='ocrx_word' id='word_1_802' title='bbox 1951 2436 2065 2459; x_wconf 86' lang='lat' dir='ltr'>dilatatur.</span> 
     </span>
    </p>

    <p class='ocr_par' dir='ltr' id='par_1_104' title="bbox 1372 2475 2148 2536">
     <span class='ocr_line' id='line_1_152' title="bbox 1372 2475 2148 2504; baseline 0 -7"><span class='ocrx_word' id='word_1_803' title='bbox 1372 2476 1417 2497; x_wconf 77' lang='lat'>718</span> <span class='ocrx_word' id='word_1_804' title='bbox 1435 2481 1484 2504; x_wconf 87' lang='lat' dir='ltr'>seq.</span> <span class='ocrx_word' id='word_1_805' title='bbox 1502 2476 1620 2503; x_wconf 89' lang='lat' dir='ltr'>Quatenus</span> <span class='ocrx_word' id='word_1_806' title='bbox 1637 2475 1734 2497; x_wconf 86' lang='lat' dir='ltr'>virtutes</span> <span class='ocrx_word' id='word_1_807' title='bbox 1751 2475 1880 2498; x_wconf 87' lang='lat' dir='ltr'>cardinales</span> <span class='ocrx_word' id='word_1_808' title='bbox 1891 2475 1968 2497; x_wconf 88' lang='lat' dir='ltr'>sintin</span> <span class='ocrx_word' id='word_1_809' title='bbox 1982 2477 2046 2503; x_wconf 90' lang='lat' dir='ltr'>parte</span> <span class='ocrx_word' id='word_1_810' title='bbox 2058 2475 2148 2497; x_wconf 89' lang='lat' dir='ltr'>animae</span> 
     </span>
     <span class='ocr_line' id='line_1_153' title="bbox 1427 2514 1536 2536; baseline 0 0"><span class='ocrx_word' id='word_1_811' title='bbox 1427 2514 1536 2536; x_wconf 77' lang='lat' dir='ltr'>inferiori.</span> 
     </span>
    </p>

    <p class='ocr_par' dir='ltr' id='par_1_105' title="bbox 1372 2553 2148 2614">
     <span class='ocr_line' id='line_1_154' title="bbox 1372 2553 2148 2582; baseline 0 -7"><span class='ocrx_word' id='word_1_812' title='bbox 1372 2553 1418 2575; x_wconf 86' lang='grc'>725</span> <span class='ocrx_word' id='word_1_813' title='bbox 1435 2559 1499 2582; x_wconf 89' lang='lat' dir='ltr'>seqq.</span> <span class='ocrx_word' id='word_1_814' title='bbox 1519 2553 1583 2575; x_wconf 75' lang='lat' dir='ltr'>Plura</span> <span class='ocrx_word' id='word_1_815' title='bbox 1601 2553 1631 2575; x_wconf 89' lang='lat' dir='ltr'>de</span> <span class='ocrx_word' id='word_1_816' title='bbox 1647 2553 1804 2576; x_wconf 79' lang='lat' dir='ltr'>controversia</span> <span class='ocrx_word' id='word_1_817' title='bbox 1821 2553 1880 2575; x_wconf 83' lang='lat' dir='ltr'>circa</span> <span class='ocrx_word' id='word_1_818' title='bbox 1902 2553 1999 2576; x_wconf 84' lang='lat' dir='ltr'>virtutes</span> <span class='ocrx_word' id='word_1_819' title='bbox 2021 2553 2148 2575; x_wconf 84' lang='lat' dir='ltr'>cardinales</span> 
     </span>
     <span class='ocr_line' id='line_1_155' title="bbox 1429 2593 1522 2614; baseline 0 0"><span class='ocrx_word' id='word_1_820' title='bbox 1429 2593 1522 2614; x_wconf 85' lang='lat' dir='ltr'>infusas.</span> 
     </span>
    </p>

    <p class='ocr_par' dir='ltr' id='par_1_106' title="bbox 1372 2631 2147 2659">
     <span class='ocr_line' id='line_1_156' title="bbox 1372 2631 2147 2659; baseline 0 -6"><span class='ocrx_word' id='word_1_821' title='bbox 1372 2632 1424 2653; x_wconf 86' lang='lat'>739.</span> <span class='ocrx_word' id='word_1_822' title='bbox 1439 2631 1609 2659; x_wconf 86' lang='lat' dir='ltr'>Disputationes</span> <span class='ocrx_word' id='word_1_823' title='bbox 1619 2631 1678 2653; x_wconf 87' lang='lat' dir='ltr'>circa</span> <span class='ocrx_word' id='word_1_824' title='bbox 1688 2631 1858 2653; x_wconf 88' lang='lat' dir='ltr'>distinctionem</span> <span class='ocrx_word' id='word_1_825' title='bbox 1869 2631 1979 2654; x_wconf 86' lang='lat' dir='ltr'>virtutum</span> <span class='ocrx_word' id='word_1_826' title='bbox 1993 2634 2014 2653; x_wconf 93' lang='lat' dir='ltr'>et</span> <span class='ocrx_word' id='word_1_827' title='bbox 2023 2631 2147 2654; x_wconf 88' lang='lat' dir='ltr'>donorum.</span> 
     </span>
    </p>

    <p class='ocr_par' dir='ltr' id='par_1_107' title="bbox 1372 2670 1675 2692">
     <span class='ocr_line' id='line_1_157' title="bbox 1372 2670 1675 2692; baseline -0.003 0"><span class='ocrx_word' id='word_1_828' title='bbox 1372 2670 1425 2692; x_wconf 86' lang='lat'>757.</span> <span class='ocrx_word' id='word_1_829' title='bbox 1443 2670 1476 2692; x_wconf 87' lang='lat' dir='ltr'>De</span> <span class='ocrx_word' id='word_1_830' title='bbox 1493 2670 1575 2692; x_wconf 89' lang='lat' dir='ltr'>timore</span> <span class='ocrx_word' id='word_1_831' title='bbox 1592 2670 1675 2692; x_wconf 85' lang='lat' dir='ltr'>servili.</span> 
     </span>
    </p>

    <p class='ocr_par' dir='ltr' id='par_1_108' title="bbox 1371 2709 2016 2737">
     <span class='ocr_line' id='line_1_158' title="bbox 1371 2709 2016 2737; baseline 0 -6"><span class='ocrx_word' id='word_1_832' title='bbox 1371 2709 1425 2731; x_wconf 80' lang='lat'>777.</span> <span class='ocrx_word' id='word_1_833' title='bbox 1444 2709 1475 2731; x_wconf 88' lang='lat' dir='ltr'>De</span> <span class='ocrx_word' id='word_1_834' title='bbox 1492 2709 1636 2737; x_wconf 85' lang='lat' dir='ltr'>quadruplici</span> <span class='ocrx_word' id='word_1_835' title='bbox 1655 2709 1766 2737; x_wconf 88' lang='lat' dir='ltr'>sapientia</span> <span class='ocrx_word' id='word_1_836' title='bbox 1784 2712 1806 2731; x_wconf 90' lang='lat' dir='ltr'>et</span> <span class='ocrx_word' id='word_1_837' title='bbox 1822 2710 1884 2732; x_wconf 87' lang='lat' dir='ltr'>dono</span> <span class='ocrx_word' id='word_1_838' title='bbox 1901 2709 2016 2732; x_wconf 84' lang='lat' dir='ltr'>scientiae.</span> 
     </span>
    </p>

    <p class='ocr_par' dir='ltr' id='par_1_109' title="bbox 1372 2748 1814 2776">
     <span class='ocr_line' id='line_1_159' title="bbox 1372 2748 1814 2776; baseline 0 -6"><span class='ocrx_word' id='word_1_839' title='bbox 1372 2748 1424 2770; x_wconf 83' lang='grc'>784,</span> <span class='ocrx_word' id='word_1_840' title='bbox 1443 2748 1476 2770; x_wconf 91' lang='lat' dir='ltr'>De</span> <span class='ocrx_word' id='word_1_841' title='bbox 1492 2748 1579 2776; x_wconf 84' lang='lat' dir='ltr'>duplici</span> <span class='ocrx_word' id='word_1_842' title='bbox 1596 2751 1648 2770; x_wconf 78' lang='lat' dir='ltr'>actu</span> <span class='ocrx_word' id='word_1_843' title='bbox 1666 2748 1814 2771; x_wconf 79' lang='lat' dir='ltr'>fortitudinis.</span> 
     </span>
    </p>

    <p class='ocr_par' dir='ltr' id='par_1_110' title="bbox 1372 2787 2147 2849">
     <span class='ocr_line' id='line_1_160' title="bbox 1372 2787 2147 2816; baseline 0.001 -7"><span class='ocrx_word' id='word_1_844' title='bbox 1372 2787 1417 2809; x_wconf 86' lang='lat'>793</span> <span class='ocrx_word' id='word_1_845' title='bbox 1435 2790 1457 2809; x_wconf 92' lang='lat' dir='ltr'>et</span> <span class='ocrx_word' id='word_1_846' title='bbox 1473 2787 1526 2809; x_wconf 87' lang='lat'>799.</span> <span class='ocrx_word' id='word_1_847' title='bbox 1546 2787 1577 2809; x_wconf 88' lang='lat' dir='ltr'>De</span> <span class='ocrx_word' id='word_1_848' title='bbox 1594 2787 1735 2810; x_wconf 81' lang='lat' dir='ltr'>connexione</span> <span class='ocrx_word' id='word_1_849' title='bbox 1753 2788 1864 2810; x_wconf 89' lang='lat' dir='ltr'>virtutum</span> <span class='ocrx_word' id='word_1_850' title='bbox 1878 2788 2028 2815; x_wconf 76' lang='lat' dir='ltr'>gratuitarum</span> <span class='ocrx_word' id='word_1_851' title='bbox 2042 2790 2063 2810; x_wconf 85' lang='lat' dir='ltr'>et</span> <span class='ocrx_word' id='word_1_852' title='bbox 2075 2787 2147 2816; x_wconf 88' lang='lat' dir='ltr'>politi-</span> 
     </span>
     <span class='ocr_line' id='line_1_161' title="bbox 1426 2832 1515 2849; baseline -0.011 0"><span class='ocrx_word' id='word_1_853' title='bbox 1426 2832 1515 2849; x_wconf 86' lang='lat' dir='ltr'>carum.</span> 
     </span>
    </p>

    <p class='ocr_par' dir='ltr' id='par_1_111' title="bbox 1373 2865 1962 2894">
     <span class='ocr_line' id='line_1_162' title="bbox 1373 2865 1962 2894; baseline 0 -6"><span class='ocrx_word' id='word_1_854' title='bbox 1373 2865 1426 2888; x_wconf 86' lang='lat'>804.</span> <span class='ocrx_word' id='word_1_855' title='bbox 1443 2865 1568 2894; x_wconf 86' lang='lat' dir='ltr'>Opiniones</span> <span class='ocrx_word' id='word_1_856' title='bbox 1585 2866 1644 2888; x_wconf 83' lang='lat' dir='ltr'>circa</span> <span class='ocrx_word' id='word_1_857' title='bbox 1663 2866 1823 2894; x_wconf 83' lang='lat' dir='ltr'>aequalitatem</span> <span class='ocrx_word' id='word_1_858' title='bbox 1842 2866 1962 2889; x_wconf 85' lang='lat' dir='ltr'>virtutum.</span> 
     </span>
    </p>

    <p class='ocr_par' dir='ltr' id='par_1_112' title="bbox 1373 2905 2147 2972">
     <span class='ocr_line' id='line_1_163' title="bbox 1373 2905 2147 2933; baseline 0 -6"><span class='ocrx_word' id='word_1_859' title='bbox 1373 2906 1425 2927; x_wconf 87' lang='lat'>817.</span> <span class='ocrx_word' id='word_1_860' title='bbox 1443 2905 1568 2933; x_wconf 90' lang='lat' dir='ltr'>Opiniones</span> <span class='ocrx_word' id='word_1_861' title='bbox 1586 2905 1645 2927; x_wconf 87' lang='lat' dir='ltr'>circa</span> <span class='ocrx_word' id='word_1_862' title='bbox 1662 2905 1835 2933; x_wconf 83' lang='lat' dir='ltr'>quaestionem,</span> <span class='ocrx_word' id='word_1_863' title='bbox 1852 2908 1928 2928; x_wconf 92' lang='lat' dir='ltr'>utrum</span> <span class='ocrx_word' id='word_1_864' title='bbox 1946 2905 1968 2927; x_wconf 95' lang='lat' dir='ltr'>in</span> <span class='ocrx_word' id='word_1_865' title='bbox 1986 2905 2147 2933; x_wconf 88' lang='lat' dir='ltr'>adimpletione</span> 
     </span>
     <span class='ocr_line' id='line_1_164' title="bbox 1428 2944 2102 2972; baseline 0 -6"><span class='ocrx_word' id='word_1_866' title='bbox 1428 2945 1590 2967; x_wconf 86' lang='lat' dir='ltr'>mandatorum</span> <span class='ocrx_word' id='word_1_867' title='bbox 1609 2944 1693 2966; x_wconf 90' lang='lat' dir='ltr'>modus</span> <span class='ocrx_word' id='word_1_868' title='bbox 1711 2944 1894 2968; x_wconf 83' lang='lat' dir='ltr'>caritatiscadat</span> <span class='ocrx_word' id='word_1_869' title='bbox 1911 2944 1955 2967; x_wconf 87' lang='lat' dir='ltr'>sub</span> <span class='ocrx_word' id='word_1_870' title='bbox 1972 2947 2102 2972; x_wconf 88' lang='lat' dir='ltr'>praecepto.</span> 
     </span>
    </p>

    <p class='ocr_par' dir='ltr' id='par_1_113' title="bbox 1374 2983 1803 3006">
     <span class='ocr_line' id='line_1_165' title="bbox 1374 2983 1803 3006; baseline -0.002 0"><span class='ocrx_word' id='word_1_871' title='bbox 1374 2984 1413 3006; x_wconf 81' lang='grc'>841</span> <span class='ocrx_word' id='word_1_872' title='bbox 1436 2986 1458 3006; x_wconf 83' lang='grc'>61</span> <span class='ocrx_word' id='word_1_873' title='bbox 1475 2984 1526 3006; x_wconf 82' lang='lat'>850.</span> <span class='ocrx_word' id='word_1_874' title='bbox 1545 2983 1609 3005; x_wconf 81' lang='lat' dir='ltr'>Plura</span> <span class='ocrx_word' id='word_1_875' title='bbox 1628 2983 1657 3005; x_wconf 85' lang='lat' dir='ltr'>de</span> <span class='ocrx_word' id='word_1_876' title='bbox 1675 2983 1803 3005; x_wconf 90' lang='lat' dir='ltr'>mendacio.</span> 
     </span>
    </p>
   </div>
  </div>
 </body>
</html>
