2269 3448
384 199 420 226 98

606 236 662 259 cini
682 236 729 264 (14)

384 278 436 299 Eius
452 268 530 305 passio
543 276 583 298 suit
595 276 674 298 durior
686 282 757 304 quam
770 275 866 298 alicuius
879 275 950 297 homi·

383 317 430 343 nis,
455 316 509 344 quia
538 316 588 338 eius
610 315 738 343 complexio
762 315 885 337 tenerrima
910 314 950 336 t'uit

383 355 428 377 264
441 362 452 377 a
466 368 496 371 —
510 355 550 377 suit
567 354 713 376 rubicundus
725 354 746 376 in
759 354 867 382 passione
879 354 924 376 580
937 360 949 375 a

382 407 413 411 —
431 395 452 416 in
469 400 509 417 sua
529 394 636 422 passione
657 394 754 416 totaliter
777 396 825 415 erat
841 399 950 421 aspersus

382 434 495 462 sanguine
512 433 557 455 274
573 433 586 455 b
598 446 629 449 —
641 433 724 455 dieitur
737 436 830 461 reptans
842 431 950 454 manibus

382 477 404 496 et
422 472 528 500 pedibus,
546 473 599 501 quia
618 473 715 495 int'ossas
740 478 822 494 manus
839 475 860 494 et
878 472 950 500 pedes

383 512 452 535 hahet
469 512 514 534 325
532 519 544 534 a
561 524 592 528 —
605 512 691 534 Nomen
709 512 820 539 seriptum
832 517 903 539 super
915 517 949 533 ca-

383 555 425 579 put
442 552 491 574 eius
508 558 576 573 nemo
595 551 658 573 novit
670 557 720 573 esse
733 557 814 573 verum
833 550 875 572 nisi
887 549 949 572 Chri-

383 595 431 613 stus
448 595 469 613 et
486 591 523 613 cui
540 591 583 613 sibi
602 591 686 618 placuit
703 590 805 612 revelare
823 589 868 611 244
886 589 901 611 1)
919 602 948 604 -

383 631 474 653 Maioris
492 630 582 652 virtutis
600 634 647 652 erat
666 630 687 651 in
707 629 826 651 tormentis
844 634 949 656 perseve-

383 676 434 692 rare
451 676 521 698 quam
541 670 569 691 de
587 675 655 691 cruce
673 669 813 691 descendere
835 668 876 689 132
893 673 905 689 a

433 722 461 725 --
479 709 562 731 Christi
580 714 643 730 mors
661 708 702 730 l'uit
713 707 868 735 praefigurata
883 707 903 728 in
917 706 948 729 di-

384 749 458 770 versis
474 748 592 770 sacrifieiis
604 747 649 769 647
662 753 673 769 a
687 759 717 763 —
729 747 831 769 clamans
843 749 949 768 mortuus

384 791 425 815 est,
443 791 467 810 ut
484 787 614 810 ostenderet
626 786 803 808 inmensitatem
816 786 851 808 sui
864 785 949 808 doloris

384 827 405 849 in
424 833 492 848 carne
509 829 532 848 et
549 829 624 848 mente
636 826 681 847 726
696 825 709 847 b
721 838 752 841 —
764 825 817 847 Eius
834 824 949 857 horribilis

383 866 469 888 clamor
487 866 508 887 in
532 868 606 887 morte
624 865 680 892 ipsis
697 864 868 887 insensibilibus
885 864 951 886 vide-

383 905 450 927 batur
467 905 570 927 incutere
588 905 707 926 horrorem
733 904 777 926 203
801 903 815 926 b
832 916 862 919 ——
887 904 950 926 Hane

384 950 466 967 vocem
484 950 529 966 non
556 944 675 966 audientes
698 944 804 966 duriores
820 946 873 965 sunt
895 943 951 971 ipsis

383 983 499 1012 lapidibus
516 983 570 1006 ibid.
583 996 613 999 —
626 983 669 1012 Qui
687 986 709 1005 et
726 983 804 1011 quanti
817 982 901 1004 fuerint
913 982 951 1005 do-

383 1024 442 1046 lores
459 1023 541 1045 Christi
561 1023 581 1044 in
601 1028 669 1044 cruce
688 1022 732 1044 204
751 1021 765 1044 b
782 1034 813 1038 -—-
839 1021 891 1043 Eius
908 1024 951 1043 tor-

384 1066 486 1084 mentum
501 1064 549 1084 erat
562 1065 607 1084 tam
620 1061 740 1088 acerbum,
759 1063 782 1083 ut
800 1061 864 1089 prius
876 1060 951 1082 obiret

384 1108 455 1130 quam
473 1108 525 1123 cum
544 1107 571 1123 eo
584 1101 685 1123 crucifixi
699 1101 743 1122 202
756 1106 777 1122 a.
790 1100 833 1122 204
847 1100 870 1122 h.
882 1100 928 1121 726
938 1106 951 1121 a

383 1154 412 1157 —
431 1141 512 1162 Anima
530 1140 619 1168 absque
638 1140 737 1162 maximo
756 1140 835 1161 dolore
857 1139 886 1161 de
904 1145 952 1161 cor-

384 1187 441 1208 pore
458 1180 525 1202 avelli
543 1186 588 1202 non
607 1180 681 1207 potuit
698 1179 743 1201 204
763 1178 776 1200 b
790 1191 821 1195 —
838 1179 949 1207 quamdiu

383 1219 479 1247 sangnis
504 1219 587 1241 Christi
614 1219 634 1240 in
661 1218 778 1241 domicilio
804 1218 864 1240 vitae
881 1217 952 1240 abun-

383 1259 466 1285 dabat,
483 1259 559 1280 anima
584 1258 615 1279 ihi
634 1257 737 1280 habitare
761 1257 894 1279 naturaliter
912 1263 952 1284 ap-

384 1298 476 1326 petebat
492 1298 537 1319 726
559 1297 573 1319 l]
596 1310 626 1313 —
642 1298 681 1319 suit
699 1297 807 1325 princeps
825 1297 950 1324 Martyrum

384 1337 428 1359 513
452 1343 464 1359 a

431 1389 460 1392 —
480 1378 501 1398 in
519 1376 569 1398 eius
592 1376 700 1404 passione
720 1376 825 1397 iunctum
849 1379 882 1397 est
904 1375 951 1397 inti·

384 1422 447 1438 mttm
458 1422 511 1438 eum
524 1422 635 1443 supremo
648 1416 676 1437 69
690 1421 701 1436 a
716 1428 744 1430 —
759 1415 878 1436 Divinitate
890 1414 951 1437 Chri·
967 1426 968 1434 i

383 1455 410 1477 sti
437 1454 609 1482 impassibiliter
627 1457 785 1482 permanente,
803 1454 951 1476 humanitatis
967 1472 968 1486 ἦ

385 1495 460 1517 tunica
478 1495 518 1516 t'uit
535 1494 647 1521 sanguine
664 1494 773 1515 immersa
791 1493 836 1515 726
849 1499 860 1514 a
873 1505 904 1508 —
917 1493 951 1514 Di-

384 1534 466 1555 vinitas
489 1533 544 1555 nihil
569 1533 622 1555 mali
647 1539 712 1560 passa
734 1536 768 1554 est
786 1533 829 1554 266
848 1532 862 1554 b
881 1545 909 1548 —
927 1533 948 1554 in

384 1579 462 1601 pugna
479 1579 532 1595 eum
551 1572 644 1595 diabolo
671 1576 776 1594 mortuus
803 1572 843 1594 t'uit
868 1571 967 1594 3661111-Ἰ

383 1612 439 1634 dum
457 1618 550 1634 carnem
569 1612 615 1633 684
635 1611 648 1633 b

429 1664 459 1667 ——
478 1654 567 1679 poterat
584 1651 633 1673 sine
651 1651 765 1678 sanguine
782 1651 909 1673 daemones
921 1652 951 1673 su-

384 1696 452 1718 gare,
470 1690 511 1713 sed
529 1691 664 1712 decreverat
678 1696 720 1712 nos
737 1690 827 1712 salvare
844 1696 884 1718 per
901 1696 951 1718 pas·

383 1730 472 1752 sionem
491 1731 535 1751 626
554 1736 565 1751 a
584 1742 615 1746 —
632 1730 685 1751 Sine
702 1730 752 1751 eius
770 1732 843 1751 morte
855 1736 899 1751 non
913 1735 952 1757 po-

385 1769 520 1797 tuitexpiari
535 1772 655 1796 peccatum
669 1769 714 1791 617
727 1775 739 1790 a
757 1781 787 1785 —
800 1768 879 1791 debuit
893 1769 951 1791 mori

385 1811 479 1836 propter
497 1808 651 1835 mitigandum
666 1808 767 1835 rigorem
787 1808 879 1830 divinae
892 1808 952 1830 iusti-

385 1848 428 1870 tiae
445 1848 490 1869 223
509 1847 523 1869 b
540 1859 571 1863 —
591 1848 717 1869 voluntarie
740 1848 827 1875 recepit
852 1850 950 1869 mortem

385 1893 428 1914 pro
452 1887 611 1914 redemptione
635 1886 754 1908 hominum
779 1886 807 1908 27
831 1886 854 1908 b.
874 1886 952 1908 3071)

384 1938 414 1941 —
432 1926 541 1953 Princeps
559 1926 696 1947 fortissimus
718 1926 747 1947 ad
771 1926 845 1947 crucis
864 1925 952 1953 patibu-

387 1965 435 1987 lum
452 1971 477 1986 se
494 1965 547 1986 duci
566 1965 670 1992 permisit
687 1965 715 1986 57
729 1964 744 1986 b
758 1977 784 1980 β
799 1971 844 1987 non
857 1971 883 1987 ex
895 1964 952 1987 obli—

385 2004 486 2031 gatione,
512 2004 552 2025 sed
570 2010 595 2025 ex
614 2004 747 2031 dignatione
765 2010 817 2025 cum
836 2004 951 2026 desiderio
968 2015 969 2019 =

387 2047 484 2065 mortem
503 2043 603 2070 suscepit
621 2043 666 2065 295
684 2049 695 2064 a

433 2094 463 2098 —-
481 2082 562 2110 Quoad
580 2081 695 2104 Christum
713 2082 857 2104 immolatum
875 2084 952 2104 notan-

387 2124 422 2143 tur
439 2121 508 2143 ardor
526 2121 626 2143 caritatis
648 2124 670 2142 et
692 2122 767 2142 honor
784 2121 901 2148 gratificae
918 2127 952 2143 ac-

387 2160 523 2188 ceptationis
536 2160 580 2181 230
595 2159 609 2181 b
622 2172 651 2176 —
664 2160 740 2182 Sudor
752 2160 894 2187 sanguineus
906 2166 951 2182 non

386 2201 433 2221 tam
451 2205 476 2221 ex
495 2199 577 2221 timore
594 2205 663 2227 quani
690 2206 715 2221 cx
738 2205 818 2221 amore
841 2200 952 2226 processit

386 2239 432 2260 705
450 2244 462 2260 a
480 2251 509 2254 —
528 2239 577 2260 Sola
596 2238 679 2260 caritas
696 2238 769 2260 movit
785 2238 900 2260 Christum
923 2239 950 2261 ad

387 2277 520 2304 patiendum
539 2277 582 2298 297
602 2277 616 2299 b
635 2290 663 2293 —
682 2283 763 2305 passus
780 2281 814 2299 est
832 2284 873 2305 pro
887 2277 953 2300 nobiS

386 2323 412 2338 ex
431 2316 590 2338 benevolentia
610 2319 631 2338 et
648 2317 741 2338 caritate
760 2317 804 2338 374
823 2316 837 2338 b
862 2329 888 2332 »-
908 2323 951 2339 11011

387 2356 528 2382 necessitate,
545 2356 585 2377 sed
599 2356 692 2378 caritate
709 2359 731 2377 et
744 2359 855 2383 potestate
870 2363 953 2384 passus

387 2398 420 2417 est
437 2395 482 2416 298
500 2401 512 2417 a
530 2407 560 2410 —
577 2395 610 2416 sic
628 2401 669 2417 nos
681 2395 765 2422 dilexit,
783 2399 807 2417 ut
819 2396 892 2423 ipsam
906 2402 953 2417 car-

388 2440 441 2456 nem
459 2437 584 2461 exponeret
602 2440 643 2461 pro
661 2434 727 2456 nobis
744 2434 887 2462 impiissimis
904 2440 953 2456 cru-

387 2473 493 2495 ciandam
511 2473 555 2495 252
574 2479 594 2501 a,
608 2473 621 2495 b
636 2486 666 2489 —
684 2473 806 2495 crucifixus
823 2477 857 2495 est
874 2480 900 2496 ex
919 2480 952 2495 ca·
968 2480 970 2483 ¹

386 2512 452 2534 ritate
470 2512 514 2534 617
532 2519 543 2534 a
562 2525 592 2528 —
609 2512 755 2534 desiderabat
772 2519 864 2535 crucem
884 2513 927 2535 468
940 2519 952 2535 a
969 2510 970 2518 ¹

434 2564 465 2567 —
483 2552 505 2573 Si
523 2552 621 2574 stetisset
633 2553 703 2573 homo
717 2552 736 2573 in
749 2558 777 2574 eo
790 2553 851 2580 qnod
864 2552 953 2580 accepit

388 2596 400 2612 a
425 2591 553 2618 creatione,
570 2591 638 2612 Filius
657 2591 695 2612 Dei
718 2597 759 2618 pro
776 2598 804 2613 eo
828 2598 871 2613 non
894 2596 953 2613 esset

389 2633 481 2652 motuns
498 2630 542 2651 547
555 2636 566 2651 a
582 2643 608 2645 —
623 2637 664 2657 pro
677 2630 773 2652 veritate
791 2636 884 2658 passus,
901 2637 954 2653 eon-

388 2669 490 2691 culcatus
507 2673 528 2691 et
546 2669 669 2697 despectus
694 2673 727 2690 est
748 2669 789 2691 148
807 2676 818 2691 a
841 2682 871 2686 —
894 2670 954 2692 Deus

388 2708 468 2734 voluit,
480 2709 571 2735 Agnum
584 2709 657 2730 occidi
669 2709 698 2730 ad
716 2709 854 2731 solvendum
866 2710 954 2731 redem-

389 2748 472 2774 ptionis
485 2747 593 2774 pretium,
604 2747 634 2769 ad
648 2748 841 2775 prosternendum
854 2748 954 2770 hominis

388 2786 515 2813 inimicum,
524 2787 552 2808 ad
564 2786 709 2813 probandum
722 2787 812 2808 virtutis
823 2788 953 2815 exemplum

390 2825 434 2846 239
453 2825 467 2846 b
484 2837 514 2841 —
532 2826 638 2847 sustinuit
656 2826 714 2847 mala
734 2832 833 2853 poenae,
857 2829 880 2848 ut
897 2826 955 2848 dele-

390 2867 424 2885 ret
442 2864 498 2886 mala
517 2865 598 2892 culpae
618 2865 661 2886 432
676 2864 694 2886 b
708 2871 793 2892 -pro
811 2864 878 2887 nohis
895 2865 955 2887 attri-

390 2906 425 2924 tus
443 2903 483 2924 t'uit
501 2904 545 2925 663
563 2910 574 2925 a
593 2917 622 2919 —
641 2910 682 2931 pro
701 2903 767 2926 nobis
784 2904 906 2926 damnatus
921 2908 955 2926 est

390 2945 411 2963 et
428 2942 449 2963 in
468 2948 505 2963 ara
525 2943 598 2964 crucis
616 2944 747 2965 immolatus
765 2944 809 2965 230
829 2944 842 2965 b
870 2956 897 2960 ——
916 2945 954 2965 hu-

391 2981 472 3002 militer
495 2986 591 3003 mortem
616 2983 691 3004 erucis
716 2988 757 3010 pro
783 2983 855 3005 salute
878 2986 953 3004 nostra

1242 235 1289 264 (1¹4)

983 281 1036 297 cum
1054 275 1169 297 desiderio
1194 275 1295 302 suscepit
1317 275 1362 297 202
1387 281 1398 296 a
1425 286 1456 290 —
1478 274 1550 296 voluit

983 314 1075 342 aspergi
1092 314 1205 342 sanguine
1223 314 1325 341 proprio,
1338 316 1362 335 ut
1374 320 1416 335 nos
1428 313 1550 335 mundaret

985 353 1024 375 471
1046 360 1057 375 a
1078 365 1106 369 —
1125 359 1207 381 passus
1224 356 1258 375 est
1277 359 1320 380 pro
1337 352 1404 375 nobis
1421 353 1550 380 purgandis

983 392 1013 414 ab
1031 392 1092 414 omni
1112 392 1230 421 iniquitate
1248 395 1361 421 quantum
1379 392 1407 414 ad
1426 392 1550 419 offensam,

983 432 1112 458 maculam,
1130 431 1247 459 sequelam
1266 432 1310 453 296
1322 430 1336 452 l)
1348 443 1378 447 —
1392 431 1444 452 Eius
1455 430 1550 457 sanguis

983 471 1070 493 effusus
1087 473 1121 493 est
1139 474 1234 498 propter
1259 471 1357 492 ostensas
1380 470 1504 498 placandas
1529 473 1550 491 et

984 510 1085 531 maculas
1108 510 1219 532 delendas
1237 510 1281 531 260
1300 509 1314 531 b
1341 521 1369 525 ·—-
1395 515 1437 536 pro
1456 513 1549 536 peccato

983 549 1106 571 crucifixus
1124 552 1158 570 est
1184 549 1228 570 265
1247 556 1258 570 a
1276 560 1306 564 —
1330 551 1427 570 mortem
1450 547 1551 575 suscepit

983 591 1078 615 propter
1095 588 1198 609 divinam
1217 588 1325 609 iustitiam
1339 587 1384 608 274
1395 586 1409 609 b
1428 599 1456 602 -—
1473 592 1550 608 ascen-

983 626 1016 648 dit
1033 626 1054 648 in
1068 632 1136 648 cruce
1148 627 1175 648 ad
1191 626 1301 654 praedam
1314 626 1435 648 tollendam
1448 626 1477 648 de
1489 628 1551 653 pote·

982 669 1040 688 state
1064 666 1205 688 daemonum
1233 666 1277 687 322
1303 671 1315 687 a
1343 678 1372 680 —
1397 665 1501 687 ascendit
1529 665 1550 686 in

983 711 1051 728 cruce
1068 708 1147 727 contra
1170 705 1296 727 daemones
1318 705 1363 727 325
1380 710 1392 726 a
1417 717 1445 719 —
1468 704 1549 727 Christi

984 751 1047 767 arma
1066 748 1119 767 sunt
1136 745 1201 772 signa
1215 744 1328 772 passionis
1345 750 1401 766 suae
1418 742 1472 766 [trid.
1487 756 1513 758 —
1526 745 1550 765 ut

983 784 1060 807 omnia
1078 784 1107 806 ad
1126 790 1150 806 se
1162 785 1261 806 traheret
1274 789 1315 811 per
1325 783 1443 805 vinculum
1456 783 1549 809 amoris,

984 824 1058 846 voluit
1075 823 1166 846 exaltari
1189 830 1201 845 a
1226 826 1284 845 terra
1312 823 1356 845 223
1380 822 1401 844 b.
1420 822 1465 844 224
1486 828 1498 844 a
1520 834 1551 838 —

984 863 1087 890 suscepit
1099 865 1196 885 mortem
1210 862 1374 890 temporalem,
1387 865 1411 884 ut
1422 862 1551 883 destrueret

985 903 1122 925 aeternalem
1142 902 1186 924 432
1205 901 1220 924 b

1032 954 1063 958 —
1080 942 1153 964 voluit
1176 941 1253 968 illudi,
1271 941 1379 968 flagellari
1403 943 1425 962 et
1441 940 1550 968 conspui,

986 985 1010 1004 ut
1026 982 1155 1004 destrueret
1171 981 1250 1003 frontis
1267 979 1470 1007 inverecundiam,
1492 980 1551 1002 dele-

985 1020 1090 1043 ctationis
1107 1020 1298 1048 complacentiam
1317 1022 1339 1042 et
1356 1019 1459 1041 elationis
1470 1024 1551 1046 super-

967 1061 968 1064 ’
986 1060 1048 1087 biam
1067 1060 1112 1082 203
1130 1066 1142 1082 a
1162 1073 1189 1075 -—
1209 1060 1249 1081 suit
1267 1062 1341 1081 morte
1357 1059 1492 1086 damnatus,
1510 1064 1551 1086 op-

985 1099 1085 1127 probriis
1101 1090 1208 1126 assi-ictus,
1227 1098 1336 1121 conviciis
1354 1098 1483 1123 lacessitus,
1502 1097 1551 1119 vin-

985 1139 1042 1162 culis
1060 1139 1143 1167 ligatus
1160 1142 1182 1160 et
1200 1138 1333 1166 flagellatus,
1346 1137 1489 1159 vestimentis
1501 1142 1551 1164 spo-

986 1179 1059 1207 liatus,
1077 1179 1149 1200 clavis
1167 1179 1313 1205 transfossus,
1327 1178 1375 1199 selle
1392 1180 1414 1198 et
1430 1179 1494 1198 aceto
1514 1182 1551 1203 po-

986 1222 1045 1241 tatus
1063 1218 1092 1240 ad
1110 1218 1248 1245 expiandam
1268 1218 1393 1239 humanam
1412 1215 1551 1244 nequitiam,

986 1258 1150 1286 arrogantiam,
1167 1257 1292 1282 invidiam,
1310 1256 1482 1283 negligentiam,
1500 1261 1552 1276 ava-

985 1297 1069 1324 ritiam,
1087 1297 1208 1322 luxuriam,
1222 1296 1366 1323 gulositatem
1380 1294 1425 1316 264
1438 1301 1458 1321 a,
1471 1294 1492 1315 b.
1506 1294 1551 1316 265

986 1343 997 1359 a
1015 1349 1045 1353 —
1063 1337 1123 1358 Haec
1141 1342 1222 1364 passus
1243 1338 1288 1362 cst,
1307 1337 1331 1356 ut
1348 1341 1390 1356 nos
1414 1333 1521 1355 liberaret
1538 1339 1549 1354 a

985 1376 1124 1403 sempiterna
1143 1375 1302 1400 damnatione,
1320 1374 1466 1400 contusione,
1484 1373 1551 1394 male-

985 1416 1095 1441 dictione,
1119 1416 1241 1441 servitute,
1267 1413 1390 1441 pauperie,
1414 1412 1550 1438 calamitate,

985 1454 1139 1477 amaritudine
1151 1454 1196 1476 265
1209 1454 1223 1475 b
1235 1454 1299 1475 —in
1312 1456 1391 1480 aperto
1404 1452 1504 1480 portavit
1516 1457 1550 1473 co-

984 1500 1064 1516 ronam
1083 1493 1274 1521 ignominiosam,
1291 1495 1315 1514 ut
1333 1491 1442 1514 omnibus
1464 1495 1550 1513 emeret

984 1539 1026 1561 per
1034 1533 1094 1555 illam
1105 1539 1213 1555 coronam
1224 1532 1347 1560 gloriosam
1359 1530 1425 1553 4851)
1434 1543 1465 1546 —
1474 1536 1551 1553 ascen-

985 1573 1016 1595 dit
1030 1573 1050 1594 in
1064 1578 1139 1599 cruce,
1153 1574 1176 1594 ut
1189 1577 1230 1599 per
1246 1571 1355 1593 virtutem
1370 1570 1484 1598 passionis
1502 1576 1550 1597 per-

984 1612 1117 1634 veniremus
1134 1611 1163 1633 ad
1181 1611 1278 1639 gratiam
1292 1610 1336 1632 324-
1350 1610 1364 1632 b
1377 1622 1407 1626 -—
1420 1610 1442 1631 in
1456 1610 1549 1637 signum

986 1650 1181 1673 vehementissimi
1198 1650 1284 1672 amoris
1301 1650 1385 1677 voluit⁷
1406 1649 1490 1677 aperiri
1513 1654 1550 1676 pe-

985 1691 1034 1719 des,
1052 1697 1134 1713 manus
1151 1693 1172 1712 et
1189 1690 1260 1717 latus,
1279 1692 1303 1711 ut
1321 1696 1361 1711 nos
1380 1689 1435 1710 intra
1455 1688 1549 1710 vulnera

986 1730 1099 1758 reciperet
1115 1732 1137 1751 et
1154 1729 1288 1751 detenderet
1307 1729 1351 1751 ‘295
1369 1728 1384 1750 b

1032 1782 1062 1786 —
1081 1769 1133 1791 Eius
1150 1775 1236 1796 corpus
1255 1768 1295 1790 tuit
1312 1768 1412 1790 attritum
1439 1770 1460 1789 et
1478 1767 1551 1795 proie-

985 1812 1048 1831 ctum
1066 1809 1088 1831 in
1107 1812 1165 1830 terra
1183 1808 1212 1830 ad
1236 1807 1331 1829 modum
1349 1807 1457 1829 frumenti
1480 1807 1520 1828 190
1538 1812 1549 1828 a

987 1861 1015 1863 —
1028 1848 1127 1875 Sanguis
1139 1847 1220 1870 Christi
1234 1847 1313 1869 habuit
1326 1846 1432 1868 virtutem
1451 1846 1551 1874 purgati-

985 1894 1048 1915 vam,
1058 1887 1194 1915 plaeadvam
1205 1889 1227 1908 et
1236 1886 1384 1914 perfectivam
1396 1886 1440 1907 726
1452 1885 1473 1907 b.
1483 1885 1528 1907 727
1538 1891 1550 1907 a

968 1952 969 1958 1
986 1939 1016 1943 -
1028 1925 1154 1949 Cuiuslibet
1162 1926 1252 1947 virtutis
1265 1925 1344 1952 triplex
1357 1928 1390 1947 est
1402 1924 1549 1946 et‘t’ectus7-28

986 1973 998 1987 a
1011 1978 1040 1981 —
1055 1971 1096 1993 per
1108 1971 1175 1987 suum
1189 1965 1326 1992 sanguinem
1339 1963 1406 1986 nobis
1418 1964 1489 1985 vitam
1502 1964 1551 1986 red-

986 2005 1054 2032 didit,
1073 2004 1185 2026 maculam
1204 2004 1297 2031 delevit,
1314 2003 1370 2025 iram
1386 2003 1492 2031 placavit,
1503 2009 1551 2025 cac-

985 2045 1032 2066 lum
1050 2044 1140 2071 aperuit
1158 2043 1203 2065 240
1221 2049 1232 2064 a
1254 2056 1279 2058 —
1299 2043 1375 2064 Passio
1397 2042 1479 2064 Christi
1499 2048 1551 2070 pur-

986 2086 1032 2111 gat,
1051 2083 1168 2109 illuminat,
1187 2082 1274 2110 perficit
1293 2082 1336 2103 296
1355 2081 1370 2103 l>
1386 2093 1417 2097 —-
1435 2081 1488 2104 Eius
1500 2088 1551 2103 san-

986 2122 1038 2150 guis
1057 2121 1125 2143 habet
1142 2122 1250 2143 virtutem
1269 2121 1479 2148 mumliticativam,
1496 2120 1549 2149 quia
1566 2150 1568 2155 Ι

986 2164 1019 2183 est
1043 2161 1138 2188 sanguis
1162 2160 1221 2187 agni
1247 2160 1385 2182 immaculati
1412 2160 1455 2181 207
1481 2166 1493 2181 a
1521 2172 1550 2175 —

986 2201 1040 2222 Eius
1057 2200 1152 2228 sanguis
1165 2206 1209 2222 non
1222 2203 1256 2221 est
1273 2199 1367 2227 sanguis
1380 2199 1479 2221 hominis
1491 2199 1550 2227 puri,

986 2240 1027 2262 sed
1045 2240 1144 2261 hominis
1161 2242 1182 2261 et
1201 2239 1239 2261 Dei
1258 2238 1311 2261 ibid.
1335 2251 1362 2254 Η
1381 2239 1433 2260 Eius
1455 2238 1551 2266 sanguis

987 2282 1071 2307 purgat
1087 2284 1179 2301 carnem
1198 2281 1220 2300 et
1238 2281 1336 2300 mentem
1355 2277 1409 2300 ibid.

1032 2331 1062 2334 -
1080 2319 1128 2340 suis
1145 2318 1249 2346 quinque
1268 2317 1401 2339 vulneribus
1427 2317 1551 2345 prostravit

986 2357 1105 2380 diabolum
1124 2357 1168 2378 266
1186 2363 1207 2383 a,
1225 2356 1239 2378 b
1256 2369 1287 2372 —-
1309 2363 1350 2384 per
1366 2363 1431 2378 suam
1451 2356 1551 2384 benigni-

987 2400 1055 2419 tatem
1074 2397 1096 2418 in
1114 2402 1182 2418 ct‘uce
1199 2402 1291 2418 omnem
1313 2396 1478 2423 malignitatem
1502 2396 1551 2417 tulit

988 2436 1031 2457 467
1050 2435 1064 2457 b
1081 2447 1112 2451 ——-
1128 2441 1171 2457 suo
1189 2435 1301 2462 sanguine
1313 2435 1380 2457 solvit
1396 2434 1500 2457 debitum
1513 2435 1550 2456 ho-

987 2475 1055 2497 minis
1073 2474 1117 2496 274
1136 2474 1150 2496 b
1167 2487 1196 2490 —
1215 2474 1337 2496 crucifixus
1354 2475 1441 2496 confert
1459 2475 1549 2496 veniam

987 2514 1068 2542 culpae
1087 2514 1129 2536 =t73
1149 2513 1163 2535 b
1181 2526 1210 2529 —
1226 2520 1267 2535 nos
1279 2520 1289 2535 a
1310 2516 1383 2535 morte
1396 2517 1487 2535 aeterna
1500 2519 1551 2540 pro-

987 2554 1037 2581 prio
1054 2553 1167 2580 sanguine
1184 2552 1290 2574 liberavit
1306 2552 1335 2574 75
1356 2559 1367 2574 a
1389 2565 1419 2568 —
1436 2552 1549 2579 populum

987 2599 1054 2614 suum
1073 2592 1177 2614 liberavit
1194 2592 1290 2619 proprio
1307 2591 1419 2618 sanguine
1437 2591 1481 2613 243
1494 2590 1508 2612 b
1521 2603 1551 2607 ——

987 2638 1030 2654 nos
1055 2632 1152 2653 salvavit
1178 2631 1271 2659 proprio
1296 2630 1408 2657 sanguine
1426 2630 1469 2652 428
1489 2629 1503 2652 1)
1520 2624 1551 2645 -“

988 2676 1029 2698 per
1046 2671 1166 2698 proprium
1179 2670 1315 2698 sanguinem
1334 2669 1421 2691 invenit
1433 2669 1550 2691 hominem

988 2710 1098 2732 amissum
1117 2710 1161 2731 369
1180 2716 1191 2731 a

1035 2762 1064 2765 —
1082 2749 1199 2771 coniunxit
1216 2755 1257 2771 nos
1275 2749 1398 2776 dissipatos
1410 2748 1431 2770 in
1444 2754 1484 2770 sua
1502 2754 1551 2775 pas-

988 2788 1052 2811 sione
1069 2789 1094 2809 61
1117 2787 1131 2809 b
1153 2801 1182 2804 —
1205 2788 1324 2816 antiquam
1347 2787 1485 2810 discordiam
1509 2788 1551 2809 soe-

988 2828 1043 2849 dcre
1060 2827 1146 2855 proprii
1165 2827 1284 2854 sanguinis
1302 2826 1452 2849 concordavit
1476 2826 1520 2848 243
1538 2832 1550 2847 a

988 2879 1018 2882 —
1030 2872 1071 2894 per
1083 2872 1150 2888 suum
1169 2866 1304 2893 sanguinem
1320 2866 1371 2888 fecit
1383 2865 1551 2893 reparationem

987 2905 1125 2927 concordiae
1142 2905 1277 2927 universalis
1294 2908 1315 2927 et
1331 2905 1492 2927 relaxationem
1505 2904 1551 2926 vin-

988 2944 1062 2966 dictae
1080 2944 1192 2966 iudicialis
1210 2945 1238 2966 29
1259 2944 1280 2966 b.
1301 2944 1344 2966 273
1363 2950 1374 2965 a
1399 2956 1427 2959 —
1451 2944 1474 2965 in
1497 2943 1551 2971 pati-

989 2983 1043 3005 bulo
1068 2983 1143 3005 crucis
1160 2983 1207 3005 Deo
1225 2989 1267 3005 nos
1283 2982 1454 3005 confoederavit
1477 2982 1521 3004 673
1538 2988 1551 3003 a

930 196 1029 225 INDEX
1053 196 1292 225 ALPHABETtCUs'
1314 196 1391 225 NONt
1416 196 1602 225 votUMtNtS.

1801 234 1857 257 CHR
1877 234 1926 263 (14)

1583 286 1614 290 -
1639 274 1739 302 Sanguis
1761 274 1842 297 Christi
1867 274 1895 297 ad
1915 274 2028 302 proelium
2046 281 2087 297 uos
2104 275 2149 296 ani-

1584 313 1655 335 mavit
1671 313 1717 335 729
1735 319 1747 335 a

1630 365 1660 367 —
1679 358 1720 380 per
1733 353 1827 374 vulnera
1842 353 1955 381 liquorem
1968 352 2079 380 expressit
2092 358 2150 375 mor-

1584 390 1668 413 borum
1686 392 1816 413 sanativum
1834 394 1857 413 et
1871 392 1949 413 salutis
1960 392 2090 414 effectivum
2105 392 2149 413 1130

1585 429 1599 452 b
1617 442 1647 446 —
1665 430 1788 453 crucifixus
1805 433 1838 452 est
1856 431 1943 458 lignum
1963 431 2023 453 vitae
2040 431 2068 453 58
2087 436 2099 452 a
2119 442 2150 447 --

1584 469 1707 492 crucifixus
1724 470 1753 492 ad
1771 470 1867 492 modum
1886 470 1962 492 cordis
1982 470 2056 492 influit
2078 470 2149 492 vitam

1584 509 1672 537 gratiae
1689 509 1712 530 in
1730 512 1805 531 cetera
1824 509 1928 531 membra
1943 509 2047 536 corporis
2060 508 2148 536 mystici

1584 547 1638 570 ibid.
1659 561 1685 563 —
1705 550 1727 569 ln
1745 548 1834 570 Christo
1853 554 1933 570 omnes
1945 548 2092 570 vivificantur
2105 553 2150 569 me-

1584 587 1627 609 rito
1644 593 1700 609 suae
1717 587 1831 614 passionis
1849 587 1926 608 23911.
1945 587 1989 609 273
2002 594 2013 609 a
2031 599 2062 603 —
2074 587 2096 608 in
2108 592 2149 608 sua

1584 626 1691 654 passione
1717 632 1759 654 pro
1782 626 1849 648 nobis
1872 626 1997 654 praecipue
2018 630 2052 648 est
2076 632 2150 648 exem-

1585 666 1647 693 plum
1671 666 1783 692 caritatis,
1809 666 1949 692 humifitatis,
1972 665 2150 693 longanimitatis

1585 704 1629 726 297
1656 703 1671 726 b
1696 716 1726 725 -.—
1752 711 1793 732 per
1818 705 1955 732 sanguinem
1981 704 2062 727 Christi
2088 704 2150 727 dedi-

1585 747 1665 766 cantur
1682 743 1787 766 membra
1805 747 1893 772 nostra,
1911 747 1935 766 ut
1952 744 1996 766 sint
2011 744 2110 772 Spiritus
2127 744 2150 765 S.

1585 783 1668 810 templa
1686 783 1731 804 728
1755 789 1766 805 a
1784 796 1814 798 —
1840 789 1882 811 per
1904 789 1969 805 suam
1995 786 2093 805 mortem
2117 786 2151 805 est

1585 828 1654 844 eausa
1671 826 1763 844 nostrae
1780 823 1957 845 immortalitatis
1976 823 2019 845 '159
2037 829 2049 844 a
2066 835 2097 839 -
2109 828 2151 850 per

1585 862 1723 889 sanguinem
1748 862 1797 884 eius
1823 865 1944 890 reparatur
1961 862 2027 884 ruina
2048 862 2150 889 angelica

1584 904 1607 923 et
1623 901 1783 923 reconciliatur
1800 902 1899 923 humana
1917 904 1999 923 natura
2016 901 2061 923 729
2080 907 2093 923 a

1631 953 1661 956 —
1680 941 1778 968 Sanguis
1796 940 1877 963 Christi
1890 941 1985 968 sanguis
1997 947 2056 963 uvae
2068 940 2151 963 dicitur

1585 979 1631 1001 726
1650 985 1661 1001 a

1632 1031 1662 1035 —
1681 1025 1722 1046 pro
1740 1018 1850 1041 omnibus
1869 1025 1950 1046 passus
1968 1021 2002 1041 est
2018 1019 2094 1047 quoad
2108 1019 2151 1041 sus-

1586 1058 1720 1086 ticientiam,
1738 1059 1777 1080 sed
1797 1065 1840 1080 non
1854 1064 1896 1085 pro
1908 1058 2018 1080 omnibus
2029 1058 2106 1087 quoad
2120 1059 2152 1080 es-

1586 1097 1688 1120 ficaciam
1707 1098 1752 1120 205
1770 1104 1781 1120 a
1800 1110 1830 1113 —
1848 1098 1971 1125 Sanguinis
1983 1097 2065 1120 Christi
2077 1098 2151 1120 virtus

1585 1138 1701 1160 sufficiens
1718 1137 1746 1159 ad
1765 1143 1846 1159 omnes
1863 1143 1907 1159 non
1926 1140 1959 1159 est
1984 1137 2085 1159 efficiens
2107 1137 2150 1159 nisi

1586 1177 1607 1198 in
1626 1177 1652 1198 iis
1677 1177 1717 1205 qui
1735 1176 1811 1198 debite
1829 1183 1853 1198 se
1874 1176 2001 1203 disponunt
2021 1176 2067 1198 727
2085 1182 2097 1198 a
2120 1189 2150 1192 —

1586 1217 1633 1238 Hoc
1651 1216 1736 1238 faciunt
1753 1216 1793 1238 tria
1814 1221 1896 1243 genera
1916 1216 2035 1237 hominum
2054 1214 2108 1237 ibid.
2120 1228 2150 1231 —-

1585 1256 1607 1277 in
1625 1255 1738 1283 sanguine
1755 1261 1797 1277 suo
1815 1261 1857 1276 nos
1874 1255 1935 1276 tax-at
1952 1255 2108 1282 spiritualiter,
2131 1255 2150 1276 si

1586 1295 1754 1317 adhaereamus
1771 1295 1791 1316 ei
1811 1301 1850 1321 per
1863 1294 1940 1322 tidem,
1953 1300 2027 1321 spem,
2045 1300 2150 1316 amorem

1585 1337 1607 1356 et
1623 1334 1807 1362 compassionem
1827 1334 1870 1355 260
1891 1333 1904 1355 b

1631 1386 1662 1389 —
1679 1374 1772 1395 intravit
1790 1373 1812 1394 in
1830 1373 1925 1400 gloriam
1952 1379 2018 1395 suam
2037 1379 2078 1400 per
2100 1379 2151 1395 eru-

1584 1419 1634 1435 ccm
1653 1413 1697 1435 469
1716 1412 1730 1434 l)
1747 1425 1777 1429 —
1795 1418 1835 1440 per
1853 1412 1984 1440 passionem
2001 1412 2077 1434 erucis
2099 1412 2152 1435 sub-

1584 1453 1676 1474 limatus
1696 1455 1730 1474 est
1747 1452 1787 1474 221
1810 1451 1825 1473 b
1844 1464 1871 1467 -—
1890 1452 1933 1473 hoc
1945 1451 2008 1479 ipso,
2025 1452 2088 1480 quod
2112 1452 2152 1474 de-

1584 1495 1676 1519 spectus
1694 1491 1746 1519 suit,
1765 1491 1805 1513 suit
1822 1491 1935 1519 gloriosus
1959 1491 2002 1513 1148
2024 1497 2036 1513 a
2055 1504 2084 1507 —
2110 1497 2151 1518 per

1585 1532 1636 1558 hoc,
1655 1531 1718 1559 quod
1737 1531 1903 1553 condemnatus
1922 1531 1961 1552 t'uit
1983 1534 2005 1552 et
2027 1531 2093 1552 morti
2111 1530 2151 1552 ad-

1584 1571 1710 1597 iudicatus,
1726 1570 1826 1592 obtinuit
1842 1576 1940 1597 regnum
1954 1569 1983 1592 ib.
2003 1569 2016 1591 b
2029 1582 2059 1585 —
2077 1569 2150 1592 Causa

1585 1609 1726 1637 principatus
1744 1609 1825 1631 Christi
1844 1609 1885 1631 t'uit
1902 1609 2025 1636 despectus
2043 1609 2063 1631 in
2082 1614 2151 1631 cruce

1584 1648 1613 1672 z'b.
1632 1648 1646 1670 b
1663 1661 1693 1664 —
1713 1649 1782 1671 multo
1794 1648 1873 1670 labore
1890 1652 1912 1670 et
1929 1648 2008 1670 dolore
2028 1648 2152 1677 acquisivit

1585 1688 1739 1716 principatum
1752 1688 1873 1710 caelestem
1890 1687 1931 1709 172
1944 1694 1956 1709 a

1632 1741 1661 1744 —
1679 1727 1796 1750 Debemus
1809 1730 1897 1755 partem
1911 1726 1996 1749 habere
2008 1727 2029 1749 in
2043 1727 2150 1755 passione

1586 1767 1675 1789 Domini
1700 1766 1729 1790 ib.
1755 1766 1770 1789 1)
1795 1779 1827 1783 -
1851 1766 1928 1788 Nullus
1957 1766 2051 1788 omnino
2076 1769 2152 1794 potest

1584 1807 1661 1834 ipsum
1674 1806 1761 1833 videre,
1774 1806 1816 1828 uisi
1828 1806 1856 1828 sit
1867 1812 1920 1827 cmn
1933 1811 1960 1827 eo
1972 1805 2094 1828 crucifixus
2106 1805 2151 1827 232

1585 1846 1600 1868 b
1617 1858 1647 1862 —
1665 1846 1736 1868 Nemo
1754 1848 1829 1873 potest
1845 1851 1898 1867 cum
1918 1845 2015 1867 Domino
2040 1850 2151 1872 regnare,

1586 1885 1627 1908 nisi
1645 1885 1775 1913 passionem
1794 1885 1843 1907 eius
1861 1885 1928 1907 suerit
1951 1884 2050 1906 imitatus
2069 1884 2112 1906 149
2130 1890 2152 1906 a.

1584 1925 1629 1946 728
1648 1931 1660 1946 a
1677 1937 1707 1940 —
1726 1925 1804 1952 Magna
1828 1924 1897 1946 debet
1919 1930 1969 1946 esse
1992 1924 2012 1945 in
2035 1922 2150 1946 Christum

1584 1964 1718 1986 crucifixum
1737 1964 1795 1986 fides
1811 1966 1833 1986 et
1850 1963 1943 1985 devotio
1961 1962 2005 1985 394
2024 1962 2039 1984 b
2056 1974 2086 1978 —
2108 1968 2151 1984 nos

1585 2004 1672 2030 invitat,
1691 2007 1714 2025 ut
1731 2003 1759 2025 de
1776 2003 1823 2025 suis
1836 2003 1911 2030 plagis
1928 2005 1950 2024 et
1967 2001 2103 2024 vulneribus
2115 2007 2151 2024 co-

1584 2043 1685 2070 gitemus
1703 2042 1780 2071 ibique
1792 2042 1945 2064 immoremur
1957 2042 2000 2064 508
2015 2041 2029 2063 b
2048 2054 2075 2057 ——
2089 2040 2152 2063 Chri-

1584 2082 1610 2104 sti
1630 2082 1706 2109 passio
1718 2082 1853 2109 designatur
1865 2087 1906 2109 per
1919 2084 2056 2107 torrentem,
2069 2080 2090 2102 in
2103 2086 2150 2109 quo

1584 2121 1697 2144 debemus
1716 2121 1793 2143 fodere
1811 2127 1852 2148 per
1874 2121 1952 2148 iugem
1978 2120 2150 2142 medItationem

1585 2160 1625 2182 341
1648 2166 1659 2182 a
1677 2173 1708 2176 —
1726 2161 1822 2188 Semper
1834 2159 1985 2187 cogitandum
2003 2163 2037 2181 est
2054 2159 2083 2181 de
2100 2165 2152 2187 pas-

1584 2200 1648 2222 sione
1665 2203 1687 2222 et
1704 2199 1778 2227 plagis
1795 2199 1877 2222 Christi
1895 2199 1939 2221 509
1957 2204 1969 2220 a

1630 2251 1661 2255 -—
1678 2239 1700 2261 Si
1718 2239 1770 2267 quis
1788 2238 1847 2260 bene
1859 2237 1941 2260 Christi
1954 2238 2083 2265 passionem
2096 2243 2150 2259 con-

1583 2278 1695 2300 sideraret
1712 2278 1836 2306 ipsumque
1847 2277 1960 2304 diligeret,
1973 2277 1995 2298 in
2008 2277 2057 2298 eius
2071 2276 2151 2299 simili-

1585 2318 1688 2340 tudinem
1707 2318 1907 2339 transtormaretur
1925 2317 1969 2338 260
1990 2316 2004 2337 b
2028 2328 2056 2331 -—
2078 2316 2150 2343 ipsius

1584 2357 1691 2385 passione
1709 2355 1823 2378 debemus
1834 2356 1971 2377 inflammari
1984 2355 2013 2377 ad
2026 2355 2075 2377 eius
2088 2361 2150 2377 amo-

1584 2402 1632 2418 rem
1651 2396 1696 2418 513
1714 2395 1729 2418 b
1747 2407 1776 2411 —
1796 2395 1908 2417 Passionis
1925 2394 2006 2417 Christi
2021 2394 2149 2416 recordatio

1584 2435 1654 2457 debet
1670 2441 1709 2457 cor
1726 2438 1830 2457 nostrum
1855 2435 1907 2462 igne
1931 2433 2031 2456 caritatis
2056 2439 2149 2455 sursum

1584 2475 1673 2502 erigere
1691 2474 1735 2496 342
1753 2480 1765 2495 a
1786 2486 1816 2490 —
1833 2473 1930 2502 Quando
1951 2473 2020 2495 ardor
2038 2472 2150 2500 passionis

1584 2515 1632 2536 veri
1651 2514 1709 2536 Solis
1726 2513 1843 2536 descendit
1855 2519 1925 2540 super
1936 2519 1976 2535 cor
1988 2517 2099 2539 nostrum,
2112 2512 2150 2534 de-

1584 2553 1667 2575 bemus
1685 2553 1724 2574 toti
1742 2552 1854 2581 liquetieri
1871 2552 1915 2574 524
1928 2558 1940 2573 a
1954 2564 1985 2568 —-
1997 2551 2150 2574 Considerans

1584 2592 1720 2619 sanguinem
1733 2592 1815 2613 Christi
1829 2598 1870 2619 pro
1882 2591 1950 2613 nobis
1962 2592 2068 2617 effusum,
2080 2589 2149 2612 debet

1584 2631 1721 2653 inflammari
1739 2631 1767 2653 ad
1786 2631 1835 2653 eius
1852 2636 1969 2657 amorem,
1993 2630 2071 2651 mundi
2098 2635 2150 2651 con-

1585 2674 1697 2698 temptum
1715 2673 1737 2692 et
1753 2670 1828 2692 carnis
1841 2670 2018 2691 macerationem
2032 2669 2076 2690 230
2093 2668 2107 2690 b
2119 2680 2148 2684 —

1585 2710 1608 2731 Si
1625 2710 1772 2731 attendamus
1797 2709 1826 2731 ad
1852 2709 1965 2736 passionis
1989 2714 2097 2734 causam,
2119 2707 2148 2729 ad

1586 2754 1707 2776 personam
1719 2748 1849 2776 patientem,
1859 2748 1888 2769 ad
1899 2747 2011 2775 passionis
2024 2747 2149 2774 utilitatoin,

1585 2787 1728 2809 addiscimus
1742 2790 1862 2815 peccatum
1875 2787 1947 2813 odire,
1961 2787 2033 2808 Deum
2046 2785 2149 2813 diligere,

1585 2826 1696 2848 iudicium
1715 2826 1840 2848 formidare
1857 2825 1901 2847 264
1921 2825 1941 2847 b.
1961 2826 2005 2847 265
2022 2832 2043 2852 a,
2062 2824 2075 2846 b

1632 2864 1824 2887 -Consideratio
1831 2864 1912 2887 Christi
1924 2864 2043 2892 pendentis
2053 2864 2073 2885 in
2081 2869 2149 2886 cruce

1585 2907 1619 2926 est
1635 2904 1764 2925 remedium
1782 2907 1861 2926 contra
1879 2903 1931 2925 vitia
1950 2903 2054 2931 capitalia
2072 2903 2111 2924 261
2134 2902 2149 2924 b

1585 2955 1615 2958 —
1632 2942 1654 2964 in
1673 2942 1734 2970 ligno
1748 2943 1852 2970 pendens
1864 2946 1895 2964 est
1910 2943 1997 2964 curatio
2010 2945 2088 2964 contra
2102 2944 2150 2964 ten-

1586 2982 1681 3003 tationes
1699 2982 1822 3008 honorum,
1847 2981 1993 3007 deliciarum,
2015 2981 2148 3003 divitiarum
