2269 3448
652 204 751 233 INDEX
774 203 1013 232 ALPHABETICUS
1035 202 1112 232 NONi
1136 203 1323 231 VOLUMlNlS.

359 245 405 269 VlC

154 287 261 309 Vtcronni
278 298 307 302 —
327 286 368 308 Per
388 284 509 307 victoriam
537 283 671 312 pervenitur

105 326 134 349 ad
152 332 234 354 pacem
253 325 296 347 469
316 323 330 346 1)
347 337 377 341 -
390 324 519 352 peroptima
531 325 565 345 est
577 323 671 345 vincere

105 364 266 388 adversaritim
285 370 326 392 per
344 363 453 385 beneficia
472 362 516 385 487
535 368 547 384 a
570 374 600 379 —
618 362 672 384 Vin-

104 404 164 427 centi
189 403 301 426 Dominus
321 405 410 431 septem
435 402 536 430 praemia
561 401 672 429 promittit

105 443 150 465 513
168 449 180 465 3

154 482 235 504 vimus
252 493 283 498 -
301 481 379 503 Milites
402 480 497 503 victoris
520 482 611 506 gentem
635 479 672 501 de-

105 521 158 544 vlcti
177 521 248 544 armis
264 520 313 543 suis
330 520 429 548 spoliant
447 520 492 542 572
510 519 524 541 b

153 561 283 583 νιοιιΛκΊ-ιΛ
297 572 327 576 -
339 560 410 581 Amor
427 561 449 581 et
461 558 575 586 cupiditas
589 558 673 580 faciunt

105 599 202 628 vigilare
219 600 249 621 92
270 605 282 621 3
305 611 336 615 -
357 598 411 620 Sine
434 604 460 620 ea
479 603 525 619 non
548 603 673 625 possumus

105 639 181 662 redire
199 638 228 661 ab
241 637 377 660 hebitudine
394 638 414 660 in
432 637 581 665 sagacitatem
600 636 644 658 647
659 635 673 657 1)

105 691 136 696 -
153 678 283 700 necessaria
301 680 335 699 est
353 676 425 699 oranti
444 677 489 698 686
503 675 517 698 b
529 688 559 692 —-
571 675 674 703 Vigilat-e

106 717 220 740 debemus
237 717 259 739 in
277 716 421 739 orationibus
434 718 529 744 propter
542 717 593 737 octo
606 714 673 737 ratio-

106 763 147 779 nes
164 757 208 778 328
226 763 238 778 3
256 768 287 773 —
304 755 455 783 vigilandum
474 757 508 777 est
531 755 552 776 in
570 754 674 777 oratione

105 802 132 819 ex
150 799 250 825 quatuor
267 796 343 818 causis
360 796 400 817 391
424 794 438 817 b

153 835 225 858 Vioon
242 847 273 851 —
291 834 435 857 necessarius
452 836 486 856 est
503 834 531 856 ad
546 833 673 855 virtuosam

107 874 265 903 operationem
284 873 329 896 246
348 873 363 895 b

155 914 237 936 Vicani:
254 926 283 929 —
301 913 329 935 ad
348 913 465 935 civitatem
489 912 578 935 ducunt
595 912 640 934 286
659 911 673 933 b

154 953 255 975 Vltticus
271 965 301 969 --
319 952 425 979 designat
442 955 587 980 peccatorem
602 950 646 973 384
659 950 674 972 1)

156 993 289 1015 Vincanrlus
305 1003 336 1008 -
353 991 468 1019 pugnavit
493 995 572 1013 contra
596 990 674 1013 diabo-

107 1032 154 1054 lum
172 1031 213 1053 511
236 1037 248 1053 a
265 1043 296 1047 —
314 1030 354 1053 fuit
371 1031 406 1052 leo
424 1030 562 1052 fortissimus
579 1033 674 1058 propter

107 1071 148 1093 tria
162 1069 216 1093 ibid.
230 1083 259 1086 —
272 1070 353 1092 similis
371 1071 444 1091 factus
455 1072 489 1091 est
501 1069 560 1091 leoni
578 1072 674 1097 propter

106 1116 173 1133 suam
192 1109 413 1138 magnanimitatem,
431 1108 568 1136 virilitatem,
586 1108 674 1131 virtuo-

106 1149 196 1172 sitatem
222 1148 277 1172 ibid.
302 1161 332 1165 —
358 1151 406 1170 erat
432 1148 495 1170 fortis
523 1154 565 1176 per
590 1147 673 1176 fidem,

106 1195 172 1217 spem
190 1191 212 1211 et
229 1188 348 1211 caritatem
372 1188 417 1210 513
435 1187 450 1209 1)
474 1200 503 1203 -
525 1187 674 1210 commenda-

107 1231 143 1251 tur
158 1227 188 1250 ab
205 1227 316 1255 operibus
333 1230 355 1250 et
372 1226 497 1249 virtutibus
509 1226 554 1248 510
568 1226 582 1248 b
594 1239 624 1243 —
640 1226 674 1249 Ab

106 1267 158 1295 ipso
169 1267 300 1300 exemplum
318 1272 411 1289 sumere
423 1265 537 1289 debemus
554 1266 674 1288 resistendi

106 1307 151 1329 513
171 1306 185 1328 1)

155 1345 270 1368 visentum
284 1358 311 1361 —
325 1348 359 1367 est
370 1345 463 1373 triplex:
476 1344 607 1372 superbiae,
619 1345 675 1366 invi-

106 1385 166 1412 diae,
184 1385 293 1407 lasciviae
306 1385 351 1406 395
364 1383 378 1406 b
392 1396 420 1399 —
436 1385 531 1406 loannes
544 1384 565 1406 in
578 1384 676 1406 vinculis

107 1424 244 1447 constitutus
265 1423 379 1452 significat
397 1423 486 1445 animas
508 1423 676 1451 circumplexas

107 1464 205 1486 vinculis
233 1463 351 1491 originalis
375 1464 470 1491 culpae,
496 1463 676 1491 circumpeditas

108 1503 205 1526 vinculis
222 1506 299 1525 reatus
316 1508 418 1530 poenae,
435 1502 615 1525 circumvolutas
626 1502 676 1524 vin-

107 1542 164 1565 culis
182 1542 309 1570 corporalis
326 1541 433 1564 miseriae
451 1541 480 1564 45
498 1541 521 1563 b.
539 1541 567 1563 46
586 1547 607 1568 a,
626 1541 640 1563 b

157 1581 227 1604 Viam
245 1593 276 1598 —
294 1581 383 1603 deserta
402 1584 436 1603 est
452 1581 550 1603 multum
569 1580 643 1608 turpis
655 1583 677 1602 et

107 1621 159 1643 vilis
176 1621 221 1643 572
240 1620 255 1643 1)
272 1632 303 1636 -
315 1620 429 1647 significat
441 1620 542 1642 animam
557 1619 600 1641 1194
619 1626 631 1642 3
646 1633 675 1635 -

108 1660 223 1688 significat
240 1660 347 1682 ardorem
365 1659 472 1687 caritatis,
492 1659 521 1681 64
539 1665 550 1681 a
572 1672 601 1675 —
619 1659 677 1682 desi-

108 1702 165 1728 gnat
181 1699 256 1722 studia
280 1699 325 1721 287
343 1705 354 1721 3
378 1711 409 1715 -
432 1699 538 1726 designat
561 1699 675 1721 mundum

108 1739 153 1761 194
172 1738 187 1761 1)

161 1791 186 1794 -
204 1778 265 1800 Deus
281 1778 385 1806 quinque
402 1777 494 1800 vicibus
517 1778 637 1805 operarios
654 1778 676 1799 in

108 1818 200 1840 vineam
217 1823 283 1840 suam
302 1817 411 1839 conduxit
430 1817 473 1839 1193
492 1816 507 1839 b
527 1830 554 1833 —
572 1817 615 1845 Qui
633 1817 677 1839 sint

109 1857 146 1880 isti
162 1857 263 1885 operarii
280 1856 333 1879 ibid.

158 1897 233 1919 Vinum
251 1909 280 1912 —
298 1896 433 1923 inflammat,
459 1896 577 1924 exhilarat,
594 1896 675 1918 alienat

109 1936 139 1958 64
156 1942 168 1958 a
185 1948 216 1952 —
235 1936 275 1957 Per
295 1935 375 1958 vinum
401 1935 519 1958 inebrians
543 1935 676 1963 intelligitur

108 1982 185 2004 omne,
202 1975 266 2004 quod
284 1975 380 2003 praebet
398 1976 526 1997 fomentum
536 1975 611 1997 amori
628 1975 676 1997 libi·

108 2015 191 2038 dinoso
209 2015 254 2037 646
267 2014 282 2037 b
299 2027 330 2032 —·
348 2015 454 2043 designat
467 2015 599 2043 passionem
611 2014 676 2038 Chri-

108 2055 136 2078 sti
154 2054 194 2077 401
217 2061 229 2076 3
247 2067 277 2070 -
302 2054 410 2082 designat
434 2055 548 2076 internam
574 2054 676 2077 dex-otio-

108 2100 162 2116 nem
187 2094 231 2116 199
249 2100 261 2115 3
287 2105 318 2110 -
342 2093 450 2121 designat
471 2094 675 2121 compunctionem

108 2133 153 2156 547
170 2139 183 2155 a

156 2173 227 2195 Vinea
246 2185 276 2189 —-
293 2172 364 2194 radici
386 2172 509 2199 adhaeret,
532 2172 573 2195 sed
596 2172 625 2195 ad
643 2178 676 2194 ra-

108 2212 183 2234 dicem
202 2218 247 2234 non
265 2211 389 2234 reflectitur
405 2211 451 2233 720
465 2211 480 2233 b
492 2224 522 2228 -—
539 2212 579 2234 diu
596 2212 619 2233 in
631 2214 677 2234 tor-

107 2251 173 2274 sione
199 2251 289 2273 detenta
315 2251 343 2273 ad
370 2251 532 2273 rectitudinem
556 2251 675 2278 pristinam

107 2296 153 2312 non
175 2290 293 2312 reducitur
316 2289 358 2311 nisi
385 2290 435 2311 forti
461 2290 523 2317 ignis
545 2289 677 2312 excoctione

108 2330 149 2352 551
172 2329 196 2351 b.
215 2329 260 2351 552
278 2335 290 2351 3

155 2381 185 2385 -
203 2369 279 2391 Aaron
297 2368 339 2390 fuit
356 2368 431 2396 arida,
444 2368 484 2390 sed
497 2368 579 2390 educta
598 2368 627 2390 de
645 2365 677 2390 ta-¹

108 2408 234 2431 bernaculo
247 2407 328 2430 florida
346 2407 455 2435 apparuit
470 2407 514 2429 282
527 2413 539 2429 3
551 2419 582 2423 ——
594 2407 677 2435 germi-

107 2450 158 2475 nat,
170 2447 266 2476 quando
282 2452 324 2474 per
337 2446 490 2468 ministerium
503 2446 598 2474 praelati
611 2446 676 2469 multi

108 2486 224 2509 Christum
243 2486 372 2514 suscipiunt
390 2486 435 2508 517
452 2492 464 2507 3

157 2539 186 2542 —
203 2526 309 2553 designat
326 2525 443 2547 Christum
465 2525 510 2547 275
527 2531 539 2547 a
563 2537 594 2541 —
616 2525 676 2547 desi-

109 2568 164 2594 gnat
181 2571 274 2587 crucem
292 2564 374 2587 Christi
392 2565 433 2587 261
456 2564 479 2586 1).
496 2564 541 2587 342
559 2571 571 2586 3
589 2577 620 2581 -
636 2565 676 2586 ‹le-

108 2605 185 2632 signat
201 2604 337 2626 sententiam
355 2604 459 2626 divinam
473 2604 518 2626 585
531 2603 546 2626 b
558 2617 588 2619 —
600 2604 676 2626 Aaron

108 2646 131 2666 et
148 2644 214 2672 virga
231 2644 260 2666 de
277 2643 355 2666 radice
368 2643 427 2665 lesse
444 2643 565 2671 designant
582 2643 675 2665 Mariam

109 2683 138 2706 99
156 2689 177 2710 a,
195 2682 209 2705 b
226 2695 256 2699 --
272 2683 315 2705 Per
326 2683 416 2710 virgam
430 2683 597 2710 germinantem
616 2683 677 2705 intel-

109 2722 187 2750 ligitur
204 2722 288 2745 fiducia
305 2722 351 2744 717
369 2728 381 2744 3
399 2734 430 2737 -—
448 2722 564 2744 virescens
581 2722 637 2751 quid
650 2722 677 2744 si-

110 2762 204 2789 gnificet
222 2762 251 2783 33
269 2768 281 2783 3

158 2801 287 2823 Vmomrriis
304 2813 334 2816 —
351 2803 386 2822 est
402 2801 424 2822 in
442 2806 511 2822 carne
533 2800 676 2829 corruptibili

110 2840 288 2868 incorruptionis
310 2842 435 2867 perpetuae
458 2839 577 2862 meditatio
596 2840 643 2862 715
662 2839 676 2862 1)

109 2892 140 2896 -
157 2885 210 2901 cum
227 2879 256 2901 sit
274 2879 295 2900 in
318 2885 400 2906 carne,
418 2879 490 2901 nescit
515 2879 590 2901 carnis
607 2879 678 2907 pollu-

110 2919 195 2941 tionem
214 2918 259 2940 658
278 2917 293 2940 b

157 2970 188 2974 —
206 2957 347 2985 Virginitatis
358 2959 438 2979 votum
451 2957 519 2979 Maria
533 2957 607 2985 prima
621 2958 678 2979 emi-

110 2997 138 3019 sit
155 2997 200 3019 669
218 3003 229 3019 a
247 3009 278 3012 —
295 2996 357 3018 Bona
375 2999 409 3018 est
426 2996 554 3019 fecunditas
568 2997 678 3025 coniuga-

205 3043 232 3066 S.
247 3043 341 3066 Bonae.
355 3055 386 3060 —
403 3043 474 3065 Tom.
490 3043 519 3065 X.

704 282 738 310 lis,
750 282 831 304 melior
842 282 935 304 castitas
953 281 1079 309 virginalis,
1091 281 1177 309 optima
1197 282 1271 303 fecun-

704 321 763 344 ditas
781 321 883 348 virginea
902 322 946 343 679
965 320 979 342 b

752 360 939 382 —immaculata
951 361 1020 387 fulget
1030 360 1191 382 conformitate
1204 359 1271 387 Agni,

706 399 857 422 familiaritate
874 399 957 427 Sponsi
976 402 998 421 ct
1015 399 1157 421 iucunditate
1175 398 1273 426 Spiritus

706 439 777 461 sancti
796 440 840 461 663
858 445 870 461 a
889 452 917 454 —
936 441 970 460 est
987 438 1160 460 inaestimabilis
1185 438 1206 460 in
1228 444 1272 460 me-

706 479 757 503 1110,
775 478 896 501 ineffabilis
914 478 935 500 in
957 478 1060 506 praemio
1086 478 1132 499 706
1150 484 1161 499 3
1180 489 1210 493 -
1236 478 1273 499 110-

707 524 762 541 nore
779 521 864 540 statum
882 518 1022 545 Angelorum
1044 520 1143 546 quatuor
1162 516 1274 544 gradibus

707 557 846 580 transcendit
864 556 918 579 ibid.
935 569 966 573 —
983 563 994 579 a
1014 559 1072 579 terra
1094 556 1182 578 redolet
1200 562 1273 584 usque

708 597 728 619 in
747 597 836 620 caelum
855 597 900 619 503
918 603 930 618 3

756 650 783 652 -
803 637 914 659 Dominus
931 639 965 658 est
983 636 1080 658 multum
1103 635 1222 662 zelotypus
1245 634 1274 656 de

707 676 838 704 virginitate
856 678 931 698 nostra
945 675 990 697 522
1008 681 1020 697 a
1041 687 1068 690 ——
1085 674 1190 697 Christus
1206 673 1274 701 virgi-

707 722 776 738 neum
794 716 867 738 decus
884 715 957 742 diligit
976 714 1021 736 663
1038 720 1050 736 a
1068 727 1098 729 —
1115 712 1220 735 Christus
1237 719 1275 735 vo-

708 756 748 777 luit
766 755 880 782 virginem
899 755 1000 781 Matrem,
1015 758 1200 781 praecursorem,
1213 752 1275 774 fami-

707 795 786 817 liarem
805 793 859 816 ibid.
874 806 903 810 —
917 793 1052 821 virginitate
1071 793 1131 815 Deus
1148 794 1182 814 est
1199 794 1275 814 noster

708 837 785 862 pater,
809 837 894 860 mater,
916 833 987 860 Virgo
1011 832 1123 860 gloriosa3
1147 831 1274 858 hereditas,

708 879 807 901 regnum
822 873 939 895 caelorum
958 872 1002 893 634
1017 871 1039 893 1).
1056 871 1102 893 635
1119 877 1131 892 3
1149 883 1178 887 -
1197 870 1275 892 imma-

708 913 781 935 culata
801 912 931 940 copulanda
951 914 985 933 est
1001 910 1091 933 Christo
1109 909 1212 937 largitori
1230 910 1274 931 663

709 953 723 975 b
742 965 770 968 —
789 953 810 974 in
830 954 905 974 mente
922 950 1108 974 confoederanda
1130 952 1164 972 est
1186 949 1275 972 Christo

708 992 834 1020 reparatori
848 992 892 1013 662
906 990 921 1012 b
938 1002 968 1006 —
985 990 1008 1012 in
1026 995 1093 1011 carne
1111 988 1275 1011 committenda

708 1035 742 1055 est
759 1031 849 1054 Christo
869 1030 993 1058 protectori
1011 1028 1040 1051 ib.
1058 1035 1070 1050 a

754 1083 786 1087 -
815 1070 975 1098 Virginitatem
1002 1068 1025 1090 in
1054 1070 1131 1090 mente
1156 1067 1277 1095 acquirere

709 1116 835 1139 possumus
852 1115 894 1137 per
911 1108 1009 1137 gratiam
1028 1107 1189 1129 justificantem
1202 1106 1247 1127 662
1264 1112 1275 1127 3

708 1163 738 1167 ——
755 1156 800 1172 non
819 1149 927 1177 concipit,
944 1148 988 1170 nisi
1007 1147 1143 1169 fecundetur
1155 1145 1227 1173 gratia
1241 1151 1277 1167 su-

709 1195 780 1218 perna
799 1189 844 1211 668
864 1188 878 1210 b

756 1242 786 1246 —
803 1228 909 1251 simulata
927 1230 961 1249 est
978 1226 1000 1248 in
1017 1226 1065 1248 sola
1083 1231 1159 1251 carne,
1172 1226 1276 1252 reparata

710 1272 732 1294 in
750 1270 797 1292 sola
811 1270 894 1293 mente,
907 1266 1053 1289 immaculata
1071 1265 1093 1287 in
1111 1264 1215 1292 utrisque
1232 1262 1272 1284 661

710 1317 722 1333 3
745 1304 776 1326 -’
799 1309 820 1330 10
844 1313 912 1329 carne
937 1305 1041 1328 subiacet
1063 1304 1165 1332 periculo
1190 1302 1278 1325 ratione

710 1348 783 1372 divini
801 1347 891 1374 iudicii,
909 1345 1038 1374 praecipitii
1056 1343 1145 1372 proprii
1169 1345 1192 1364 et
1213 1348 1278 1364 scan-

711 1388 757 1411 dali
775 1387 842 1409 alieni
857 1385 910 1409 ibid.
929 1398 957 1400 —
976 1385 997 1406 in
1016 1386 1093 1405 mente
1110 1382 1198 1410 indiget
1214 1387 1279 1409 prae-

711 1427 769 1450 sidio
788 1425 961 1448 misericordiae
978 1426 1000 1445 et
1025 1422 1113 1451 gratiae
1138 1421 1231 1443 divinae
1256 1424 1279 1442 et

710 1468 838 1489 tutamento
865 1464 977 1487 Ecclesiae
1002 1463 1047 1484 662
1073 1468 1094 1488 a,
1120 1460 1135 1483 b
1161 1473 1191 1476 ——
1208 1466 1278 1488 saepe

711 1505 875 1533 corrumpitur,
893 1503 949 1526 dum
975 1504 1049 1524 tactus
1066 1498 1154 1523 illicitos
1174 1499 1279 1528 sequitur

711 1545 756 1568 285
775 1551 786 1567 3
803 1557 834 1560 -
852 1543 905 1566 Eius
922 1543 987 1565 ruina
1006 1540 1082 1563 reddit
1102 1540 1220 1562 hominem
1239 1538 1279 1561 dif-

712 1585 794 1607 fieilem
813 1583 842 1605 ad
860 1581 1025 1610 poenitendum
1044 1580 1084 1601 661
1107 1579 1121 1601 1)

760 1624 830 1646 Vmoo
860 1635 888 1638 ——
915 1622 969 1644 Pars
994 1620 1111 1647 virginum
1138 1621 1172 1641 est
1199 1617 1279 1639 melior

711 1669 782 1692 quam
796 1668 849 1690 pars
861 1661 1048 1688 coniugatorum,
1060 1658 1185 1681 viduarum
1198 1660 1220 1679 et
1233 1663 1279 1679 ma-

711 1705 772 1725 trum
790 1702 836 1724 703
854 1707 866 1723 3
883 1713 914 1716 -
931 1702 985 1722 sunt
1001 1704 1101 1726 sponsae
1127 1697 1209 1720 Christi
1232 1697 1278 1719 704

712 1741 727 1764 b
744 1755 774 1757 —
792 1747 852 1770 quae
869 1742 903 1762 est
921 1739 995 1766 magis
1011 1738 1121 1765 despecta
1142 1737 1200 1759 inter
1217 1736 1279 1763 alias,

711 1781 729 1803 si
746 1784 781 1803 est
798 1786 855 1808 pura
874 1782 896 1801 ct
914 1780 1017 1805 honesta,
1029 1777 1142 1805 accipitur
1159 1783 1170 1798 a
1189 1775 1279 1799 Christo

712 1821 735 1842 in
752 1825 847 1842 uxorem
866 1819 911 1841 522
923 1824 935 1839 3
949 1830 977 1833 —-
990 1817 1093 1845 speciosa
1107 1819 1148 1842 est,
1160 1821 1221 1844 quae
1236 1821 1278 1837 nec

711 1859 811 1882 exterius
828 1864 870 1880 nec
887 1857 981 1880 interius
997 1856 1099 1878 maculas
1117 1854 1186 1877 habet
1203 1855 1248 1877 663
1266 1861 1277 1877 3

758 1911 788 1915 -
806 1904 888 1920 omnes
907 1899 997 1925 praeter
1015 1895 1109 1917 Mariam
1127 1895 1209 1922 spinae
1225 1897 1279 1916 sunt

710 1941 806 1966 propter
824 1938 918 1959 aculeos
934 1935 1137 1963 concupiscentiae
1149 1940 1194 1956 non
1207 1933 1278 1956 omni-

711 1984 740 2000 00
758 1977 780 1999 in
798 1977 831 1999 eis
848 1976 972 1998 exstinctae
990 1975 1035 1996 699
1052 1981 1064 1996 a

757 2030 787 2032 —
806 2017 854 2038 Non
872 2018 907 2038 est
924 2014 1064 2041 incredibile,
1087 2013 1201 2041 virginem
1227 2018 1279 2035 con-

710 2056 796 2084 cipere,
808 2055 907 2083 Spiritus
925 2055 947 2076 S.
966 2054 1039 2081 gratia
1052 2052 1189 2075 fecundante
1206 2052 1250 2074 668
1264 2051 1278 2073 b

757 2108 788 2111 ——
814 2095 903 2117 ducunt
919 2094 990 2116 vitam
1016 2093 1144 2120 angelicam
1162 2094 1185 2114 et
1209 2092 1279 2113 caele-

711 2138 769 2158 stem
787 2135 832 2156 200
851 2133 866 2156 1)
884 2146 912 2149 -«
931 2133 1020 2155 virilem
1033 2132 1137 2154 animum
1152 2131 1279 2153 induerunt

712 2174 756 2196 604
776 2173 790 2196 1)
807 2175 877 2195 —ln
904 2173 936 2195 015
962 2175 995 2194 est
1020 2172 1128 2194 sanctitas
1153 2170 1279 2198 pudicitiae

712 2214 757 2235 613
770 2213 785 2235 1)
796 2225 828 2229 -
840 2213 923 2234 Ε3111111
942 2211 1060 2233 sanctitate
1078 2210 1176 2232 Ecclesia
1192 2209 1279 2237 magni-

712 2252 754 2274 fice
771 2252 894 2274 decoratur
911 2251 955 2272 603
974 2249 989 2271 b
1011 2262 1041 2266 -
1064 2250 1147 2271 Earum
1172 2248 1279 2270 sanctitas

713 2298 753 2319 per
770 2291 859 2319 lapides
877 2289 1043 2312 desiderabiles
1055 2288 1190 2315 designatur
1208 2287 1253 2309 604-
1265 2293 1277 2309 3

759 2343 789 2346 ——
806 2330 829 2351 ln
842 2328 973 2357 virginibus
985 2328 1056 2350 sacris
1068 2327 1137 2350 debet
1148 2332 1199 2349 esse
1210 2327 1279 2349 timor

711 2372 805 2392 sanctus
821 2369 850 2391 de
868 2369 914 2390 Deo
933 2368 978 2390 520
992 2367 1006 2389 1)
1023 2379 1054 2383 -
1072 2367 1133 2388 Deus
1146 2368 1181 2388 est
1198 2366 1279 2393 zeloty-

712 2415 756 2437 pus
773 2408 802 2431 de
820 2414 899 2430 earum
924 2406 1078 2435 pulcritudine
1102 2405 1215 2431 interiori;
1237 2404 1278 2427 sed

712 2448 741 2470 de
753 2447 859 2470 exteriori
871 2447 920 2469 sine
931 2446 1034 2468 interiori
1050 2451 1133 2473 parum
1146 2447 1210 2467 curat
1222 2442 1277 2466 ibid.

759 2500 788 2503 -
806 2487 828 2509 111
846 2486 878 2509 eis
896 2486 976 2508 claruit
992 2485 1087 2513 spiritus
1104 2484 1192 2507 timoris
1209 2483 1253 2505 599
1266 2489 1278 2505 3

711 2540 741 2543 --
759 2527 807 2548 lllas
826 2526 908 2548 imitari
926 2524 1041 2548 debemus
1057 2523 1111 2547 ibid.
1130 2524 1174 2545 600
1192 2529 1204 2545 3

758 2578 789 2582 -
807 2564 927 2588 habebunt
943 2564 1061 2586 aureolam
1080 2563 1100 2585 in
1121 2563 1206 2591 capite,
1224 2562 1278 2591 quia

712 2611 757 2628 non
775 2604 907 2627 habuerunt
929 2606 989 2626 serta
1014 2603 1121 2625 lasciviae
1148 2602 1193 2624 285
1218 2607 1229 2623 3
1247 2613 1278 2617 -

712 2645 829 2672 proferent
846 2644 960 2666 canticum
979 2649 1080 2669 novum,
1105 2642 1159 2670 quia
1177 2648 1221 2663 non
1247 2641 1278 2663 di-

711 2687 793 2706 xerunt
810 2683 935 2705 cantilenas
961 2682 1110 2710 turpitudinis
1128 2680 1182 2703 ibid.
1198 2693 1229 2697 -
1246 2687 1278 2703 se-

711 2726 815 2752 quuntur
832 2725 923 2750 Agnum
944 2725 1043 2750 utroque
1061 2721 1130 2749 pede,
1152 2720 1206 2749 quia
1232 2726 1277 2742 non

712 2762 826 2785 duxerunt
843 2763 939 2784 choreas
956 2760 1010 2784 ibid.

761 2814 787 2817 —
808 2802 883 2823 fatuae
895 2801 1011 2827 dicuntur,
1023 2805 1083 2828 quae
1101 2799 1200 2822 exterius
1211 2805 1278 2827 prae—

712 2841 809 2863 tendunt
826 2840 949 2868 puritatem
976 2842 998 2861 et
1015 2839 1110 2861 interius
1128 2838 1214 2860 habent
1239 2838 1278 2860 im-

712 2880 835 2907 puritatem
854 2879 894 2901 661
917 2885 928 2900 3
948 2891 977 2894 e«
995 2880 1070 2900 fatuae
1087 2884 1132 2900 non
1149 2880 1214 2900 erant
1231 2878 1279 2905 pul-

712 2925 765 2941 crae
781 2918 936 2947 pulcritudine
954 2918 1056 2940 interiori
1073 2917 1118 2939 520
1136 2923 1148 2938 3

759 2970 788 2973 -
807 2963 851 2979 11011
869 2959 903 2979 051
921 2956 1083 2984 conspicienda
1101 2957 1142 2978 661
1165 2955 1179 2978 b
1197 2968 1227 2971 —
1243 2955 1278 2977 Ab

712 3003 739 3019 ea
756 2996 849 3019 arcendi
875 2999 929 3018 sunt
952 2996 1012 3018 oculi
1030 2996 1153 3018 exteriores
1178 2998 1200 3017 et
1223 2995 1279 3017 inte-

1569 243 1616 265 Vllt

1305 281 1377 303 riores
1395 282 1440 303 662
1458 288 1469 303 3
1488 294 1517 298 -
1535 283 1589 304 liam
1607 288 1757 309 corrumpere
1769 285 1800 304 est
1815 285 1871 304 1011)-

1306 321 1370 348 plum
1386 320 1425 342 Dei
1438 320 1523 343 violare
1540 320 1594 343 ibid.
1612 333 1641 337 -—
1663 322 1741 343 Scelus
1759 327 1869 348 magnum

1306 363 1340 381 est
1357 365 1507 387 corrumpere
1525 360 1638 387 virginem
1657 360 1700 382 sub
1719 360 1871 387 promissione

1307 398 1445 420 matrimonii
1459 398 1503 420 636
1516 405 1527 420 a
1540 411 1570 415 —
1584 399 1644 420 Deus
1656 405 1700 421 non
1714 402 1787 427 potest
1800 399 1871 421 susci-

1307 441 1354 460 tare
1373 437 1486 465 virginem
1505 440 1556 465 post
1574 438 1663 459 ruinam
1682 439 1722 459 661
1740 438 1754 459 1)
1769 450 1799 454 -—
1812 438 1872 460 Deus

1307 477 1367 498 valet
1385 476 1482 498 liberare
1499 476 1528 498 de
1546 483 1631 504 poena,
1649 477 1689 498 sed
1708 483 1752 499 non
1772 478 1820 499 vult
1837 484 1872 499 co-

1307 522 1389 538 ronare
1407 515 1522 543 virginem
1539 519 1673 543 corruptam
1691 515 1745 538 ibid.

1356 555 1485 577 Vmoocrun
1503 567 1534 571 —
1555 555 1657 577 ascendit
1682 555 1731 577 sine
1757 555 1826 577 ramis
1852 559 1873 577 et

1309 594 1429 617 frondibus
1447 594 1491 616 325
1510 594 1525 616 b
1542 606 1571 610 —-
1589 594 1695 621 designat
1714 597 1872 622 paupertatem

1307 633 1362 656 ibid.

1356 673 1470 695 Vinicius
1487 685 1516 689 —
1535 673 1652 695 Virilitatis
1668 679 1728 701 opus
1745 676 1789 695 tres
1807 672 1875 695 habet

1309 713 1395 740 gradus
1412 712 1457 734 684
1476 719 1487 734 a

1357 752 1440 774 th'rus
1457 764 1486 767 —
1504 752 1579 773 omnis
1596 751 1657 773 unita
1677 752 1728 779 plus
1740 754 1774 773 est
1786 751 1874 774 infinita

1308 797 1379 819 quam
1398 791 1547 818 multiplicata
1566 791 1610 813 352
1628 797 1640 813 3
1658 803 1689 807 -
1707 791 1728 813 10
1741 791 1776 813 5111
1788 791 1875 819 disper-

1308 831 1373 852 sione
1391 830 1508 857 minuitur,
1526 830 1548 852 in
1567 830 1601 852 sui
1614 830 1793 858 congregatione
1805 836 1875 858 auge-

1309 872 1345 892 tur
1363 869 1403 891 fill
1427 869 1441 891 b

1356 922 1386 925 —
1403 909 1473 931 animi
1492 909 1594 931 consistit
1610 909 1631 931 in
1655 909 1746 936 agendo
1768 912 1790 931 et
1811 909 1876 931 susti·

1310 949 1385 971 nendo
1403 948 1449 970 510
1466 954 1478 970 a
1497 961 1525 963 —
1538 948 1628 970 Maioris
1641 948 1732 970 virtutis
1744 951 1778 970 est
1790 949 1876 971 vulnus

1310 994 1384 1016 aequo
1402 988 1479 1009 animo
1491 988 1603 1009 sustinere
1615 994 1685 1016 quam
1698 988 1781 1010 vulnus
1793 988 1876 1010 inferre

1310 1026 1355 1048 684
1374 1026 1389 1048 b
1406 1039 1436 1042 —
1454 1027 1577 1049 Virtuosus
1594 1029 1627 1049 est
1644 1027 1683 1055 qui
1702 1027 1804 1049 virtuose
1821 1033 1876 1055 ope·

1310 1070 1373 1088 ratur
1390 1070 1412 1088 et
1434 1066 1537 1088 virtuose
1562 1066 1688 1094 triumphat
1711 1066 1755 1087 510
1774 1072 1794 1094 a,
1814 1065 1829 1088 b
1846 1078 1877 1082 —

1311 1106 1402 1134 Quanto
1419 1105 1506 1134 aliquid
1524 1108 1558 1127 est
1570 1105 1702 1133 virtuosius,
1715 1108 1777 1127 tanto
1790 1108 1823 1127 est
1836 1106 1878 1127 for-

1311 1145 1356 1167 tius
1374 1144 1413 1166 481
1435 1151 1447 1167 3

1358 1197 1389 1200 -
1406 1185 1499 1212 Septem
1517 1187 1569 1206 sunt
1586 1184 1682 1206 virtutes
1699 1185 1826 1211 interiores,
1839 1184 1879 1206 501-

1312 1224 1364 1245 licet
1380 1229 1469 1251 sensus,
1487 1223 1630 1251 imaginatio,
1654 1223 1791 1250 aestimatio,
1813 1223 1878 1251 ratio,

1312 1263 1446 1291 intellectus,
1458 1263 1604 1291 intelligentia
1616 1265 1638 1285 et
1649 1269 1707 1290 apex
1717 1263 1800 1285 mentis
1813 1263 1854 1284 162
1864 1262 1879 1284 1)

1360 1314 1390 1318 —
1407 1305 1441 1325 est
1458 1302 1479 1324 in
1497 1303 1544 1324 sola
1562 1302 1627 1324 liberi
1650 1301 1739 1324 arbitrii
1762 1302 1878 1324 voluntate

1313 1342 1353 1363 661
1376 1347 1388 1363 3
1405 1354 1436 1358 -
1453 1346 1487 1364 cst
1504 1342 1563 1364 circa
1581 1341 1679 1364 arduum
1697 1341 1822 1364 etdifficile
1833 1342 1874 1363 601

1313 1387 1324 1402 a
1342 1393 1372 1397 —
1389 1381 1474 1403 certior
1491 1384 1525 1403 est
1541 1381 1604 1403 omni
1622 1384 1670 1403 arte
1687 1381 1731 1403 717
1751 1381 1765 1403 b
1782 1393 1812 1397 —
1831 1382 1879 1403 fun-

1312 1421 1447 1443 damentum
1474 1421 1575 1448 primum
1600 1420 1685 1443 habent
1707 1426 1718 1442 a
1738 1420 1783 1442 fide
1802 1421 1841 1442 181
1864 1419 1878 1442 1)

1314 1472 1342 1475 —
1360 1459 1431 1488 Origo
1449 1460 1540 1482 virtutis
1557 1463 1591 1482 est
1609 1460 1631 1482 in
1649 1460 1795 1488 possessione
1807 1459 1878 1482 divini

1314 1499 1367 1521 boni
1386 1500 1427 1521 501
1444 1499 1458 1521 1)
1475 1512 1505 1516 --
1524 1499 1581 1522 mira
1600 1500 1633 1521 illa
1651 1502 1692 1527 est,
1707 1505 1767 1528 quae
1778 1498 1879 1521 sublimi-

1314 1540 1383 1560 tatem
1400 1539 1478 1566 operis
1495 1539 1614 1566 coniungit
1626 1545 1679 1561 cum
1693 1538 1819 1561 humilitate
1832 1544 1879 1560 cor-

1313 1578 1349 1600 dis
1367 1578 1410 1600 483
1427 1584 1438 1600 a
1456 1590 1487 1594 —
1505 1585 1545 1606 per
1563 1584 1639 1601 arcem
1657 1578 1791 1606 designatur
1809 1578 1849 1599 601
1866 1583 1878 1599 3

1360 1630 1391 1634 --
1409 1618 1431 1640 10
1449 1620 1508 1640 tanta
1527 1621 1658 1645 temporum
1677 1620 1699 1639 et
1710 1617 1827 1639 actionum
1840 1622 1880 1639 va-

1313 1656 1393 1679 rietate
1410 1663 1456 1679 non
1473 1657 1557 1679 sufficit
1574 1663 1619 1679 una
1638 1657 1711 1679 virtus
1729 1656 1774 1679 564
1793 1656 1815 1678 1).
1833 1656 1878 1678 565

1313 1702 1325 1717 3
1343 1708 1372 1712 -
1392 1696 1444 1718 ldeo
1461 1699 1552 1724 oportet
1569 1697 1650 1718 faciem
1673 1698 1817 1718 commutare
1834 1695 1879 1717 565

1313 1741 1325 1756 3
1345 1748 1373 1751 —-
1391 1735 1464 1758 Huius
1481 1736 1544 1758 faciei
1562 1738 1717 1758 commutatae
1735 1735 1880 1763 quadruplex

1314 1778 1347 1797 est
1364 1775 1490 1797 similitudo
1513 1775 1639 1803 designans
1661 1778 1761 1803 quatuor
1783 1774 1880 1796 virtutes

1313 1813 1367 1837 ibid.
1384 1826 1415 1830 —
1432 1817 1485 1837 sunt
1511 1814 1638 1836 cardinales
1660 1816 1683 1836 et
1705 1813 1879 1841 intellectuales,

1313 1854 1401 1876 activae
1423 1856 1445 1876 et
1470 1854 1674 1881 contemplativae,
1701 1853 1835 1880 operativae
1858 1856 1881 1875 et

1313 1893 1515 1916 consuetudinales
1537 1893 1581 1914 638
1604 1899 1616 1914 a
1634 1905 1665 1908 —
1682 1892 1826 1920 septiformis
1847 1894 1880 1913 est

1313 1933 1427 1960 gratuitae
1450 1932 1542 1955 virtutis
1563 1932 1673 1960 perfectio
1697 1932 1742 1953 680
1759 1938 1771 1953 a
1789 1943 1820 1947 -
1838 1931 1880 1953 Sex

1313 1974 1365 1994 sunt
1382 1978 1452 2000 opera
1471 1972 1596 1998 virtutum,
1614 1972 1636 1993 in
1654 1970 1740 2000 quibus
1763 1972 1833 1993 homo
1856 1975 1881 1992 50

1313 2011 1383 2034 debet
1399 2017 1505 2034 exercere
1522 2011 1599 2040 quoad
1618 2017 1642 2033 se
1658 2014 1680 2033 et
1691 2010 1822 2038 proximum
1835 2009 1880 2032 267

1314 2050 1336 2072 1).
1355 2051 1399 2072 268
1418 2057 1429 2072 3
1450 2064 1478 2066 -
1497 2050 1631 2073 Exercitatio
1644 2051 1755 2072 virtutum
1768 2049 1880 2077 significa-

1314 2092 1349 2112 tur
1367 2096 1408 2117 per
1425 2096 1463 2112 sex
1481 2089 1576 2112 arbores
1594 2090 1623 2112 52
1640 2089 1656 2111 1)

1360 2142 1390 2146 -
1408 2130 1556 2157 evangelicae
1573 2132 1674 2158 quatuor
1691 2132 1745 2151 sunt
1763 2128 1806 2150 468
1825 2134 1837 2149 3
1850 2141 1880 2143 -

1313 2168 1433 2197 Quaelibet
1458 2175 1538 2191 earum
1565 2168 1691 2196 triplicatur
1717 2167 1771 2190 ibid.
1788 2179 1818 2183 —
1837 2167 1881 2189 Has

1313 2214 1359 2230 non
1377 2208 1507 2230 docuerunt
1524 2208 1655 2235 philosophi
1673 2206 1727 2229 ibid.

1364 2260 1389 2263 ἡ
1407 2247 1571 2269 intellectuales
1596 2247 1704 2269 dicuntur
1726 2246 1777 2273 plus
1803 2246 1880 2268 valere

1313 2292 1383 2315 quam
1401 2286 1603 2308 consuetudinales
1620 2285 1664 2308 556
1683 2291 1695 2307 a
1714 2297 1743 2301 —
1760 2287 1880 2307 consuetu-

1313 2325 1394 2348 dinalis
1410 2328 1445 2347 est
1466 2324 1558 2347 habitus
1580 2325 1685 2352 politicus
1703 2324 1747 2346 482
1766 2324 1780 2346 1)
1799 2337 1827 2339 -
1845 2323 1879 2345 di-

1312 2365 1460 2392 stinguuntur
1472 2365 1495 2386 in
1507 2364 1611 2392 politicas
1623 2366 1645 2386 et
1656 2363 1795 2391 theologicas
1808 2363 1852 2385 419
1864 2362 1880 2384 1)

1360 2416 1391 2420 —-
1408 2404 1505 2426 Virtutis
1522 2403 1609 2431 gradus
1626 2406 1659 2425 est
1680 2403 1788 2425 triformis
1805 2402 1849 2424 407
1867 2408 1879 2424 3

1313 2456 1343 2460 -
1360 2443 1503 2471 theologicae
1525 2446 1577 2465 sunt
1598 2445 1760 2465 ornamentum
1778 2444 1800 2463 et
1817 2447 1879 2464 com-

1313 2484 1455 2511 plementum
1481 2482 1602 2504 cuiuslibet
1614 2482 1705 2504 virtutis
1718 2481 1762 2503 450
1776 2480 1790 2502 1)
1802 2493 1833 2497 -
1845 2481 1880 2502 111-

1314 2524 1364 2551 plex
1376 2522 1503 2550 theologica
1516 2522 1634 2544 hominem
1647 2521 1774 2543 secundum
1786 2526 1879 2542 omnem

1314 2562 1441 2590 potentiam
1469 2561 1497 2584 ad
1525 2562 1598 2583 Deum
1627 2561 1717 2583 ordinat
1742 2560 1785 2582 419
1812 2566 1824 2582 a
1849 2572 1880 2576 —

1313 2602 1456 2629 theologicae
1488 2601 1642 2623 assimilantur
1675 2599 1772 2621 fimbriis
1804 2599 1880 2621 aureis

1313 2641 1358 2664 450
1376 2641 1390 2663 1)

1359 2693 1390 2696 -
1407 2680 1534 2702 cardinales
1551 2682 1602 2701 sunt
1620 2682 1720 2707 quatuor
1739 2678 1778 2700 451
1801 2684 1821 2700 a.
1834 2677 1878 2699 604

1312 2726 1324 2742 a
1342 2733 1373 2735 —
1391 2719 1511 2748 Quaelibet
1526 2725 1606 2741 earum
1625 2718 1750 2746 triplicatur
1767 2717 1812 2739 604
1824 2723 1837 2738 a
1849 2729 1879 2733 —

1313 2759 1440 2782 cardinales
1457 2758 1617 2786 significantur
1634 2764 1676 2785 per
1690 2760 1790 2786 quatuor
1802 2760 1880 2784 portas

1313 2799 1436 2827 triplicatas
1453 2797 1507 2821 ibid.
1524 2810 1554 2814 —
1572 2797 1700 2819 cardinales
1712 2800 1734 2818 et
1746 2796 1880 2824 operativae

1312 2838 1421 2860 dicuntur
1437 2837 1558 2860 columnae
1570 2839 1693 2864 argenteae
1705 2836 1750 2858 638
1763 2835 1778 2857 b
1791 2847 1821 2851 —
1833 2841 1880 2857 car-

1312 2877 1401 2899 dinales
1418 2877 1439 2898 10
1457 2875 1543 2905 quibus
1560 2876 1686 2898 consistant
1705 2875 1743 2897 451
1766 2881 1779 2896 a
1792 2887 1820 2890 —
1833 2880 1880 2897 car—

1313 2916 1408 2944 dinales,
1419 2916 1471 2938 licet
1482 2915 1582 2937 habeant
1598 2915 1777 2941 distinctionem,
1795 2913 1880 2936 habent

1313 2958 1389 2977 tamen
1412 2955 1567 2977 connexiones
1591 2956 1613 2976 et
1635 2954 1783 2982 aequalitates
1800 2954 1845 2976 716
1864 2953 1878 2975 1)

1313 3007 1343 3011 -
1366 2994 1493 3017 cardinales
1516 2997 1636 3022 portantur
1661 3000 1702 3022 per
1727 2999 1831 3016 amorem
1858 2998 1880 3017 et

1754 3042 1782 3064 23
