2269 3448
646 226 743 255 lNDEX
766 226 1007 255 ALt'ttABE't‘tCth
1029 226 1105 254 NONl
1129 225 1314 254 vocntvttNts.

351 268 406 290 GLO

144 321 174 325 —
192 315 233 337 per
245 307 405 336 pompositatis
417 306 546 329 iactantiam
559 309 592 328 est
604 312 662 328 vana

98 349 142 371 460
156 348 170 370 1)
182 360 213 365 ·--
227 347 282 370 Vani
301 347 428 375 gloriantur
445 346 466 368 in
484 345 591 372 scientiis,
608 345 665 367 divi-

98 388 132 410 tiis
150 391 172 409 ct
197 386 323 409 honoribus
353 387 394 407 102
412 392 424 407 0
451 398 479 401 --
506 385 565 407 llaec
582 384 664 406 conde-

97 429 204 449 mnantur
222 433 234 448 a
252 426 341 448 Christo
359 428 465 447 nascente
491 423 520 447 ib.
547 430 567 451 a,
594 423 608 445 b
634 435 664 439 —

97 466 140 494 Qui
157 465 247 494 qtiacrit
264 465 361 493 gloriam
387 463 507 486 hominum
526 468 572 484 nott
590 464 665 489 potest

96 511 120 527 se
137 504 237 533 probare
255 504 284 526 ad
302 503 442 525 voluntatem
460 502 563 523 divinam
591 501 631 522 137
650 500 665 522 1)

145 556 174 559 -
192 544 333 572 Quaeremus
350 542 447 570 gloriam
466 541 546 563 mundi
559 543 611 562 suut
623 540 665 561 1105

98 583 164 610 foeni,
182 583 254 604 immo
277 584 330 604 sunt
347 581 406 604 sicut
428 585 516 602 stercus
540 579 579 601 601
604 579 664 601 1)-

96 622 196 644 Gloriam
215 627 299 643 vanam
318 620 443 643 vitabimus
460 625 501 647 per
523 618 665 645 contempla-

97 661 181 683 tionem
199 660 340 689 quiescendo
358 660 379 681 in
399 659 444 681 Deo
466 659 507 680 138
525 658 540 680 1)
558 670 588 674 -
605 663 664 679 vana

96 700 210 722 vincenda
229 703 263 722 est
287 705 328 727 per
349 698 488 727 profundam
512 696 663 719 humilitatem

99 740 143 762 ‘207
162 739 177 761 b

147 791 174 794 —
185 778 288 800 caelestis
298 778 431 805 designatur
442 782 482 804 per
491 781 587 798 coenam
600 775 643 797 357
651 781 662 796 0

98 830 128 834 -
140 821 174 840 est
186 817 341 840 remuneratio
358 816 432 838 meriti
445 816 484 838 271
502 821 514 837 0
526 828 555 831 -
568 817 602 837 est
620 820 664 836 ma-

98 857 152 880 teria
171 857 332 879 consolationis
344 855 399 878 ibid.
411 868 441 872 —
453 855 556 877 caelestis
573 857 607 876 cst
619 854 665 876 uni-

98 896 192 919 versalis
210 895 403 924 participationis,
421 895 494 916 11110115
510 893 664 922 quietationis,

98 935 299 959 inexterminabilis
317 934 479 962 proportionis,
491 933 665 960 incomprcheir

97 975 169 997 sibilis
186 974 293 997 claritatis
310 973 382 996 2191)
396 985 424 990 -
441 975 475 995 est
493 971 665 994 inaestimabilis

98 1015 198 1042 honoris,
217 1013 359 1037 admirabilis
371 1012 474 1040 decoris,
492 1010 665 1034 interminabilis

98 1053 244 1077 iucunditatis
263 1053 306 1075 418
320 1052 335 1074 1)
352 1065 382 1069 -
401 1053 421 1073 10
440 1052 511 1079 gloria
524 1051 610 1073 nullum
623 1050 665 1072 erit

98 1094 195 1121 malum,
223 1093 311 1115 nullum
338 1091 415 1114 latebit
441 1090 527 1113 bonum
547 1091 575 1112 26
595 1089 609 1111 1)
634 1101 665 1105 -—

97 1132 235 1155 Glorificatio
252 1131 341 1154 excedit
354 1136 423 1153 omne
436 1130 537 1152 hominis
548 1129 664 1155 meritum,

97 1172 223 1200 cogitatum
242 1174 263 1193 et
274 1171 392 1199 ingenium
405 1170 445 1192 5¹51
464 1169 478 1191 b
490 1181 520 1185 -—
533 1169 584 1191 ideo
597 1173 665 1190 nemo

98 1211 181 1233 sufficit
198 1211 227 1233 ad
246 1211 338 1238 plenmu
357 1209 442 1237 gratias
459 1215 529 1236 agere
555 1214 597 1236 pro
615 1207 663 1235 ipsa

98 1250 151 1273 ibid.
168 1263 198 1267 -
208 1250 257 1272 aliis
270 1249 393 1278 partialiter
405 1249 508 1276 largitur,
522 1247 605 1270 Mariae
618 1248 665 1275 ple-

97 1290 177 1312 nitudo
195 1289 282 1317 gloriae
299 1292 333 1311 est
349 1294 456 1310 concessa
475 1288 520 1309 692
539 1287 554 1309 1)

144 1342 174 1346 -
192 1329 272 1351 Anima
296 1328 368 1356 gloria
395 1327 485 1350 caelesti
509 1326 605 1349 totaliter
628 1326 666 1348 ab·

97 1368 211 1395 sorbetur,
229 1374 296 1390 secus
313 1367 429 1396 appetitus
446 1367 522 1389 adhue
546 1366 666 1393 insurgere

99 1412 176 1436 posset
194 1408 222 1430 ad
241 1408 340 1436 amplius
361 1406 519 1435 appetendum
543 1406 588 1427 359
605 1411 617 1427 a
635 1418 665 1420 —

145 1460 175 1464 —
193 1447 274 1469 Anima
292 1447 369 1469 divina
393 1445 514 1468 dulcedine
537 1445 621 1473 repleta
644 1447 666 1466 et

98 1488 190 1515 perfusa
209 1493 253 1508 non
273 1489 359 1508 tantum
372 1485 474 1511 satiatur,
487 1485 558 1506 immo
572 1483 667 1506 inebria-

99 1529 135 1549 tur
152 1530 174 1549 et
191 1526 289 1548 totaliter
306 1524 444 1547 absorbetur
463 1524 507 1546 3rl3
526 1523 541 1546 b
566 1536 597 1539 —
615 1523 667 1545 facit

98 1566 238 1592 satietatem,
257 1571 300 1587 non
320 1568 395 1587 tamen
422 1564 539 1586 fastidium
558 1563 586 1585 26
605 1562 620 1584 1)
637 1575 666 1579 -

98 1608 193 1634 propter
207 1604 376 1627 multitudinem
390 1603 556 1631 possidentium
574 1609 621 1624 non
633 1602 668 1624 di-

98 1644 217 1672 minuitur,
234 1644 275 1666 sed
299 1644 380 1665 crescit
398 1643 443 1665 369
461 1649 473 1664 0
490 1654 522 1658 -
548 1642 571 1664 10
594 1642 666 1669 gloria

98 1690 143 1706 11011
160 1689 302 1712 quaeremus
313 1683 399 1711 aliquid
418 1685 493 1704 mente
510 1681 667 1708 ratiocinante,

98 1723 139 1745 sed
157 1728 280 1745 cernemus
296 1722 466 1750 contemplante
484 1722 512 1743 26
532 1720 546 1743 1)

146 1775 175 1778 -
192 1762 308 1784 Gaudium
323 1761 410 1789 gloriae
422 1763 456 1783 est
468 1761 547 1789 triplex
561 1761 605 1783 313
618 1766 639 1787 0,
652 1759 667 1782 b

99 1815 129 1818 —
147 1802 250 1824 consistit
266 1801 289 1823 in
307 1801 389 1829 triplici
408 1801 461 1823 dote
479 1801 507 1822 26
521 1806 533 1821 a
550 1812 581 1816 —
600 1799 668 1821 Dotes

99 1841 185 1869 gloriae
207 1844 260 1863 sunt
281 1844 361 1869 aperta
386 1840 457 1867 visio,
480 1840 558 1868 quieta
576 1839 667 1866 fruitio,

99 1881 164 1903 firma
183 1880 253 1902 tentio
272 1880 316 1902 358
335 1880 350 1902 b
367 1893 397 1895 —
415 1880 493 1907 imago
511 1879 597 1907 gloriae
615 1884 669 1900 con-

99 1920 158 1942 sistit
174 1921 196 1942 10
215 1920 321 1946 tentione,
339 1919 478 1947 cognitione,
490 1918 583 1941 caritate
596 1917 640 1940 449
653 1917 668 1939 1)

99 1972 129 1975 -
149 1959 221 1981 Prima
236 1959 313 1987 imago
331 1962 365 1981 est
377 1959 442 1987 quasi
455 1959 553 1986 sculpta,
566 1957 667 1980 secunda

100 1999 208 2025 colorata,
226 1999 289 2020 tertia
308 1999 354 2020 sole
372 1998 479 2020 irradiata
498 1996 552 2020 ibid.
569 2009 600 2013 —
620 1997 668 2019 Glo-

101 2038 148 2060 riae
166 2038 275 2060 transitus
291 2041 325 2060 est
343 2037 421 2065 triplex
441 2037 468 2059 42
481 2043 493 2059 a
511 2049 541 2052 —
562 2036 668 2064 ingloria

100 2083 241 2099 renovamur
267 2083 307 2105 per
325 2077 437 2099 visionem
458 2076 508 2104 oei,
525 2076 668 2098 influentiam

101 2117 193 2139 divinae
211 2116 329 2143 bonitatis,
347 2116 471 2138 tentionem
490 2121 605 2143 supernae
623 2115 669 2137 feli-

101 2156 186 2183 citatis,
204 2156 399 2178 continuationem
426 2158 532 2177 aeternae
549 2154 669 2181 bonitatis,

101 2196 181 2218 stolam
208 2195 380 2223 glorificationis
405 2194 510 2222 corporis
535 2194 579 2216 336
603 2193 618 2215 1)
639 2206 669 2210 --

102 2235 139 2257 Sol
156 2237 263 2257 aeternus
279 2233 433 2262 resplendebit
451 2234 471 2256 in
490 2233 615 2261 imaginem
632 2238 670 2254 na-

102 2277 166 2296 turae
183 2276 205 2296 et
223 2274 310 2301 gratiae
329 2273 373 2295 449
392 2273 407 2295 1)
426 2285 450 2288 --
472 2273 567 2300 Propter
587 2272 670 2294 redun-

102 2313 202 2335 dantiam
221 2313 308 2340 gloriae
325 2313 454 2334 animarum
473 2312 515 2334 erit
534 2311 669 2339 refulgentia

101 2358 225 2380 corporum
240 2351 269 2375 ib.
283 2358 294 2373 a
309 2364 337 2367 —
350 2351 450 2374 Nebulae
462 2351 549 2379 gloriae
560 2351 669 2373 dicuntur

102 2392 142 2420 qui
155 2391 240 2414 liabent
249 2391 348 2419 primam
361 2391 442 2413 stolam
461 2393 483 2412 et
494 2393 626 2418 exspectant
637 2396 670 2412 se·

102 2431 203 2453 condam
222 2431 266 2452 283
284 2437 296 2452 a

149 2482 180 2486 —
202 2470 303 2492 Gloriam
326 2470 430 2492 Christus
452 2469 519 2491 nobis
541 2469 671 2496 promeruit

103 2515 144 2537 per
160 2516 229 2532 suum
247 2509 383 2537 sanguinem
402 2509 431 2531 26
451 2509 464 2531 b
481 2522 511 2524 —
528 2509 576 2531 Non
590 2514 670 2536 perve-

102 2549 163 2571 nitur
180 2549 210 2571 ad
228 2549 324 2576 gloriam
343 2555 384 2576 per
404 2549 477 2570 solam
497 2548 549 2570 mali
566 2548 669 2570 evitatio—

103 2595 154 2610 nem
174 2588 217 2610 677
236 2595 248 2610 a
267 2601 297 2604 —
315 2589 393 2610 Nullus
405 2591 541 2616 potestesse
554 2587 670 2615 particeps

104 2628 202 2656 gloriae,
220 2628 262 2650 11151
282 2634 355 2656 usque
372 2628 393 2650 in
411 2628 479 2650 tinem
498 2632 629 2655 perseveret
647 2627 669 2649 in

104 2668 243 2696 poenitentia
262 2667 306 2690 404
318 2674 330 2689 a
343 2680 372 2683 —
385 2668 419 2689 Ad
433 2667 529 2695 gloriam
548 2667 669 2689 caelestem

104 2708 252 2730 ascendimus
269 2710 356 2729 tantum
376 2713 416 2735 per
434 2707 585 2729 humilitatem
600 2706 644 2728 394
656 2712 668 2728 a

103 2760 134 2762 —
151 2747 185 2769 Ad
204 2747 299 2774 gloriam
317 2752 342 2768 se
355 2749 477 2774 praeparat
494 2746 534 2773 qui
552 2752 576 2767 se
597 2749 668 2768 totum

104 2787 174 2809 donat
192 2786 238 2808 Deo
250 2786 327 2808 divina
340 2785 433 2808 consilia
446 2786 588 2813 perficiendo
601 2786 644 2807 339
656 2784 670 2806 1)

103 2838 134 2842 -
151 2832 204 2848 011111
223 2825 405 2853 promptitudine
427 2825 553 2853 aequiritur
576 2825 605 2847 ab
628 2824 671 2847 illis

104 2865 144 2894 qui
157 2865 245 2888 vadunt
262 2865 385 2889 humiliter,
398 2864 559 2891 indesinenter,
576 2864 671 2886 viriliter

106 2904 150 2926 425
167 2911 179 2926 0
207 2917 235 2920 —
261 2904 308 2926 Non
331 2904 400 2926 sentit
425 2910 485 2932 quae
507 2907 560 2926 sunt
584 2903 671 2932 gloriae

105 2944 144 2972 qui
163 2944 226 2966 timet
243 2943 339 2972 aggredi
352 2949 412 2972 quae
429 2946 482 2965 sunt
494 2949 581 2970 poenae
600 2943 643 2965 486
656 2943 671 2965 1)

107 2996 135 2999 —
154 2984 197 3012 Qui
215 2984 264 3005 vult
281 2982 366 3005 habere
387 2982 500 3005 desideria
527 2982 614 3010 gloriae
635 2983 672 3004 ha-

106 3024 159 3046 heat
170 3023 302 3045 affectiones
316 3022 496 3049 conservativas,
509 3022 672 3044 transformati-

201 3071 228 3094 S.
248 3070 337 3093 Bonae.
354 3083 385 3086 —
403 3070 472 3092 Tom.
489 3070 518 3092 X.

699 311 747 333 vas,
764 305 935 332 refrigerativas
952 304 981 326 78
1000 311 1012 327 a
1029 317 1058 320 —
1073 304 1131 326 Vide
1148 304 1216 326 etiam
1238 304 1264 325 V.

698 344 821 367 Baatt'tmlo
838 346 861 366 et
878 343 975 367 Caelum

745 384 843 405 (J'OLtlt't'tt
861 396 890 399 —
908 383 1022 410 significat
1044 382 1163 404 diabolum
1188 382 1232 403 :²1¹8ss
1251 381 1265 403 1)

745 424 835 445 annus
853 435 882 439 —
904 423 1045 444 lllonstruosa
1069 428 1105 444 res
1122 425 1156 443 051
1178 421 1265 448 gradus

698 468 805 484 summus
821 465 842 484 et
859 462 951 484 animus
969 461 1062 483 infimus
1079 461 1124 483 217
1142 467 1154 482 0

745 502 829 523 61111111
854 513 884 517 ——
907 501 1031 523 coniiciunt
1054 500 1216 522 eucharistiam
1244 499 1264 521 iu

700 542 835 563 fermentato
852 543 874 562 01
887 539 972 562 habent
985 546 1077 567 uxores,
1091 540 1152 561 uude
1170 540 1264 561 fermen-

699 580 736 602 tati
754 580 862 602 dicuntur
880 579 924 601 248
944 579 958 601 1)

744 620 837 642 6111111110
855 631 884 635 -
902 619 1008 646 designat
1031 618 1173 646 poenitentes
1196 618 1265 645 proti-

697 659 784 681 cientes
800 658 845 680 529
865 658 878 680 1)

745 699 824 720 (11111110
840 709 871 714 -
888 697 1027 720 assimilatur
1039 697 1073 719 ille
1085 697 1125 725 qui
1137 699 1171 719 est
1188 696 1209 718 in
1227 695 1265 718 bo-

698 737 767 759 nitate
784 740 806 759 et
823 737 907 759 virtute
924 737 968 758 618
987 742 999 758 a

745 778 830 799 Gai-tritt
839 789 867 791 ᾖ
877 778 910 799 est
920 776 1035 798 influentia
1043 781 1155 798 revocans
1164 774 1264 796 animam

699 817 719 838 in
738 816 907 843 simplicitatem
926 816 1024 843 primam
1052 815 1092 837 481
1114 821 1126 836 0
1144 827 1174 830 —
1192 814 1264 836 consi-

698 856 732 878 stit
751 856 773 877 in
792 855 837 877 fide
855 855 928 882 flrma,
947 855 1040 876 caritate
1058 861 1103 876 non
1121 854 1171 876 ficta
1186 856 1207 875 et
1224 859 1265 881 spe

698 898 758 917 certa
777 896 806 916 26
825 901 836 916 0
856 907 883 909 -
902 894 1036 916 sanctitudo
1053 900 1106 915 cum
1120 893 1210 921 pudore
1222 892 1266 914 vir-

698 934 768 962 ginali
786 934 883 962 gratiam
901 934 1047 956 excellentem
1065 933 1119 955 dicit
1136 932 1181 954 713
1200 938 1211 954 0

745 985 774 990 -
792 973 842 995 Fuit
855 975 946 1000 tempus
958 972 1045 1000 gratiae
1057 971 1193 999 promissae,
1206 971 1265 993 exhi-

699 1012 766 1040 bitae,
785 1012 914 1040 publicatae
935 1011 998 1033 1340
1016 1024 1046 1028 -
1065 1011 1136 1033 Simul
1153 1010 1224 1033 currit
1237 1010 1265 1032 iu-

698 1052 784 1075 stitutio
802 1052 890 1080 figurae
907 1057 960 1074 cum
979 1050 1132 1079 promissione
1158 1050 1265 1072 novitatis

699 1092 786 1120 gratiae
802 1091 831 1114 ili.
850 1091 864 1113 b
884 1103 911 1106 -—
929 1092 1010 1112 Annus
1035 1090 1122 1118 gratiae
1147 1089 1232 1117 incepit
1253 1095 1263 1111 a

699 1131 745 1154 Filii
764 1132 802 1153 Dei
828 1130 984 1153 incarnatione
1002 1130 1047 1151 682
1065 1129 1080 1151 b
1105 1141 1136 1145 —
1161 1129 1266 1156 Tempus

698 1171 785 1199 gratiae
802 1170 917 1193 exhibitae
933 1169 1004 1192 currit
1021 1175 1074 1191 cum
1099 1172 1203 1196 tempore
1225 1168 1266 1190 cir-

698 1210 846 1233 cumcisionis
868 1210 975 1237 impletae
1002 1209 1046 1231 135
1064 1214 1075 1230 a
1093 1220 1124 1224 —
1150 1207 1265 1236 publicata

699 1253 733 1272 est
750 1256 791 1278 per
808 1250 946 1272 documenta
965 1248 1127 1276 Apostolorum
1146 1246 1174 1270 ib.
1188 1247 1202 1269 b

745 1302 776 1306 -
802 1289 920 1311 Plenitudo
947 1288 1034 1316 gratiae
1060 1287 1100 1309 fuit
1126 1287 1214 1309 initium
1243 1290 1265 1309 et

699 1329 765 1357 origo
790 1332 883 1351 nostrae
907 1328 986 1350 salutis
1011 1328 1056 1349 208
1074 1334 1085 1349 a
1104 1340 1134 1342 —
1156 1326 1238 1348 liberat
1253 1332 1265 1348 a

699 1369 783 1391 veteris
801 1369 858 1396 legis
875 1368 984 1390 servitute
1014 1367 1055 1389 135
1074 1366 1088 1388 1)
1105 1379 1135 1383 -
1157 1366 1191 1388 Ad
1217 1372 1266 1394 gra-

700 1409 753 1430 tiam
771 1411 820 1430 erat
837 1407 907 1429 facilis
923 1413 1032 1429 aseensus
1050 1406 1072 1428 10
1084 1408 1143 1427 statu
1162 1405 1266 1427 innocen-

700 1448 750 1475 tiae,
768 1447 809 1470 sed
826 1447 925 1469 difficilis
948 1447 971 1468 in
989 1448 1048 1468 statu
1068 1448 1163 1467 naturae
1188 1445 1266 1472 lapsae

700 1487 744 1509 324
763 1493 775 1509 0
795 1499 822 1502 —
840 1486 923 1509 Christi
946 1485 1061 1508 efficacior
1084 1487 1118 1507 est
1138 1485 1160 1507 in
1178 1484 1266 1506 bonum

699 1533 769 1555 quam
788 1527 854 1554 culpa
869 1525 936 1553 primi
950 1525 1049 1547 hominis
1061 1526 1082 1546 in
1100 1524 1185 1546 malum
1199 1524 1243 1545 239
1253 1529 1264 1545 0

747 1578 777 1581 —-
795 1568 829 1587 est
852 1564 917 1587 nobis
935 1564 1075 1592 necessaria,
1093 1563 1145 1592 quia
1164 1565 1268 1591 peccato-

700 1611 737 1627 res
754 1611 835 1627 sumus
847 1605 892 1627 259
904 1611 917 1626 a
933 1617 963 1620 —-
982 1603 1116 1626 Dostulanda
1135 1606 1169 1624 est
1186 1602 1266 1630 gratia,

701 1648 725 1667 ut
742 1651 753 1666 a
772 1647 886 1667 vetustate
902 1644 985 1671 culpae
1002 1649 1143 1665 renovemur
1161 1643 1189 1664 28
1207 1648 1219 1664 a
1238 1654 1266 1657 -—

702 1685 805 1712 Tempus
818 1683 949 1711 postulandi
968 1684 1026 1705 hanc
1043 1682 1140 1710 gratiam
1158 1684 1201 1708 est,
1214 1687 1266 1703 cum

701 1723 762 1745 venit
777 1723 881 1746 Christus
893 1722 946 1745 ibid.
960 1735 988 1738 -u
1001 1722 1084 1744 dicitur
1096 1721 1182 1743 fluvius
1193 1727 1268 1749 aquae

701 1763 762 1785 vitae
780 1763 820 1785 271
843 1762 857 1784 b
874 1775 905 1778 —
923 1762 956 1784 Ad
978 1763 1039 1783 hunc
1062 1761 1159 1783 fluvium
1183 1760 1269 1782 debent

701 1808 783 1825 01111105
800 1802 907 1824 anhelare
920 1801 964 1823 272
977 1807 988 1822 0
1001 1813 1032 1817 -
1044 1801 1138 1828 Propter
1155 1800 1268 1828 triplicem

702 1842 799 1870 gratiam
817 1841 944 1869 praesentia
963 1839 1045 1863 Christi
1063 1843 1097 1862 est
1113 1839 1266 1862 desideranda

702 1882 730 1904 38
750 1881 765 1903 b

749 1933 779 1937 —
796 1921 848 1943 Sine
867 1920 939 1948 gratia
956 1926 1001 1942 non
1023 1922 1057 1942 est
1079 1919 1124 1941 vita
1143 1919 1188 1941 342
1209 1925 1221 1940 0
1239 1930 1269 1934 -—

703 1962 743 1983 Per
760 1960 834 1988 ipsius
851 1960 938 1982 donum
957 1962 992 1981 est
1009 1958 1060 1981 boni
1080 1958 1157 1986 operis
1172 1958 1269 1983 initium,

703 2000 805 2022 medium
824 2003 845 2022 et
857 1999 1052 2027 complementum
1071 1998 1110 2020 391
1128 1997 1143 2020 1)
1155 2010 1185 2014 -
1202 1997 1271 2020 debet

702 2040 884 2064 humanawota
911 2038 1023 2066 inspirare
1052 2037 1225 2065 praeveniendo
1249 2039 1271 2059 et

702 2078 813 2107 prosequi
838 2078 971 2100 adiuvando
999 2078 1038 2099 451
1070 2076 1085 2099 1)
1109 2090 1139 2092 -
1163 2076 1270 2104 Oportet,

702 2118 764 2147 quod
783 2118 855 2146 gratia
869 2124 910 2140 uos
926 2119 1044 2140 convertat
1061 2119 1083 2138 et
1099 2119 1187 2138 avertat
1204 2116 1243 2137 137
1258 2121 1269 2137 a

701 2170 733 2174 —-
751 2158 849 2180 Perfecta
867 2157 997 2180 exercitatio
1015 2156 1101 2183 gratiae
1126 2155 1195 2177 debet
1220 2161 1270 2177 esse

703 2197 725 2219 in
743 2196 810 2219 nobis
827 2197 856 2219 ad
876 2195 1005 2218 habendam
1033 2195 1184 2222 munditiam,
1202 2194 1270 2216 semi-

703 2237 769 2264 plena
787 2236 816 2258 ad
840 2235 971 2258 habendam
997 2234 1114 2256 scientiam
1141 2233 1186 2255 646
1210 2240 1220 2255 0
1240 2245 1270 2249 -

703 2276 746 2304 Qui
764 2282 790 2297 ea
808 2278 861 2297 sunt
879 2274 962 2302 privati
981 2276 1059 2296 carent
1081 2274 1131 2295 luce
1149 2273 1269 2300 dirigente.

703 2315 778 2337 calore
796 2314 920 2340 excitante,
937 2313 1038 2341 agilitate
1055 2318 1147 2334 sursum
1171 2312 1270 2334 ducente

704 2354 748 2376 342
766 2360 778 2375 0
798 2366 825 2369 -
843 2354 897 2375 Sine.
920 2352 992 2380 gratia
1016 2352 1093 2374 nullus
1115 2351 1222 2379 dirigitur
1248 2351 1269 2372 in

704 2393 790 2415 bonum
809 2391 880 2414 4151)
895 2392 951 2414 -51
969 2398 1014 2414 1100
1032 2390 1166 2416 infunditur,
1184 2390 1269 2412 nullum

703 2439 762 2460 opus
779 2431 866 2454 bonum
884 2438 910 2454 ex
928 2431 998 2453 corde
1011 2430 1146 2458 producitur
1158 2429 1203 2451 519
1216 2435 1228 2451 0
1240 2441 1270 2445 -

703 2472 778 2494 Gratia
789 2471 917 2497 deficiente,
930 2476 974 2492 non
988 2474 1021 2492 est
1032 2475 1085 2497 spes
1099 2470 1185 2491 fructus
1199 2468 1241 2490 458
1257 2467 1270 2489 1)

703 2524 733 2527 -
751 2511 798 2533 Noa
817 2513 913 2533 vocatur
930 2510 959 2532 ad
982 2509 1066 2531 aeterni
1085 2508 1154 2536 Regis
1176 2508 1271 2535 dignita-

704 2554 748 2573 tem
774 2550 813 2579 qui
832 2550 853 2572 iu
872 2550 918 2571 vita
935 2551 997 2571 caret
1014 2548 1159 2576 speciositate
1184 2547 1271 2575 gratiae

703 2593 725 2612 et
742 2589 833 2612 virtutis
850 2589 890 2610 691
913 2588 936 2610 1).
954 2588 999 2610 692
1017 2594 1028 2609 0
1044 2600 1071 2603 —-
1084 2587 1127 2616 Qui
1140 2586 1207 2609 vacui
1219 2588 1272 2608 sunt

703 2636 715 2652 a
733 2629 805 2657 gratia
823 2631 846 2651 et
863 2628 942 2656 repleti
968 2628 1040 2655 spinis
1062 2629 1167 2655 spectant
1192 2626 1221 2648 ad
1239 2632 1272 2647 se-

703 2669 823 2691 veritatem
843 2667 920 2689 iudicii
938 2667 982 2689 607
1001 2674 1012 2688 a

750 2720 781 2724 -
798 2707 867 2730 debet
885 2707 932 2729 Deo
950 2706 1041 2728 attribui
1064 2705 1106 2727 479
1125 2705 1140 2727 b
1163 2718 1190 2720 —
1208 2707 1242 2726 est
1259 2711 1270 2725 a

703 2748 778 2775 capite.
795 2750 874 2768 nostro
891 2745 981 2768 Christo
999 2746 1044 2767 508
1062 2744 1077 2767 b
1098 2757 1128 2761 —
1145 2744 1222 2766 omnis
1238 2746 1273 2765 est

704 2793 745 2815 per
765 2787 837 2809 lesum
866 2785 910 2807 404
929 2785 943 2807 1)
968 2797 999 2801 -
1021 2784 1125 2807 Christus
1147 2786 1182 2805 est
1206 2783 1272 2810 origo

704 2826 779 2848 omnis
795 2830 871 2848 rectae
889 2824 1055 2846 informationis
1067 2823 1096 2845 ad
1109 2823 1207 2850 gratiam
1221 2823 1245 2844 31
1259 2828 1271 2843 0

703 2877 734 2881 —-
751 2871 763 2887 a
782 2864 871 2887 Christo
888 2863 964 2891 capite
981 2863 1010 2885 ad
1029 2862 1133 2884 membra
1161 2861 1273 2884 Ecclesiae

705 2904 824 2927 descendit
846 2903 886 2925 136
899 2909 910 2924 0
932 2915 962 2918 -
978 2909 989 2923 a
1008 2901 1098 2924 Christo
1116 2900 1234 2923 descendit
1252 2900 1272 2921 in

705 2944 800 2965 Sauctos
817 2946 840 2964 et
856 2941 885 2964 ab
904 2941 960 2969 ipsis
977 2941 1096 2963 descendit
1107 2940 1129 2962 in
1142 2946 1185 2962 nos
1203 2939 1243 2961 561
1261 2945 1273 2960 0

752 2994 783 2998 -
800 2981 882 3004 Christi
900 2987 946 3002 non
972 2983 1059 3002 tantum
1082 2978 1229 3001 redundabat
1251 2978 1273 2999 in

705 3021 822 3047 videntes,
840 3020 881 3042 sed
899 3020 967 3042 etiam
985 3019 1007 3041 in
1025 3018 1146 3041 credentes
1164 3018 1208 3040 105
1220 3023 1232 3039 0
1245 3030 1274 3033 -—

1806 228 1855 255 '1⁸21

1554 266 1610 287 (jtm

1299 303 1379 325 Christi
1393 304 1415 325 in
1429 304 1549 326 vocatione
1561 304 1689 326 extenditur
1698 305 1726 326 ad
1739 312 1820 326 ‹nnncs
1832 312 1863 326 se·

1299 343 1402 365 cundum
1412 343 1657 371 quatuor(iill'creutias
1667 343 1785 365 inanimum
1797 345 1840 365 3113
1851 351 1862 365 a

1299 394 1329 398 —
1347 382 1413 404 illaria
1433 382 1512 404 habuit
1530 383 1695 409 plenitudinem
1716 383 1801 409 gratiae
1818 384 1863 405 692

1301 421 1314 443 li
1334 434 1361 437 —-
1380 421 1428 443 aliis
1446 421 1568 449 partialiter
1586 424 1620 443 051
1637 428 1744 443 concessa
1763 422 1816 444 [hid.

1346 472 1376 476 —
1393 463 1446 482 ante
1465 461 1505 482 suit
1530 460 1596 482 nobis
1622 463 1770 488 praeparata,
1793 468 1862 489 quam

1299 506 1403 521 essemus
1421 500 1465 521 nati
1484 500 1529 521 515
1547 506 1558 521 0
1577 512 1607 516 —-
1632 500 1725 522 lllaxima
1751 500 1791 522 fuit
1813 507 1864 528 gra-

1300 539 1341 566 tia,
1358 545 1418 567 quae
1436 539 1560 566 praecessit
1577 539 1653 561 omnia
1673 540 1751 561 merita
1769 539 1822 561 ilisa.
1835 552 1864 556 —

1300 578 1350 600 licet
1367 585 1412 600 non
1430 578 1458 600 sit
1475 584 1501 600 ex
1519 578 1604 600 nostris
1622 578 1720 606 meritis,
1739 580 1865 601 1110100110-

1300 617 1383 639 bemus
1401 624 1442 640 nos
1458 618 1582 645 disponere
1598 618 1626 639 ad
1644 624 1694 639 eam
1715 617 1758 640 479
1776 624 1796 644 a,
1809 618 1823 639 b
1836 631 1865 634 κ-

1300 657 1337 679 Est
1354 657 1376 679 in
1394 659 1506 684 potestate
1531 660 1605 679 nostra
1629 657 1748 685 cooperari
1774 657 1866 679 divinae

1299 696 1387 724 gratiae
1405 696 1448 718 1137
1467 695 1481 718 1)
1498 708 1529 712 —-
1546 696 1636 718 Gratiae
1654 697 1819 718 incrementum
1833 699 1866 719 est

1300 742 1325 758 ex
1345 738 1409 763 parte
1431 736 1471 757 Dei
1491 735 1534 757 497
1553 735 1567 757 1)
1590 748 1620 752 -
1642 735 1783 763 simpliciter,
1806 741 1866 764 quae

1299 781 1343 797 non
1361 777 1396 797 est
1421 775 1507 801 meriti,
1525 774 1546 796 in
1573 775 1702 802 inceptione
1720 774 1773 796 boni
1799 775 1866 797 datur

1300 814 1343 836 404
1363 813 1377 835 b
1394 827 1423 830 —
1441 814 1499 836 Cum
1523 814 1544 836 in
1563 814 1596 836 illa
1624 814 1777 841 profecimus,
1799 814 1866 837 datur

1299 853 1371 881 gratia
1391 859 1433 881 pro
1455 853 1527 881 gratia
1551 852 1604 875 z'tu'd.
1622 865 1652 869 -—
1669 854 1716 875 Nou
1741 860 1866 881 possumus

1300 893 1382 915 mereri
1403 893 1502 920 primam
1527 893 1637 919 gratiam,
1656 893 1696 915 sed
1715 896 1865 920 augmentum

1300 933 1387 959 gratiae
1404 932 1448 954 570
1467 932 1482 954 1)
1499 944 1529 948 -
1539 932 1600 954 Deus
1613 932 1681 959 elegit
1694 932 1790 960 gratiam
1804 939 1867 960 prae-

1300 971 1411 999 parando,
1429 971 1555 997 offerendo,
1568 971 1708 993 infundendo
1726 975 1748 993 et
1760 977 1867 994 consum-

1300 1011 1385 1033 mando
1404 1010 1447 1032 514
1467 1010 1481 1032 1)

1346 1062 1376 1065 —
1393 1049 1496 1072 Christus
1510 1050 1607 1077 gratiam
1625 1050 1699 1072 influit
1713 1050 1868 1073 mediantibus

1297 1089 1453 1111 Sacramentis
1467 1089 1495 1111 58
1508 1095 1520 1110 a
1533 1102 1563 1105 —
1575 1089 1609 1111 Ad
1622 1090 1718 1117 gratiam
1737 1090 1867 1112 ascenditur

1301 1134 1341 1156 per
1364 1128 1505 1156 baptismum
1530 1132 1581 1156 post
1606 1130 1697 1156 culpam
1719 1129 1866 1157 originalem,

1301 1174 1342 1196 per
1365 1168 1528 1196 poenitentiam
1551 1172 1602 1196 post
1625 1169 1769 1196 personalem
1789 1169 1833 1190 324
1853 1168 1866 1190 1)

1301 1220 1329 1223 —-
1353 1208 1525 1229 sacramentalis
1550 1210 1582 1230 est
1601 1208 1691 1235 triplex:
1713 1208 1867 1235 baptismalis,

1300 1247 1468 1275 poenitentialis
1485 1250 1506 1269 et
1524 1247 1596 1269 finalis
1614 1247 1658 1269 354
1676 1253 1688 1269 a
1708 1260 1736 1262 —
1762 1248 1867 1275 Regnum

1302 1286 1340 1308 Dei
1359 1286 1463 1314 pervenit
1481 1286 1501 1308 in
1514 1292 1556 1308 nos
1568 1292 1610 1313 per
1627 1286 1724 1314 gratiam
1744 1286 1867 1314 baptisma-

1300 1326 1353 1353 lem,
1378 1326 1564 1353 poenitentialem
1589 1329 1611 1347 et
1629 1326 1718 1347 finalem
1746 1326 1790 1347 2³34
1808 1332 1819 1347 a
1838 1338 1868 1342 —

1301 1366 1331 1387 Ex
1348 1371 1417 1387 cruce
1439 1365 1489 1387 fluit
1511 1365 1582 1392 gratia
1611 1364 1766 1392 baptismalis,
1791 1365 1869 1393 poeni-

1300 1404 1405 1431 1011110115,
1424 1404 1503 1431 finalis,
1521 1404 1657 1426 universalis
1676 1404 1719 1426 464
1743 1404 1765 1426 b.
1788 1404 1832 1426 465
1856 1411 1867 1426 a

1299 1456 1331 1460 —
1348 1443 1491 1471 baptismalis
1508 1443 1595 1465 obtinet
1612 1443 1766 1471 principatum
1792 1443 1835 1465 464
1853 1443 1868 1466 b

1348 1495 1378 1499 —-
1396 1485 1429 1505 est
1446 1489 1499 1509 una,
1516 1483 1557 1505 sed
1575 1483 1645 1505 multa
1662 1486 1715 1505 sunt
1732 1482 1868 1505 charismata

1302 1522 1345 1544 508
1365 1523 1379 1544 b
1396 1535 1426 1538 -
1449 1525 1483 1544 est
1507 1522 1658 1549 praeveniens
1680 1525 1702 1544 et
1724 1521 1869 1550 subsequens

1301 1562 1346 1583 324
1365 1562 1379 1584 1)
1397 1574 1427 1578 —-
1445 1563 1474 1584 Ex
1487 1563 1529 1584 hac
1541 1562 1703 1589 producuntur
1716 1563 1802 1583 fructus
1815 1561 1868 1583 boni

1301 1601 1379 1630 operis
1401 1601 1429 1623 ad
1452 1601 1676 1624 consummationem
1699 1600 1753 1623 ibid.
1776 1614 1804 1616 —
1827 1601 1869 1623 Per

1301 1641 1399 1668 gratiam
1418 1641 1581 1663 illuminantem
1608 1641 1771 1668 cognoscimus
1787 1640 1870 1662 distau-

1303 1681 1356 1702 tiam
1375 1680 1429 1702 honi
1446 1683 1467 1702 et
1480 1680 1533 1702 mali
1551 1680 1596 1702 239
1609 1679 1623 1701 1)
1636 1693 1664 1695 -
1678 1682 1769 1707 gratum
1785 1680 1870 1701 faciens

1302 1723 1336 1742 est
1345 1719 1518 1742 liberalissimae
1529 1719 1635 1741 bonitatis
1648 1719 1692 1741 680
1706 1719 1719 1741 b
1736 1731 1764 1735 —
1777 1721 1868 1746 gratum

1304 1759 1389 1781 faciens
1406 1765 1451 1781 non
1470 1759 1567 1787 quiescit
1585 1759 1607 1780 in
1625 1759 1694 1781 corde
1712 1758 1795 1785 frigido
1812 1757 1866 1780 ibid.

1302 1810 1333 1815 —-
1345 1798 1405 1826 ignis
1417 1798 1504 1826 gratiae
1515 1798 1649 1820 accenditur
1658 1798 1680 1819 in
1694 1796 1871 1825 poenitentibus,

1303 1838 1402 1864 nutritur
1420 1837 1442 1859 in
1457 1837 1641 1865 proficientibus,
1654 1837 1771 1864 perficitur
1783 1836 1804 1858 in
1818 1843 1871 1859 con-

1303 1876 1469 1904 templantibus
1486 1876 1531 1898 342
1544 1883 1555 1898 a
1569 1889 1598 1892 -—
1616 1876 1706 1898 Gratiae
1718 1876 1826 1898 transitus
1837 1878 1871 1897 est

1304 1916 1385 1944 triplex
1399 1916 1426 1938 42
1440 1922 1451 1938 0
1464 1928 1494 1932 —-
1507 1916 1655 1943 distinguitur
1667 1915 1764 1942 initialis,
1778 1921 1872 1942 promo-

1304 1962 1362 1978 vens
1373 1959 1395 1978 ct
1407 1955 1479 1978 finalis
1495 1956 1532 1977 151
1549 1961 1560 1977 0
1574 1967 1604 1971 -
1619 1957 1653 1977 est
1665 1955 1796 1981 iustificans,
1808 1954 1872 1976 recti-

1305 1995 1386 2021 60005,
1404 1995 1546 2022 illuminans,
1565 1994 1703 2022 purificans,
1721 1993 1871 2021 fructificans,

1304 2035 1457 2061 sanctificans,
1467 2033 1584 2056 stabiliens
1601 2034 1641 2055 137
1652 2040 1662 2054 0
1671 2045 1680 2050 -
1691 2033 1732 2054 139
1746 2033 1760 2055 1)
1772 2045 1803 2049 -—-
1815 2033 1871 2055 Enu-

1305 2078 1422 2096 merantur
1431 2074 1518 2101 gratiae
1532 2073 1594 2095 modi
1606 2072 1782 2101 quatuordecim
1796 2073 1839 2093 336
1850 2078 1871 2099 a,

1305 2113 1319 2136 b
1331 2127 1358 2129 —
1369 2113 1509 2136 Charismata
1521 2113 1646 2140 gratiarum
1661 2113 1784 2139 impetrare
1794 2115 1827 2133 est
1836 2118 1871 2133 sa-

1305 2153 1416 2181 pientiae,
1434 2152 1590 2178 discretionis,
1608 2152 1694 2179 vigoris
1712 2151 1756 2172 246
1775 2150 1789 2173 b
1805 2154 1873 2173 -ut

1304 2193 1419 2215 mundans
1436 2191 1579 2219 significatur
1598 2197 1638 2218 per
1654 2191 1786 2218 myrrham,
1808 2193 1829 2211 ut
1847 2190 1872 2211 il-

1304 2233 1418 2254 luminans
1436 2238 1476 2259 per
1498 2231 1683 2255 cinnamomum,
1706 2233 1729 2251 ut
1751 2229 1872 2257 perficiens

1304 2278 1345 2299 per
1362 2272 1484 2297 calamum,
1503 2274 1527 2292 ut
1544 2276 1628 2297 regens
1646 2275 1687 2297 per
1704 2269 1789 2291 casiam
1802 2268 1847 2290 646
1859 2274 1871 2290 0

1352 2323 1380 2325 -
1398 2310 1476 2332 adulto
1494 2315 1539 2331 non
1558 2309 1692 2336 infunditur,
1708 2308 1748 2330 nisi
1767 2313 1872 2335 praeces-

1304 2349 1359 2371 serit
1376 2349 1520 2376 praeparatio
1538 2348 1582 2370 399
1600 2347 1613 2369 b
1631 2360 1661 2363 —
1678 2353 1722 2369 000
1742 2346 1871 2374 negahitur,

1304 2388 1322 2410 si
1340 2394 1382 2410 nos
1400 2388 1551 2415 disponamus
1576 2387 1603 2409 ad
1622 2392 1672 2408 eam
1692 2386 1735 2408 506
1754 2393 1765 2407 a
1784 2398 1814 2402 —
1838 2385 1872 2407 Ad

1304 2428 1407 2450 divinam
1425 2427 1523 2455 gratiam
1541 2432 1566 2448 se
1583 2425 1685 2453 disponit
1701 2425 1741 2453 qui
1760 2425 1815 2452 petit
1828 2424 1873 2446 sin-

1304 2467 1393 2493 ceriter,
1410 2466 1545 2494 prudenter,
1564 2465 1698 2487 fiducialiter
1714 2465 1758 2486 312
1771 2470 1783 2485 a
1795 2476 1824 2480 -—
1837 2463 1872 2486 Ad

1305 2506 1403 2534 gratiam
1422 2506 1567 2532 disponimur
1585 2510 1626 2532 per
1643 2507 1743 2532 quatuor
1756 2503 1800 2525 479
1819 2503 1873 2525 1)-

1306 2546 1345 2567 Η15
1361 2545 1458 2572 siugulis
1479 2544 1508 2566 ad
1532 2544 1628 2571 gratiam
1652 2549 1827 2570 praeparamur,
1850 2542 1871 2564 in

1306 2585 1377 2613 gratia
1398 2590 1572 2611 promovemur,
1596 2583 1730 2610 proficimus
1752 2585 1774 2604 et
1799 2588 1873 2609 perse-

1306 2630 1416 2646 veramus
1434 2623 1487 2646 ibid.
1505 2635 1534 2638 —
1560 2624 1618 2644 Sunt
1635 2625 1723 2649 septem
1742 2621 1874 2648 dispositio-

1306 2670 1347 2686 nes
1361 2664 1389 2686 ad
1408 2663 1504 2691 gratiam
1519 2661 1691 2689 suscipiendam
1710 2661 1754 2682 680
1767 2667 1778 2682 a
1796 2672 1826 2676 -
1839 2660 1872 2682 Ad

1306 2703 1403 2731 gratiam
1422 2702 1567 2729 disponimur
1580 2707 1620 2729 per
1638 2700 1774 2726 libertatem,
1786 2701 1874 2721 consor-

1306 2742 1421 2769 mitatem,
1439 2740 1622 2763 amicabilitatem
1645 2740 1686 2761 132
1705 2739 1727 2761 b.
1750 2739 1789 2760 133
1808 2745 1820 2760 a

1354 2794 1383 2796 —
1401 2787 1445 2803 non
1471 2780 1538 2802 datur
1555 2779 1597 2801 nisi
1623 2779 1732 2800 continue
1754 2777 1874 2799 orantibus

1307 2821 1346 2842 391
1362 2819 1376 2842 b
1388 2832 1419 2836 —
1431 2820 1464 2842 Ad
1478 2818 1646 2846 impetrandam
1659 2817 1762 2839 divinam
1775 2816 1872 2844 gratiam

1307 2860 1365 2881 nulla
1388 2859 1467 2881 melior
1485 2862 1518 2880 est
1536 2857 1680 2885 praeparatio
1698 2863 1768 2885 quam
1789 2857 1872 2878 devota

1307 2899 1379 2921 oratio
1398 2899 1442 2920 312
1455 2904 1467 2920 0
1480 2910 1509 2913 —
1522 2897 1621 2919 Gratiam
1635 2902 1748 2925 quaerere
1760 2895 1874 2918 debemus

1308 2939 1330 2960 in
1348 2938 1437 2964 affectu,
1450 2937 1473 2958 10
1487 2936 1559 2958 verbo
1572 2939 1594 2959 et
1605 2936 1627 2958 10
1642 2937 1700 2958 10010
1713 2936 1757 2957 680
1771 2935 1792 2957 b.
1806 2936 1846 2957 681
1861 2941 1873 2956 0

1307 2989 1338 2994 -
1355 2977 1377 2999 Si
1396 2976 1493 3004 gratiam
1511 2975 1616 2998 obtinere
1638 2976 1758 3003 volumus,
1781 2975 1874 2997 acceda-

1308 3023 1361 3039 mus
1377 3016 1405 3038 ad
1425 3016 1517 3038 Mariam
1535 3015 1581 3037 713
1599 3021 1611 3037 a

1753 3062 1777 3083 16
