<?xml version="1.0" encoding="UTF-8"?>
<!DOCTYPE html PUBLIC "-//W3C//DTD XHTML 1.0 Transitional//EN"
    "http://www.w3.org/TR/xhtml1/DTD/xhtml1-transitional.dtd">
<html xmlns="http://www.w3.org/1999/xhtml" xml:lang="en" lang="en">
 <head>
  <title>
</title>
<meta http-equiv="Content-Type" content="text/html;charset=utf-8" />
  <meta name='ocr-system' content='tesseract 3.04.00' />
  <meta name='ocr-capabilities' content='ocr_page ocr_carea ocr_par ocr_line ocrx_word'/>
</head>
<body>
  <div class='ocr_page' id='page_1' title='image "./doctorisseraphic10bona_0116.png"; bbox 0 0 2269 3448; ppageno 0'>
   <div class='ocr_carea' id='block_1_1' title="bbox 386 192 963 2995">
    <p class='ocr_par' dir='ltr' id='par_1_1' title="bbox 389 192 697 252">
     <span class='ocr_line' id='line_1_1' title="bbox 389 192 447 220; baseline 0 0"><span class='ocrx_word' id='word_1_1' title='bbox 389 193 400 220; x_wconf 75' lang='lat' dir='ltr'>‘l</span> <span class='ocrx_word' id='word_1_2' title='bbox 412 192 447 220; x_wconf 77' lang='grc'>02</span> 
     </span>
     <span class='ocr_line' id='line_1_2' title="bbox 642 230 697 252; baseline 0 0"><span class='ocrx_word' id='word_1_3' title='bbox 642 230 697 252; x_wconf 86' lang='lat' dir='ltr'>COE</span> 
     </span>
    </p>

    <p class='ocr_par' dir='ltr' id='par_1_2' title="bbox 386 269 955 918">
     <span class='ocr_line' id='line_1_3' title="bbox 434 269 949 297; baseline -0.004 -5"><span class='ocrx_word' id='word_1_4' title='bbox 434 282 465 286; x_wconf 95' lang='lat'><strong>—</strong></span> <span class='ocrx_word' id='word_1_5' title='bbox 483 270 586 292; x_wconf 86' lang='lat' dir='ltr'>Christus</span> <span class='ocrx_word' id='word_1_6' title='bbox 598 270 619 292; x_wconf 90' lang='lat' dir='ltr'>in</span> <span class='ocrx_word' id='word_1_7' title='bbox 632 270 710 291; x_wconf 89' lang='lat' dir='ltr'>ultima</span> <span class='ocrx_word' id='word_1_8' title='bbox 724 275 792 291; x_wconf 83' lang='lat' dir='ltr'>coena</span> <span class='ocrx_word' id='word_1_9' title='bbox 807 269 828 291; x_wconf 95' lang='lat' dir='ltr'>in</span> <span class='ocrx_word' id='word_1_10' title='bbox 844 269 949 297; x_wconf 83' lang='lat' dir='ltr'>signum:</span> 
     </span>
     <span class='ocr_line' id='line_1_4' title="bbox 387 308 952 336; baseline -0.004 -5"><span class='ocrx_word' id='word_1_11' title='bbox 387 315 442 331; x_wconf 86' lang='lat' dir='ltr'>suae</span> <span class='ocrx_word' id='word_1_12' title='bbox 460 309 600 331; x_wconf 83' lang='lat' dir='ltr'>liberalitatis</span> <span class='ocrx_word' id='word_1_13' title='bbox 626 309 677 331; x_wconf 84' lang='lat' dir='ltr'>fecit</span> <span class='ocrx_word' id='word_1_14' title='bbox 700 308 788 336; x_wconf 78' lang='lat' dir='ltr'>grande</span> <span class='ocrx_word' id='word_1_15' title='bbox 805 308 952 335; x_wconf 76' lang='lat' dir='ltr'>convivium3</span> 
     </span>
     <span class='ocr_line' id='line_1_5' title="bbox 387 348 953 376; baseline -0.004 -6"><span class='ocrx_word' id='word_1_16' title='bbox 387 354 442 371; x_wconf 87' lang='lat' dir='ltr'>suae</span> <span class='ocrx_word' id='word_1_17' title='bbox 455 349 580 376; x_wconf 86' lang='lat' dir='ltr'>potestatis,</span> <span class='ocrx_word' id='word_1_18' title='bbox 591 348 679 375; x_wconf 77' lang='lat' dir='ltr'>grande</span> <span class='ocrx_word' id='word_1_19' title='bbox 692 348 839 375; x_wconf 82' lang='lat' dir='ltr'>miraculum;</span> <span class='ocrx_word' id='word_1_20' title='bbox 851 352 907 369; x_wconf 83' lang='lat' dir='ltr'>suae</span> <span class='ocrx_word' id='word_1_21' title='bbox 917 352 953 368; x_wconf 91' lang='lat' dir='ltr'>ve-</span> 
     </span>
     <span class='ocr_line' id='line_1_6' title="bbox 386 386 953 415; baseline -0.004 -6"><span class='ocrx_word' id='word_1_22' title='bbox 386 387 466 413; x_wconf 87' lang='lat' dir='ltr'>ritatis,</span> <span class='ocrx_word' id='word_1_23' title='bbox 478 387 565 415; x_wconf 72' lang='lat' dir='ltr'>grande</span> <span class='ocrx_word' id='word_1_24' title='bbox 577 387 730 415; x_wconf 54' lang='lat' dir='ltr'>colloquium</span> <span class='ocrx_word' id='word_1_25' title='bbox 744 393 799 408; x_wconf 87' lang='lat' dir='ltr'>snae</span> <span class='ocrx_word' id='word_1_26' title='bbox 812 386 953 412; x_wconf 77' lang='lat' dir='ltr'>humilitatis,</span> 
     </span>
     <span class='ocr_line' id='line_1_7' title="bbox 388 425 952 454; baseline -0.004 -6"><span class='ocrx_word' id='word_1_27' title='bbox 388 427 475 454; x_wconf 78' lang='lat' dir='ltr'>grande</span> <span class='ocrx_word' id='word_1_28' title='bbox 493 426 632 454; x_wconf 82' lang='lat' dir='ltr'>obsequium</span> <span class='ocrx_word' id='word_1_29' title='bbox 650 426 690 447; x_wconf 81' lang='grc'>251</span> <span class='ocrx_word' id='word_1_30' title='bbox 711 425 733 447; x_wconf 78' lang='lat' dir='ltr'>l).</span> <span class='ocrx_word' id='word_1_31' title='bbox 751 425 796 447; x_wconf 78' lang='grc'>252</span> <span class='ocrx_word' id='word_1_32' title='bbox 814 431 834 451; x_wconf 83' lang='lat' dir='ltr'>a,</span> <span class='ocrx_word' id='word_1_33' title='bbox 848 425 869 447; x_wconf 80' lang='lat' dir='ltr'>h.</span> <span class='ocrx_word' id='word_1_34' title='bbox 883 425 927 447; x_wconf 82' lang='grc'>253</span> <span class='ocrx_word' id='word_1_35' title='bbox 940 430 952 446; x_wconf 87' lang='lat' dir='ltr'>a</span> 
     </span>
     <span class='ocr_line' id='line_1_8' title="bbox 389 464 952 494; baseline -0.005 -6"><span class='ocrx_word' id='word_1_36' title='bbox 389 478 417 481; x_wconf 89' lang='lat'>—</span> <span class='ocrx_word' id='word_1_37' title='bbox 436 466 477 488; x_wconf 80' lang='lat' dir='ltr'>Per</span> <span class='ocrx_word' id='word_1_38' title='bbox 503 467 559 488; x_wconf 89' lang='lat' dir='ltr'>haec</span> <span class='ocrx_word' id='word_1_39' title='bbox 582 468 681 494; x_wconf 82' lang='lat' dir='ltr'>quatuor</span> <span class='ocrx_word' id='word_1_40' title='bbox 703 465 797 492; x_wconf 83' lang='lat' dir='ltr'>spiritus</span> <span class='ocrx_word' id='word_1_41' title='bbox 814 464 952 490; x_wconf 68' lang='lat' dir='ltr'>delectatur,</span> 
     </span>
     <span class='ocr_line' id='line_1_9' title="bbox 388 503 952 532; baseline -0.005 -5"><span class='ocrx_word' id='word_1_42' title='bbox 388 504 523 532; x_wconf 86' lang='lat' dir='ltr'>roboratur,</span> <span class='ocrx_word' id='word_1_43' title='bbox 541 505 677 531; x_wconf 80' lang='lat' dir='ltr'>illustratur,</span> <span class='ocrx_word' id='word_1_44' title='bbox 703 505 812 526; x_wconf 86' lang='lat' dir='ltr'>excitatur</span> <span class='ocrx_word' id='word_1_45' title='bbox 831 503 870 525; x_wconf 80' lang='grc'>251</span> <span class='ocrx_word' id='word_1_46' title='bbox 893 509 904 524; x_wconf 83' lang='grc'>11</span> <span class='ocrx_word' id='word_1_47' title='bbox 923 515 952 518; x_wconf 91' lang='lat'>—-</span> 
     </span>
     <span class='ocr_line' id='line_1_10' title="bbox 388 542 953 571; baseline -0.005 -5"><span class='ocrx_word' id='word_1_48' title='bbox 388 545 436 566; x_wconf 88' lang='lat' dir='ltr'>Hoc</span> <span class='ocrx_word' id='word_1_49' title='bbox 453 545 586 566; x_wconf 75' lang='lat' dir='ltr'>convivium</span> <span class='ocrx_word' id='word_1_50' title='bbox 604 547 650 565; x_wconf 89' lang='lat' dir='ltr'>erat</span> <span class='ocrx_word' id='word_1_51' title='bbox 671 543 767 571; x_wconf 74' lang='lat' dir='ltr'>grande,</span> <span class='ocrx_word' id='word_1_52' title='bbox 779 543 832 571; x_wconf 76' lang='lat' dir='ltr'>quia</span> <span class='ocrx_word' id='word_1_53' title='bbox 845 549 857 564; x_wconf 87' lang='lat' dir='ltr'>a</span> <span class='ocrx_word' id='word_1_54' title='bbox 870 542 953 570; x_wconf 74' lang='lat' dir='ltr'>grandi</span> 
     </span>
     <span class='ocr_line' id='line_1_11' title="bbox 389 580 952 611; baseline -0.005 -6"><span class='ocrx_word' id='word_1_55' title='bbox 389 590 501 611; x_wconf 73' lang='lat' dir='ltr'>persona,</span> <span class='ocrx_word' id='word_1_56' title='bbox 519 590 545 606; x_wconf 83' lang='lat' dir='ltr'>ex</span> <span class='ocrx_word' id='word_1_57' title='bbox 563 583 644 610; x_wconf 74' lang='lat' dir='ltr'>grandi</span> <span class='ocrx_word' id='word_1_58' title='bbox 663 583 775 610; x_wconf 73' lang='lat' dir='ltr'>amicitia,</span> <span class='ocrx_word' id='word_1_59' title='bbox 799 588 851 603; x_wconf 88' lang='lat' dir='ltr'>cum</span> <span class='ocrx_word' id='word_1_60' title='bbox 870 580 952 608; x_wconf 75' lang='lat' dir='ltr'>grandi</span> 
     </span>
     <span class='ocr_line' id='line_1_12' title="bbox 388 619 953 650; baseline -0.007 -5"><span class='ocrx_word' id='word_1_61' title='bbox 388 623 498 645; x_wconf 78' lang='lat' dir='ltr'>comitiva</span> <span class='ocrx_word' id='word_1_62' title='bbox 516 626 537 644; x_wconf 84' lang='lat' dir='ltr'>ct</span> <span class='ocrx_word' id='word_1_63' title='bbox 555 626 649 650; x_wconf 84' lang='lat' dir='ltr'>propter</span> <span class='ocrx_word' id='word_1_64' title='bbox 667 622 763 649; x_wconf 73' lang='lat' dir='ltr'>grandia</span> <span class='ocrx_word' id='word_1_65' title='bbox 783 621 865 643; x_wconf 84' lang='lat' dir='ltr'>fercula</span> <span class='ocrx_word' id='word_1_66' title='bbox 884 619 913 642; x_wconf 81' lang='lat' dir='ltr'>ib.</span> <span class='ocrx_word' id='word_1_67' title='bbox 938 619 953 641; x_wconf 86' lang='grc'>1)</span> 
     </span>
     <span class='ocr_line' id='line_1_13' title="bbox 389 659 954 687; baseline -0.007 -3"><span class='ocrx_word' id='word_1_68' title='bbox 389 674 420 678; x_wconf 92' lang='lat'>-—-</span> <span class='ocrx_word' id='word_1_69' title='bbox 432 662 472 684; x_wconf 81' lang='lat' dir='ltr'>Hic</span> <span class='ocrx_word' id='word_1_70' title='bbox 485 668 509 684; x_wconf 89' lang='grc'>56</span> <span class='ocrx_word' id='word_1_71' title='bbox 521 661 624 684; x_wconf 90' lang='lat' dir='ltr'>exhibuit</span> <span class='ocrx_word' id='word_1_72' title='bbox 637 662 657 682; x_wconf 90' lang='lat' dir='ltr'>in</span> <span class='ocrx_word' id='word_1_73' title='bbox 670 660 748 682; x_wconf 83' lang='lat' dir='ltr'>cibum</span> <span class='ocrx_word' id='word_1_74' title='bbox 761 663 782 682; x_wconf 89' lang='lat' dir='ltr'>et</span> <span class='ocrx_word' id='word_1_75' title='bbox 792 663 871 687; x_wconf 88' lang='lat' dir='ltr'>potum</span> <span class='ocrx_word' id='word_1_76' title='bbox 880 677 885 686; x_wconf 68' lang='lat'>‚</span> <span class='ocrx_word' id='word_1_77' title='bbox 895 659 954 680; x_wconf 81' lang='lat' dir='ltr'>sicut</span> 
     </span>
     <span class='ocr_line' id='line_1_14' title="bbox 389 698 954 728; baseline -0.007 -5"><span class='ocrx_word' id='word_1_78' title='bbox 389 701 533 728; x_wconf 72' lang='lat' dir='ltr'>praedixerat</span> <span class='ocrx_word' id='word_1_79' title='bbox 546 700 599 722; x_wconf 70' lang='lat' dir='ltr'>z‘tn&#39;ct.</span> <span class='ocrx_word' id='word_1_80' title='bbox 611 712 642 716; x_wconf 85' lang='lat'><strong>—</strong></span> <span class='ocrx_word' id='word_1_81' title='bbox 655 701 675 721; x_wconf 93' lang='lat' dir='ltr'>ln</span> <span class='ocrx_word' id='word_1_82' title='bbox 686 699 760 721; x_wconf 83' lang='lat' dir='ltr'>Coena</span> <span class='ocrx_word' id='word_1_83' title='bbox 775 699 864 720; x_wconf 80' lang='lat' dir='ltr'>Domini</span> <span class='ocrx_word' id='word_1_84' title='bbox 874 698 954 720; x_wconf 88' lang='lat' dir='ltr'>recolit</span> 
     </span>
     <span class='ocr_line' id='line_1_15' title="bbox 388 736 954 762; baseline -0.007 0"><span class='ocrx_word' id='word_1_85' title='bbox 388 740 486 762; x_wconf 74' lang='lat' dir='ltr'>Ecclesia</span> <span class='ocrx_word' id='word_1_86' title='bbox 500 739 664 762; x_wconf 71' lang='lat' dir='ltr'>institutionem</span> <span class='ocrx_word' id='word_1_87' title='bbox 684 738 824 761; x_wconf 75' lang='lat' dir='ltr'>sacramenti</span> <span class='ocrx_word' id='word_1_88' title='bbox 838 737 883 759; x_wconf 77' lang='grc'>253</span> <span class='ocrx_word' id='word_1_89' title='bbox 897 736 911 758; x_wconf 86' lang='lat' dir='ltr'>b</span> <span class='ocrx_word' id='word_1_90' title='bbox 923 749 954 753; x_wconf 91' lang='lat'><strong>—</strong></span> 
     </span>
     <span class='ocr_line' id='line_1_16' title="bbox 389 776 954 807; baseline -0.007 -6"><span class='ocrx_word' id='word_1_91' title='bbox 389 780 446 807; x_wconf 85' lang='lat' dir='ltr'>Quia</span> <span class='ocrx_word' id='word_1_92' title='bbox 465 779 524 806; x_wconf 81' lang='lat' dir='ltr'>pigri</span> <span class='ocrx_word' id='word_1_93' title='bbox 542 784 634 804; x_wconf 85' lang='lat' dir='ltr'>sumus,</span> <span class='ocrx_word' id='word_1_94' title='bbox 653 778 720 799; x_wconf 91' lang='lat' dir='ltr'>mittit</span> <span class='ocrx_word' id='word_1_95' title='bbox 743 776 846 799; x_wconf 86' lang='lat' dir='ltr'>Christus</span> <span class='ocrx_word' id='word_1_96' title='bbox 864 776 954 803; x_wconf 86' lang='lat' dir='ltr'>praedi-</span> 
     </span>
     <span class='ocr_line' id='line_1_17' title="bbox 389 817 954 844; baseline -0.007 -4"><span class='ocrx_word' id='word_1_97' title='bbox 389 822 491 844; x_wconf 81' lang='lat' dir='ltr'>catores,</span> <span class='ocrx_word' id='word_1_98' title='bbox 509 820 533 839; x_wconf 92' lang='lat' dir='ltr'>nt</span> <span class='ocrx_word' id='word_1_99' title='bbox 555 824 597 839; x_wconf 90' lang='lat' dir='ltr'>nos</span> <span class='ocrx_word' id='word_1_100' title='bbox 621 817 648 839; x_wconf 82' lang='lat' dir='ltr'>ad</span> <span class='ocrx_word' id='word_1_101' title='bbox 667 822 762 839; x_wconf 85' lang='lat' dir='ltr'>coenam</span> <span class='ocrx_word' id='word_1_102' title='bbox 781 822 846 837; x_wconf 88' lang='lat' dir='ltr'>snam</span> <span class='ocrx_word' id='word_1_103' title='bbox 865 817 954 837; x_wconf 78' lang='grc'>11011611-</span> 
     </span>
     <span class='ocr_line' id='line_1_18' title="bbox 389 855 955 879; baseline -0.007 0"><span class='ocrx_word' id='word_1_104' title='bbox 389 860 425 879; x_wconf 89' lang='grc'>1111</span> <span class='ocrx_word' id='word_1_105' title='bbox 442 857 486 879; x_wconf 74' lang='grc'>247</span> <span class='ocrx_word' id='word_1_106' title='bbox 505 863 517 878; x_wconf 92' lang='lat' dir='ltr'>a</span> <span class='ocrx_word' id='word_1_107' title='bbox 535 869 565 872; x_wconf 97' lang='lat'><strong>—</strong></span> <span class='ocrx_word' id='word_1_108' title='bbox 582 857 615 878; x_wconf 85' lang='lat' dir='ltr'>Ad</span> <span class='ocrx_word' id='word_1_109' title='bbox 635 857 693 878; x_wconf 85' lang='lat' dir='ltr'>hanc</span> <span class='ocrx_word' id='word_1_110' title='bbox 706 861 801 878; x_wconf 90' lang='lat' dir='ltr'>coenam</span> <span class='ocrx_word' id='word_1_111' title='bbox 814 855 908 876; x_wconf 84' lang='lat' dir='ltr'>invitata</span> <span class='ocrx_word' id='word_1_112' title='bbox 921 856 955 876; x_wconf 86' lang='lat' dir='ltr'>est</span> 
     </span>
     <span class='ocr_line' id='line_1_19' title="bbox 389 893 796 918; baseline -0.005 0"><span class='ocrx_word' id='word_1_113' title='bbox 389 896 526 918; x_wconf 66' lang='lat' dir='ltr'>universitas</span> <span class='ocrx_word' id='word_1_114' title='bbox 543 896 723 918; x_wconf 89' lang='lat' dir='ltr'>Christianorum</span> <span class='ocrx_word' id='word_1_115' title='bbox 743 893 796 917; x_wconf 75' lang='lat' dir='ltr'>ibid.</span> 
     </span>
    </p>

    <p class='ocr_par' dir='ltr' id='par_1_3' title="bbox 389 933 955 998">
     <span class='ocr_line' id='line_1_20' title="bbox 421 933 955 962; baseline -0.007 -4"><span class='ocrx_word' id='word_1_116' title='bbox 421 935 569 958; x_wconf 63' lang='lat' dir='ltr'>Coisxacuwiu</span> <span class='ocrx_word' id='word_1_117' title='bbox 586 948 617 951; x_wconf 87' lang='lat'>—-</span> <span class='ocrx_word' id='word_1_118' title='bbox 634 934 723 962; x_wconf 78' lang='lat' dir='ltr'>grande</span> <span class='ocrx_word' id='word_1_119' title='bbox 749 934 856 961; x_wconf 81' lang='lat' dir='ltr'>designat</span> <span class='ocrx_word' id='word_1_120' title='bbox 878 933 955 955; x_wconf 85' lang='lat' dir='ltr'>dilata-</span> 
     </span>
     <span class='ocr_line' id='line_1_21' title="bbox 389 974 686 998; baseline -0.007 -1"><span class='ocrx_word' id='word_1_121' title='bbox 389 975 473 998; x_wconf 81' lang='lat' dir='ltr'>tionem</span> <span class='ocrx_word' id='word_1_122' title='bbox 492 975 591 997; x_wconf 85' lang='lat' dir='ltr'>caritatis</span> <span class='ocrx_word' id='word_1_123' title='bbox 609 974 653 996; x_wconf 69' lang='lat'>258</span> <span class='ocrx_word' id='word_1_124' title='bbox 673 974 686 995; x_wconf 85' lang='lat' dir='ltr'>b</span> 
     </span>
    </p>

    <p class='ocr_par' dir='ltr' id='par_1_4' title="bbox 389 1011 954 1159">
     <span class='ocr_line' id='line_1_22' title="bbox 436 1011 953 1041; baseline -0.008 -5"><span class='ocrx_word' id='word_1_125' title='bbox 436 1014 554 1037; x_wconf 73' lang='lat' dir='ltr'>Coerrmo</span> <span class='ocrx_word' id='word_1_126' title='bbox 582 1026 612 1030; x_wconf 87' lang='lat'>—</span> <span class='ocrx_word' id='word_1_127' title='bbox 640 1013 710 1035; x_wconf 86' lang='lat' dir='ltr'>(lebet</span> <span class='ocrx_word' id='word_1_128' title='bbox 740 1013 804 1041; x_wconf 77' lang='lat' dir='ltr'>sequi</span> <span class='ocrx_word' id='word_1_129' title='bbox 834 1011 953 1033; x_wconf 83' lang='lat' dir='ltr'>veritatem</span> 
     </span>
     <span class='ocr_line' id='line_1_23' title="bbox 391 1051 953 1079; baseline -0.005 -4"><span class='ocrx_word' id='word_1_130' title='bbox 391 1053 435 1075; x_wconf 89' lang='grc'>472</span> <span class='ocrx_word' id='word_1_131' title='bbox 453 1060 465 1075; x_wconf 91' lang='lat' dir='ltr'>a</span> <span class='ocrx_word' id='word_1_132' title='bbox 482 1054 548 1075; x_wconf 88' lang='lat' dir='ltr'>—in</span> <span class='ocrx_word' id='word_1_133' title='bbox 560 1053 597 1075; x_wconf 78' lang='lat' dir='ltr'>ria</span> <span class='ocrx_word' id='word_1_134' title='bbox 610 1053 711 1074; x_wconf 86' lang='lat' dir='ltr'>veritatis</span> <span class='ocrx_word' id='word_1_135' title='bbox 723 1052 791 1079; x_wconf 76' lang='lat' dir='ltr'>dirigi</span> <span class='ocrx_word' id='word_1_136' title='bbox 804 1051 891 1074; x_wconf 89' lang='lat' dir='ltr'>debent</span> <span class='ocrx_word' id='word_1_137' title='bbox 908 1057 953 1072; x_wconf 91' lang='lat' dir='ltr'>non</span> 
     </span>
     <span class='ocr_line' id='line_1_24' title="bbox 389 1090 954 1120; baseline -0.005 -5"><span class='ocrx_word' id='word_1_138' title='bbox 389 1093 518 1115; x_wconf 83' lang='lat' dir='ltr'>secundum</span> <span class='ocrx_word' id='word_1_139' title='bbox 545 1092 729 1120; x_wconf 78' lang='lat' dir='ltr'>philosophiam,</span> <span class='ocrx_word' id='word_1_140' title='bbox 756 1091 796 1113; x_wconf 79' lang='lat' dir='ltr'>sed</span> <span class='ocrx_word' id='word_1_141' title='bbox 825 1090 954 1113; x_wconf 84' lang='lat' dir='ltr'>secundum</span> 
     </span>
     <span class='ocr_line' id='line_1_25' title="bbox 389 1131 741 1159; baseline -0.003 -5"><span class='ocrx_word' id='word_1_142' title='bbox 389 1132 492 1154; x_wconf 74' lang='lat' dir='ltr'>dix-inam</span> <span class='ocrx_word' id='word_1_143' title='bbox 509 1132 644 1159; x_wconf 79' lang='lat' dir='ltr'>sapientiam</span> <span class='ocrx_word' id='word_1_144' title='bbox 667 1132 708 1153; x_wconf 75' lang='lat'>¹88</span> <span class='ocrx_word' id='word_1_145' title='bbox 727 1131 741 1153; x_wconf 86' lang='lat' dir='ltr'>b</span> 
     </span>
    </p>

    <p class='ocr_par' dir='ltr' id='par_1_5' title="bbox 389 1170 954 1272">
     <span class='ocr_line' id='line_1_26' title="bbox 437 1170 954 1195; baseline -0.006 -2"><span class='ocrx_word' id='word_1_146' title='bbox 437 1184 467 1187; x_wconf 97' lang='lat'><strong>—</strong></span> <span class='ocrx_word' id='word_1_147' title='bbox 485 1174 562 1193; x_wconf 87' lang='lat' dir='ltr'>nostra</span> <span class='ocrx_word' id='word_1_148' title='bbox 580 1177 624 1192; x_wconf 91' lang='lat' dir='ltr'>non</span> <span class='ocrx_word' id='word_1_149' title='bbox 642 1170 784 1192; x_wconf 75' lang='lat' dir='ltr'>convertitur</span> <span class='ocrx_word' id='word_1_150' title='bbox 810 1170 831 1191; x_wconf 93' lang='lat' dir='ltr'>in</span> <span class='ocrx_word' id='word_1_151' title='bbox 858 1175 954 1195; x_wconf 80' lang='lat' dir='ltr'>sonum,</span> 
     </span>
     <span class='ocr_line' id='line_1_27' title="bbox 389 1209 954 1239; baseline -0.005 -6"><span class='ocrx_word' id='word_1_152' title='bbox 389 1217 443 1233; x_wconf 85' lang='lat' dir='ltr'>cum</span> <span class='ocrx_word' id='word_1_153' title='bbox 462 1211 591 1239; x_wconf 85' lang='lat' dir='ltr'>loquimur,</span> <span class='ocrx_word' id='word_1_154' title='bbox 609 1210 650 1232; x_wconf 88' lang='lat' dir='ltr'>sed</span> <span class='ocrx_word' id='word_1_155' title='bbox 673 1212 750 1231; x_wconf 85' lang='lat' dir='ltr'>manet</span> <span class='ocrx_word' id='word_1_156' title='bbox 773 1209 860 1236; x_wconf 74' lang='lat' dir='ltr'>integra</span> <span class='ocrx_word' id='word_1_157' title='bbox 884 1209 924 1230; x_wconf 82' lang='lat'>103</span> <span class='ocrx_word' id='word_1_158' title='bbox 942 1215 954 1230; x_wconf 91' lang='lat' dir='ltr'>a</span> 
     </span>
     <span class='ocr_line' id='line_1_28' title="bbox 391 1249 765 1272; baseline -0.005 0"><span class='ocrx_word' id='word_1_159' title='bbox 391 1262 419 1265; x_wconf 78' lang='lat'>—</span> <span class='ocrx_word' id='word_1_160' title='bbox 437 1250 500 1272; x_wconf 88' lang='grc'>(111611</span> <span class='ocrx_word' id='word_1_161' title='bbox 518 1250 546 1271; x_wconf 92' lang='lat' dir='ltr'>ad</span> <span class='ocrx_word' id='word_1_162' title='bbox 565 1250 671 1271; x_wconf 73' lang='lat' dir='ltr'>affectum</span> <span class='ocrx_word' id='word_1_163' title='bbox 690 1249 735 1270; x_wconf 88' lang='grc'>662</span> <span class='ocrx_word' id='word_1_164' title='bbox 754 1254 765 1270; x_wconf 93' lang='lat' dir='ltr'>a</span> 
     </span>
    </p>

    <p class='ocr_par' dir='ltr' id='par_1_6' title="bbox 390 1287 958 1705">
     <span class='ocr_line' id='line_1_29' title="bbox 438 1287 956 1316; baseline -0.004 -5"><span class='ocrx_word' id='word_1_165' title='bbox 438 1302 467 1305; x_wconf 87' lang='lat'><strong>—</strong></span> <span class='ocrx_word' id='word_1_166' title='bbox 485 1289 528 1311; x_wconf 90' lang='lat' dir='ltr'>Cor</span> <span class='ocrx_word' id='word_1_167' title='bbox 545 1295 589 1311; x_wconf 91' lang='lat' dir='ltr'>non</span> <span class='ocrx_word' id='word_1_168' title='bbox 607 1292 641 1310; x_wconf 87' lang='lat' dir='ltr'>est</span> <span class='ocrx_word' id='word_1_169' title='bbox 662 1288 813 1316; x_wconf 85' lang='lat' dir='ltr'>aperiendum</span> <span class='ocrx_word' id='word_1_170' title='bbox 839 1287 956 1315; x_wconf 77' lang='lat' dir='ltr'>cogitatio-</span> 
     </span>
     <span class='ocr_line' id='line_1_30' title="bbox 392 1327 956 1356; baseline -0.004 -6"><span class='ocrx_word' id='word_1_171' title='bbox 392 1328 460 1351; x_wconf 83' lang='lat' dir='ltr'>nibus</span> <span class='ocrx_word' id='word_1_172' title='bbox 477 1328 554 1356; x_wconf 79' lang='lat' dir='ltr'>matis,</span> <span class='ocrx_word' id='word_1_173' title='bbox 572 1328 611 1350; x_wconf 87' lang='lat' dir='ltr'>sed</span> <span class='ocrx_word' id='word_1_174' title='bbox 631 1328 740 1355; x_wconf 72' lang='lat' dir='ltr'>angelicis</span> <span class='ocrx_word' id='word_1_175' title='bbox 757 1330 779 1349; x_wconf 89' lang='lat' dir='ltr'>et</span> <span class='ocrx_word' id='word_1_176' title='bbox 796 1327 863 1349; x_wconf 85' lang='lat' dir='ltr'>bonis</span> <span class='ocrx_word' id='word_1_177' title='bbox 881 1327 925 1348; x_wconf 82' lang='grc'>508</span> <span class='ocrx_word' id='word_1_178' title='bbox 944 1333 956 1348; x_wconf 91' lang='lat' dir='ltr'>a</span> 
     </span>
     <span class='ocr_line' id='line_1_31' title="bbox 390 1366 957 1395; baseline -0.004 -6"><span class='ocrx_word' id='word_1_179' title='bbox 390 1379 421 1384; x_wconf 92' lang='lat'><em>-</em></span> <span class='ocrx_word' id='word_1_180' title='bbox 439 1368 511 1389; x_wconf 87' lang='lat' dir='ltr'>malae</span> <span class='ocrx_word' id='word_1_181' title='bbox 530 1367 653 1395; x_wconf 76' lang='lat' dir='ltr'>fugiendae</span> <span class='ocrx_word' id='word_1_182' title='bbox 669 1370 733 1394; x_wconf 83' lang='lat' dir='ltr'>sunt,</span> <span class='ocrx_word' id='word_1_183' title='bbox 746 1373 775 1388; x_wconf 93' lang='lat' dir='ltr'>ne</span> <span class='ocrx_word' id='word_1_184' title='bbox 786 1366 957 1388; x_wconf 73' lang='lat' dir='ltr'>consentiamus</span> 
     </span>
     <span class='ocr_line' id='line_1_32' title="bbox 391 1406 956 1435; baseline -0.004 -6"><span class='ocrx_word' id='word_1_185' title='bbox 391 1410 486 1435; x_wconf 87' lang='lat' dir='ltr'>peccato</span> <span class='ocrx_word' id='word_1_186' title='bbox 504 1406 548 1428; x_wconf 81' lang='grc'>539</span> <span class='ocrx_word' id='word_1_187' title='bbox 567 1406 582 1429; x_wconf 84' lang='lat' dir='ltr'>b</span> <span class='ocrx_word' id='word_1_188' title='bbox 601 1419 628 1422; x_wconf 89' lang='lat'><strong>—</strong></span> <span class='ocrx_word' id='word_1_189' title='bbox 648 1407 709 1428; x_wconf 85' lang='lat' dir='ltr'>Mens</span> <span class='ocrx_word' id='word_1_190' title='bbox 726 1406 877 1433; x_wconf 77' lang='lat' dir='ltr'>restringatur</span> <span class='ocrx_word' id='word_1_191' title='bbox 895 1412 905 1427; x_wconf 88' lang='lat' dir='ltr'>a</span> <span class='ocrx_word' id='word_1_192' title='bbox 919 1411 956 1427; x_wconf 89' lang='lat' dir='ltr'>co-</span> 
     </span>
     <span class='ocr_line' id='line_1_33' title="bbox 391 1445 957 1474; baseline -0.004 -6"><span class='ocrx_word' id='word_1_193' title='bbox 391 1446 542 1474; x_wconf 75' lang='lat' dir='ltr'>gitationibus</span> <span class='ocrx_word' id='word_1_194' title='bbox 569 1447 634 1468; x_wconf 63' lang='lat' dir='ltr'>ranis</span> <span class='ocrx_word' id='word_1_195' title='bbox 645 1463 651 1472; x_wconf 79' lang='lat'><em>,</em></span> <span class='ocrx_word' id='word_1_196' title='bbox 679 1446 769 1467; x_wconf 84' lang='lat' dir='ltr'>foetidis</span> <span class='ocrx_word' id='word_1_197' title='bbox 801 1448 824 1467; x_wconf 90' lang='lat' dir='ltr'>et</span> <span class='ocrx_word' id='word_1_198' title='bbox 851 1445 957 1472; x_wconf 79' lang='lat' dir='ltr'>malignis</span> 
     </span>
     <span class='ocr_line' id='line_1_34' title="bbox 391 1485 957 1512; baseline -0.004 -5"><span class='ocrx_word' id='word_1_199' title='bbox 391 1485 437 1507; x_wconf 89' lang='grc'>725</span> <span class='ocrx_word' id='word_1_200' title='bbox 454 1491 467 1507; x_wconf 93' lang='lat' dir='ltr'>a</span> <span class='ocrx_word' id='word_1_201' title='bbox 484 1497 513 1501; x_wconf 97' lang='lat'><strong>—</strong></span> <span class='ocrx_word' id='word_1_202' title='bbox 531 1485 560 1507; x_wconf 88' lang='lat' dir='ltr'>de</span> <span class='ocrx_word' id='word_1_203' title='bbox 577 1491 646 1507; x_wconf 83' lang='lat' dir='ltr'>sensu</span> <span class='ocrx_word' id='word_1_204' title='bbox 664 1488 686 1506; x_wconf 90' lang='lat' dir='ltr'>et</span> <span class='ocrx_word' id='word_1_205' title='bbox 703 1485 868 1512; x_wconf 78' lang='lat' dir='ltr'>imaginatione</span> <span class='ocrx_word' id='word_1_206' title='bbox 880 1490 957 1506; x_wconf 85' lang='lat' dir='ltr'>ascen-</span> 
     </span>
     <span class='ocr_line' id='line_1_35' title="bbox 392 1523 956 1552; baseline -0.002 -6"><span class='ocrx_word' id='word_1_207' title='bbox 392 1524 472 1547; x_wconf 82' lang='lat' dir='ltr'>dentes</span> <span class='ocrx_word' id='word_1_208' title='bbox 489 1525 562 1552; x_wconf 79' lang='lat' dir='ltr'>gratia</span> <span class='ocrx_word' id='word_1_209' title='bbox 589 1524 709 1552; x_wconf 84' lang='lat' dir='ltr'>privantur</span> <span class='ocrx_word' id='word_1_210' title='bbox 735 1526 829 1551; x_wconf 89' lang='lat' dir='ltr'>propter</span> <span class='ocrx_word' id='word_1_211' title='bbox 846 1523 956 1545; x_wconf 90' lang='lat' dir='ltr'>malitiam</span> 
     </span>
     <span class='ocr_line' id='line_1_36' title="bbox 391 1563 958 1591; baseline -0.004 -5"><span class='ocrx_word' id='word_1_212' title='bbox 391 1564 486 1586; x_wconf 84' lang='lat' dir='ltr'>rationis</span> <span class='ocrx_word' id='word_1_213' title='bbox 511 1567 605 1591; x_wconf 88' lang='lat' dir='ltr'>peccato</span> <span class='ocrx_word' id='word_1_214' title='bbox 630 1564 791 1585; x_wconf 85' lang='lat' dir='ltr'>consentientis</span> <span class='ocrx_word' id='word_1_215' title='bbox 819 1563 864 1585; x_wconf 87' lang='grc'>226</span> <span class='ocrx_word' id='word_1_216' title='bbox 888 1569 901 1584; x_wconf 85' lang='lat' dir='ltr'>a</span> <span class='ocrx_word' id='word_1_217' title='bbox 927 1575 958 1578; x_wconf 91' lang='lat'><em>—</em></span> 
     </span>
     <span class='ocr_line' id='line_1_37' title="bbox 392 1603 958 1631; baseline -0.002 -6"><span class='ocrx_word' id='word_1_218' title='bbox 392 1603 526 1626; x_wconf 76' lang='lat' dir='ltr'>immundae</span> <span class='ocrx_word' id='word_1_219' title='bbox 543 1605 654 1631; x_wconf 83' lang='lat' dir='ltr'>generant</span> <span class='ocrx_word' id='word_1_220' title='bbox 671 1603 693 1624; x_wconf 97' lang='lat' dir='ltr'>in</span> <span class='ocrx_word' id='word_1_221' title='bbox 710 1603 780 1625; x_wconf 87' lang='lat' dir='ltr'>corde</span> <span class='ocrx_word' id='word_1_222' title='bbox 791 1603 905 1631; x_wconf 83' lang='lat' dir='ltr'>quosdam</span> <span class='ocrx_word' id='word_1_223' title='bbox 920 1603 958 1624; x_wconf 91' lang='lat' dir='ltr'>hu-</span> 
     </span>
     <span class='ocr_line' id='line_1_38' title="bbox 393 1642 958 1670; baseline -0.004 -5"><span class='ocrx_word' id='word_1_224' title='bbox 393 1649 470 1665; x_wconf 87' lang='lat' dir='ltr'>mores</span> <span class='ocrx_word' id='word_1_225' title='bbox 498 1646 620 1670; x_wconf 84' lang='lat' dir='ltr'>corruptos</span> <span class='ocrx_word' id='word_1_226' title='bbox 647 1645 669 1664; x_wconf 91' lang='lat' dir='ltr'>et</span> <span class='ocrx_word' id='word_1_227' title='bbox 696 1642 810 1664; x_wconf 83' lang='lat' dir='ltr'>desideria</span> <span class='ocrx_word' id='word_1_228' title='bbox 838 1642 862 1663; x_wconf 90' lang='lat' dir='ltr'>in</span> <span class='ocrx_word' id='word_1_229' title='bbox 890 1648 958 1664; x_wconf 86' lang='lat' dir='ltr'>carne</span> 
     </span>
     <span class='ocr_line' id='line_1_39' title="bbox 393 1682 452 1705; baseline -0.017 0"><span class='ocrx_word' id='word_1_230' title='bbox 393 1682 422 1705; x_wconf 87' lang='grc'>76</span> <span class='ocrx_word' id='word_1_231' title='bbox 441 1688 452 1704; x_wconf 83' lang='grc'>11</span> 
     </span>
    </p>

    <p class='ocr_par' dir='ltr' id='par_1_7' title="bbox 393 1721 959 2056">
     <span class='ocr_line' id='line_1_40' title="bbox 440 1721 958 1749; baseline -0.002 -5"><span class='ocrx_word' id='word_1_232' title='bbox 440 1721 545 1744; x_wconf 66' lang='lat' dir='ltr'>Commo</span> <span class='ocrx_word' id='word_1_233' title='bbox 562 1734 592 1737; x_wconf 97' lang='lat'><strong>—</strong></span> <span class='ocrx_word' id='word_1_234' title='bbox 609 1724 686 1744; x_wconf 88' lang='lat' dir='ltr'>nostra</span> <span class='ocrx_word' id='word_1_235' title='bbox 705 1721 725 1743; x_wconf 94' lang='lat' dir='ltr'>in</span> <span class='ocrx_word' id='word_1_236' title='bbox 743 1721 779 1743; x_wconf 82' lang='lat' dir='ltr'>via</span> <span class='ocrx_word' id='word_1_237' title='bbox 798 1721 877 1749; x_wconf 83' lang='lat' dir='ltr'>incipit</span> <span class='ocrx_word' id='word_1_238' title='bbox 892 1728 903 1743; x_wconf 89' lang='lat' dir='ltr'>a</span> <span class='ocrx_word' id='word_1_239' title='bbox 917 1727 958 1749; x_wconf 88' lang='lat' dir='ltr'>po-</span> 
     </span>
     <span class='ocr_line' id='line_1_41' title="bbox 393 1760 958 1788; baseline 0 -6"><span class='ocrx_word' id='word_1_240' title='bbox 393 1761 482 1783; x_wconf 83' lang='lat' dir='ltr'>steriori</span> <span class='ocrx_word' id='word_1_241' title='bbox 509 1761 549 1782; x_wconf 88' lang='lat' dir='ltr'>3ll</span> <span class='ocrx_word' id='word_1_242' title='bbox 579 1766 591 1782; x_wconf 87' lang='lat' dir='ltr'>a</span> <span class='ocrx_word' id='word_1_243' title='bbox 611 1773 638 1776; x_wconf 86' lang='lat'><em>-</em></span> <span class='ocrx_word' id='word_1_244' title='bbox 656 1760 802 1788; x_wconf 74' lang='lat' dir='ltr'>Cognoscere</span> <span class='ocrx_word' id='word_1_245' title='bbox 828 1763 862 1782; x_wconf 83' lang='lat' dir='ltr'>est</span> <span class='ocrx_word' id='word_1_246' title='bbox 879 1760 958 1782; x_wconf 82' lang='lat' dir='ltr'>intelli-</span> 
     </span>
     <span class='ocr_line' id='line_1_42' title="bbox 393 1799 958 1828; baseline 0 -7"><span class='ocrx_word' id='word_1_247' title='bbox 393 1800 483 1827; x_wconf 82' lang='lat' dir='ltr'>gentiae</span> <span class='ocrx_word' id='word_1_248' title='bbox 502 1799 541 1822; x_wconf 98' lang='grc'>421</span> <span class='ocrx_word' id='word_1_249' title='bbox 564 1805 576 1821; x_wconf 84' lang='lat' dir='ltr'>a</span> <span class='ocrx_word' id='word_1_250' title='bbox 594 1812 624 1816; x_wconf 91' lang='lat'>—</span> <span class='ocrx_word' id='word_1_251' title='bbox 641 1802 663 1821; x_wconf 86' lang='lat' dir='ltr'>et</span> <span class='ocrx_word' id='word_1_252' title='bbox 685 1800 774 1822; x_wconf 75' lang='lat' dir='ltr'>affectio</span> <span class='ocrx_word' id='word_1_253' title='bbox 797 1802 830 1822; x_wconf 89' lang='lat' dir='ltr'>est</span> <span class='ocrx_word' id='word_1_254' title='bbox 855 1800 958 1828; x_wconf 83' lang='lat' dir='ltr'>aequalis</span> 
     </span>
     <span class='ocr_line' id='line_1_43' title="bbox 394 1838 958 1861; baseline -0.002 0"><span class='ocrx_word' id='word_1_255' title='bbox 394 1838 494 1861; x_wconf 81' lang='lat' dir='ltr'>ambitus</span> <span class='ocrx_word' id='word_1_256' title='bbox 512 1839 557 1861; x_wconf 83' lang='grc'>359</span> <span class='ocrx_word' id='word_1_257' title='bbox 575 1845 587 1860; x_wconf 90' lang='lat' dir='ltr'>a</span> <span class='ocrx_word' id='word_1_258' title='bbox 605 1851 633 1854; x_wconf 88' lang='lat'><strong>—</strong></span> <span class='ocrx_word' id='word_1_259' title='bbox 652 1845 676 1860; x_wconf 86' lang='grc'>56</span> <span class='ocrx_word' id='word_1_260' title='bbox 694 1839 794 1861; x_wconf 72' lang='lat' dir='ltr'>extendit</span> <span class='ocrx_word' id='word_1_261' title='bbox 818 1839 848 1861; x_wconf 88' lang='lat' dir='ltr'>ad</span> <span class='ocrx_word' id='word_1_262' title='bbox 870 1839 958 1861; x_wconf 85' lang='lat' dir='ltr'>infinita</span> 
     </span>
     <span class='ocr_line' id='line_1_44' title="bbox 394 1877 958 1906; baseline 0 -6"><span class='ocrx_word' id='word_1_263' title='bbox 394 1877 447 1900; x_wconf 79' lang='lat' dir='ltr'>ibid.</span> <span class='ocrx_word' id='word_1_264' title='bbox 464 1890 495 1894; x_wconf 98' lang='lat'><strong>—</strong></span> <span class='ocrx_word' id='word_1_265' title='bbox 518 1878 592 1905; x_wconf 87' lang='lat' dir='ltr'>prima</span> <span class='ocrx_word' id='word_1_266' title='bbox 619 1880 653 1900; x_wconf 88' lang='lat' dir='ltr'>est</span> <span class='ocrx_word' id='word_1_267' title='bbox 675 1878 745 1906; x_wconf 73' lang='lat' dir='ltr'>fides;</span> <span class='ocrx_word' id='word_1_268' title='bbox 771 1878 883 1905; x_wconf 83' lang='lat' dir='ltr'>secunda,</span> <span class='ocrx_word' id='word_1_269' title='bbox 904 1884 958 1906; x_wconf 91' lang='lat' dir='ltr'>pru-</span> 
     </span>
     <span class='ocr_line' id='line_1_45' title="bbox 394 1917 957 1946; baseline 0 -7"><span class='ocrx_word' id='word_1_270' title='bbox 394 1917 482 1944; x_wconf 84' lang='lat' dir='ltr'>dentia;</span> <span class='ocrx_word' id='word_1_271' title='bbox 510 1917 586 1944; x_wconf 88' lang='lat' dir='ltr'>tertia,</span> <span class='ocrx_word' id='word_1_272' title='bbox 607 1917 732 1944; x_wconf 82' lang='lat' dir='ltr'>sapientia;</span> <span class='ocrx_word' id='word_1_273' title='bbox 750 1920 842 1946; x_wconf 82' lang='lat' dir='ltr'>quarta,</span> <span class='ocrx_word' id='word_1_274' title='bbox 864 1917 957 1939; x_wconf 84' lang='lat' dir='ltr'>scientia</span> 
     </span>
     <span class='ocr_line' id='line_1_46' title="bbox 394 1955 959 1984; baseline 0 -6"><span class='ocrx_word' id='word_1_275' title='bbox 394 1956 439 1978; x_wconf 75' lang='lat'>689</span> <span class='ocrx_word' id='word_1_276' title='bbox 457 1955 472 1978; x_wconf 89' lang='lat' dir='ltr'>b</span> <span class='ocrx_word' id='word_1_277' title='bbox 488 1968 518 1972; x_wconf 98' lang='lat'><strong>—</strong></span> <span class='ocrx_word' id='word_1_278' title='bbox 537 1957 636 1984; x_wconf 84' lang='lat' dir='ltr'>perfecta</span> <span class='ocrx_word' id='word_1_279' title='bbox 649 1956 751 1978; x_wconf 82' lang='lat' dir='ltr'>consistit</span> <span class='ocrx_word' id='word_1_280' title='bbox 762 1957 783 1978; x_wconf 95' lang='lat' dir='ltr'>in</span> <span class='ocrx_word' id='word_1_281' title='bbox 795 1957 959 1984; x_wconf 80' lang='lat' dir='ltr'>cognoscendo</span> 
     </span>
     <span class='ocr_line' id='line_1_47' title="bbox 395 1995 958 2023; baseline 0 -6"><span class='ocrx_word' id='word_1_282' title='bbox 395 1995 549 2023; x_wconf 86' lang='lat' dir='ltr'>principium,</span> <span class='ocrx_word' id='word_1_283' title='bbox 572 1996 675 2018; x_wconf 90' lang='lat' dir='ltr'>medium</span> <span class='ocrx_word' id='word_1_284' title='bbox 701 1999 722 2017; x_wconf 86' lang='lat' dir='ltr'>et</span> <span class='ocrx_word' id='word_1_285' title='bbox 744 1996 849 2017; x_wconf 88' lang='lat' dir='ltr'>ultimum</span> <span class='ocrx_word' id='word_1_286' title='bbox 880 1996 919 2017; x_wconf 83' lang='grc'>193</span> <span class='ocrx_word' id='word_1_287' title='bbox 938 2002 958 2017; x_wconf 91' lang='lat' dir='ltr'>a.</span> 
     </span>
     <span class='ocr_line' id='line_1_48' title="bbox 395 2035 574 2056; baseline 0 0"><span class='ocrx_word' id='word_1_288' title='bbox 395 2035 440 2056; x_wconf 88' lang='grc'>202</span> <span class='ocrx_word' id='word_1_289' title='bbox 458 2041 478 2056; x_wconf 87' lang='grc'>11.</span> <span class='ocrx_word' id='word_1_290' title='bbox 496 2036 540 2056; x_wconf 86' lang='grc'>667</span> <span class='ocrx_word' id='word_1_291' title='bbox 560 2035 574 2056; x_wconf 91' lang='lat' dir='ltr'>b</span> 
     </span>
    </p>

    <p class='ocr_par' dir='ltr' id='par_1_8' title="bbox 394 2074 961 2376">
     <span class='ocr_line' id='line_1_49' title="bbox 441 2074 959 2102; baseline 0 -6"><span class='ocrx_word' id='word_1_292' title='bbox 441 2086 472 2090; x_wconf 91' lang='lat'>—</span> <span class='ocrx_word' id='word_1_293' title='bbox 490 2074 632 2101; x_wconf 83' lang='lat' dir='ltr'>lmpossibile</span> <span class='ocrx_word' id='word_1_294' title='bbox 649 2077 694 2100; x_wconf 83' lang='lat' dir='ltr'>est,</span> <span class='ocrx_word' id='word_1_295' title='bbox 713 2074 776 2102; x_wconf 84' lang='lat' dir='ltr'>quod</span> <span class='ocrx_word' id='word_1_296' title='bbox 802 2074 855 2102; x_wconf 78' lang='lat' dir='ltr'>quis</span> <span class='ocrx_word' id='word_1_297' title='bbox 880 2080 959 2101; x_wconf 84' lang='lat' dir='ltr'>perve-</span> 
     </span>
     <span class='ocr_line' id='line_1_50' title="bbox 395 2112 960 2140; baseline 0.002 -6"><span class='ocrx_word' id='word_1_298' title='bbox 395 2112 441 2134; x_wconf 89' lang='lat' dir='ltr'>niat</span> <span class='ocrx_word' id='word_1_299' title='bbox 458 2113 487 2135; x_wconf 86' lang='lat' dir='ltr'>ad</span> <span class='ocrx_word' id='word_1_300' title='bbox 500 2113 730 2140; x_wconf 82' lang='lat' dir='ltr'>comprehensionem</span> <span class='ocrx_word' id='word_1_301' title='bbox 743 2113 801 2135; x_wconf 79' lang='lat' dir='ltr'>lucis</span> <span class='ocrx_word' id='word_1_302' title='bbox 812 2113 909 2135; x_wconf 84' lang='lat' dir='ltr'>alicuius</span> <span class='ocrx_word' id='word_1_303' title='bbox 920 2119 960 2134; x_wconf 74' lang='lat' dir='ltr'>ve-</span> 
     </span>
     <span class='ocr_line' id='line_1_51' title="bbox 395 2152 959 2180; baseline 0.002 -7"><span class='ocrx_word' id='word_1_304' title='bbox 395 2152 467 2174; x_wconf 82' lang='lat' dir='ltr'>ritatis</span> <span class='ocrx_word' id='word_1_305' title='bbox 484 2152 525 2174; x_wconf 86' lang='lat' dir='ltr'>nisi</span> <span class='ocrx_word' id='word_1_306' title='bbox 544 2158 585 2180; x_wconf 80' lang='lat' dir='ltr'>per</span> <span class='ocrx_word' id='word_1_307' title='bbox 602 2153 677 2174; x_wconf 84' lang='lat' dir='ltr'>lucem</span> <span class='ocrx_word' id='word_1_308' title='bbox 695 2152 834 2174; x_wconf 79' lang='lat' dir='ltr'>infallibilem</span> <span class='ocrx_word' id='word_1_309' title='bbox 847 2152 892 2174; x_wconf 89' lang='grc'>564</span> <span class='ocrx_word' id='word_1_310' title='bbox 904 2158 916 2174; x_wconf 89' lang='lat' dir='ltr'>a</span> <span class='ocrx_word' id='word_1_311' title='bbox 931 2164 959 2167; x_wconf 84' lang='lat'>—</span> 
     </span>
     <span class='ocr_line' id='line_1_52' title="bbox 394 2191 959 2219; baseline 0 -6"><span class='ocrx_word' id='word_1_312' title='bbox 394 2191 477 2213; x_wconf 83' lang='lat' dir='ltr'>Anima</span> <span class='ocrx_word' id='word_1_313' title='bbox 495 2191 614 2219; x_wconf 77' lang='lat' dir='ltr'>cognoscit</span> <span class='ocrx_word' id='word_1_314' title='bbox 630 2197 654 2213; x_wconf 84' lang='lat' dir='ltr'>se</span> <span class='ocrx_word' id='word_1_315' title='bbox 671 2194 693 2213; x_wconf 89' lang='lat' dir='ltr'>et</span> <span class='ocrx_word' id='word_1_316' title='bbox 709 2191 752 2213; x_wconf 82' lang='lat' dir='ltr'>alia</span> <span class='ocrx_word' id='word_1_317' title='bbox 774 2198 786 2213; x_wconf 90' lang='lat' dir='ltr'>a</span> <span class='ocrx_word' id='word_1_318' title='bbox 803 2197 828 2213; x_wconf 90' lang='lat' dir='ltr'>se</span> <span class='ocrx_word' id='word_1_319' title='bbox 845 2191 866 2213; x_wconf 94' lang='lat' dir='ltr'>in</span> <span class='ocrx_word' id='word_1_320' title='bbox 885 2191 959 2219; x_wconf 87' lang='lat' dir='ltr'>prima</span> 
     </span>
     <span class='ocr_line' id='line_1_53' title="bbox 395 2230 960 2259; baseline 0 -7"><span class='ocrx_word' id='word_1_321' title='bbox 395 2230 446 2252; x_wconf 87' lang='lat' dir='ltr'>luce</span> <span class='ocrx_word' id='word_1_322' title='bbox 462 2231 521 2252; x_wconf 86' lang='grc'>516111</span> <span class='ocrx_word' id='word_1_323' title='bbox 538 2231 558 2252; x_wconf 89' lang='grc'>10</span> <span class='ocrx_word' id='word_1_324' title='bbox 577 2231 672 2258; x_wconf 81' lang='lat' dir='ltr'>speculo</span> <span class='ocrx_word' id='word_1_325' title='bbox 689 2231 718 2252; x_wconf 90' lang='lat'>73</span> <span class='ocrx_word' id='word_1_326' title='bbox 737 2237 749 2252; x_wconf 89' lang='lat' dir='ltr'>a</span> <span class='ocrx_word' id='word_1_327' title='bbox 761 2243 792 2247; x_wconf 97' lang='lat'><strong>—</strong></span> <span class='ocrx_word' id='word_1_328' title='bbox 804 2231 847 2259; x_wconf 84' lang='lat' dir='ltr'>Qui</span> <span class='ocrx_word' id='word_1_329' title='bbox 864 2237 889 2252; x_wconf 90' lang='lat' dir='ltr'>se</span> <span class='ocrx_word' id='word_1_330' title='bbox 902 2230 960 2253; x_wconf 88' lang='lat' dir='ltr'>bene</span> 
     </span>
     <span class='ocr_line' id='line_1_54' title="bbox 395 2270 958 2298; baseline 0 -7"><span class='ocrx_word' id='word_1_331' title='bbox 395 2273 545 2297; x_wconf 74' lang='lat' dir='ltr'>cognosceret</span> <span class='ocrx_word' id='word_1_332' title='bbox 562 2270 631 2292; x_wconf 90' lang='lat' dir='ltr'>multa</span> <span class='ocrx_word' id='word_1_333' title='bbox 650 2270 691 2292; x_wconf 89' lang='lat' dir='ltr'>alia</span> <span class='ocrx_word' id='word_1_334' title='bbox 714 2274 865 2298; x_wconf 81' lang='lat' dir='ltr'>cognosceret</span> <span class='ocrx_word' id='word_1_335' title='bbox 885 2270 930 2293; x_wconf 85' lang='grc'>525</span> <span class='ocrx_word' id='word_1_336' title='bbox 947 2276 958 2291; x_wconf 89' lang='grc'>11</span> 
     </span>
     <span class='ocr_line' id='line_1_55' title="bbox 396 2309 961 2332; baseline 0 -1"><span class='ocrx_word' id='word_1_337' title='bbox 396 2321 427 2325; x_wconf 95' lang='grc'><strong>-</strong></span> <span class='ocrx_word' id='word_1_338' title='bbox 444 2309 518 2331; x_wconf 89' lang='lat' dir='ltr'>Homo</span> <span class='ocrx_word' id='word_1_339' title='bbox 535 2309 629 2331; x_wconf 85' lang='lat' dir='ltr'>devenit</span> <span class='ocrx_word' id='word_1_340' title='bbox 645 2310 666 2331; x_wconf 92' lang='lat' dir='ltr'>in</span> <span class='ocrx_word' id='word_1_341' title='bbox 685 2309 787 2331; x_wconf 85' lang='lat' dir='ltr'>notitiam</span> <span class='ocrx_word' id='word_1_342' title='bbox 814 2310 905 2332; x_wconf 87' lang='lat' dir='ltr'>alterins</span> <span class='ocrx_word' id='word_1_343' title='bbox 923 2310 961 2331; x_wconf 88' lang='lat' dir='ltr'>ho-</span> 
     </span>
     <span class='ocr_line' id='line_1_56' title="bbox 396 2348 881 2376; baseline 0 -6"><span class='ocrx_word' id='word_1_344' title='bbox 396 2348 463 2370; x_wconf 85' lang='lat' dir='ltr'>minis</span> <span class='ocrx_word' id='word_1_345' title='bbox 481 2355 521 2376; x_wconf 89' lang='lat' dir='ltr'>per</span> <span class='ocrx_word' id='word_1_346' title='bbox 540 2351 584 2370; x_wconf 91' lang='lat' dir='ltr'>tres</span> <span class='ocrx_word' id='word_1_347' title='bbox 600 2348 786 2371; x_wconf 82' lang='lat' dir='ltr'>circumstantias</span> <span class='ocrx_word' id='word_1_348' title='bbox 804 2349 847 2370; x_wconf 70' lang='lat'><strong>474</strong></span> <span class='ocrx_word' id='word_1_349' title='bbox 867 2348 881 2370; x_wconf 91' lang='lat' dir='ltr'>b</span> 
     </span>
    </p>

    <p class='ocr_par' dir='ltr' id='par_1_9' title="bbox 396 2387 961 2572">
     <span class='ocr_line' id='line_1_57' title="bbox 443 2387 961 2416; baseline 0.002 -7"><span class='ocrx_word' id='word_1_350' title='bbox 443 2400 472 2403; x_wconf 97' lang='lat'><strong>—</strong></span> <span class='ocrx_word' id='word_1_351' title='bbox 491 2388 521 2409; x_wconf 88' lang='lat' dir='ltr'>Ex</span> <span class='ocrx_word' id='word_1_352' title='bbox 539 2391 603 2415; x_wconf 86' lang='lat' dir='ltr'>parte</span> <span class='ocrx_word' id='word_1_353' title='bbox 622 2388 660 2409; x_wconf 89' lang='lat' dir='ltr'>Dei</span> <span class='ocrx_word' id='word_1_354' title='bbox 683 2387 798 2410; x_wconf 86' lang='lat' dir='ltr'>debemus</span> <span class='ocrx_word' id='word_1_355' title='bbox 820 2394 961 2416; x_wconf 78' lang='lat' dir='ltr'>cognoscere</span> 
     </span>
     <span class='ocr_line' id='line_1_58' title="bbox 396 2426 961 2455; baseline 0.002 -7"><span class='ocrx_word' id='word_1_356' title='bbox 396 2430 495 2455; x_wconf 84' lang='lat' dir='ltr'>quatuor</span> <span class='ocrx_word' id='word_1_357' title='bbox 513 2426 558 2449; x_wconf 81' lang='grc'>525</span> <span class='ocrx_word' id='word_1_358' title='bbox 575 2433 588 2448; x_wconf 84' lang='lat' dir='ltr'>a</span> <span class='ocrx_word' id='word_1_359' title='bbox 600 2439 630 2443; x_wconf 95' lang='lat'>—-</span> <span class='ocrx_word' id='word_1_360' title='bbox 642 2427 690 2449; x_wconf 85' lang='lat' dir='ltr'>Non</span> <span class='ocrx_word' id='word_1_361' title='bbox 703 2430 737 2449; x_wconf 79' lang='lat' dir='ltr'>est</span> <span class='ocrx_word' id='word_1_362' title='bbox 752 2427 895 2455; x_wconf 87' lang='lat' dir='ltr'>reputandus</span> <span class='ocrx_word' id='word_1_363' title='bbox 907 2428 961 2449; x_wconf 89' lang='lat' dir='ltr'>otio-</span> 
     </span>
     <span class='ocr_line' id='line_1_59' title="bbox 396 2466 959 2494; baseline 0.002 -7"><span class='ocrx_word' id='word_1_364' title='bbox 396 2472 436 2488; x_wconf 89' lang='lat' dir='ltr'>sus</span> <span class='ocrx_word' id='word_1_365' title='bbox 459 2466 498 2494; x_wconf 88' lang='grc'>1101</span> <span class='ocrx_word' id='word_1_366' title='bbox 516 2466 598 2488; x_wconf 87' lang='lat' dir='ltr'>insistit</span> <span class='ocrx_word' id='word_1_367' title='bbox 615 2466 790 2493; x_wconf 78' lang='lat' dir='ltr'>cognoscendae</span> <span class='ocrx_word' id='word_1_368' title='bbox 807 2467 897 2488; x_wconf 87' lang='lat' dir='ltr'>veritati</span> <span class='ocrx_word' id='word_1_369' title='bbox 915 2467 959 2488; x_wconf 77' lang='grc'>206</span> 
     </span>
     <span class='ocr_line' id='line_1_60' title="bbox 397 2504 961 2535; baseline 0.002 -8"><span class='ocrx_word' id='word_1_370' title='bbox 397 2504 412 2527; x_wconf 89' lang='lat' dir='ltr'>h</span> <span class='ocrx_word' id='word_1_371' title='bbox 430 2518 459 2520; x_wconf 97' lang='lat'><strong>—</strong></span> <span class='ocrx_word' id='word_1_372' title='bbox 478 2505 579 2527; x_wconf 82' lang='lat' dir='ltr'>veritatis</span> <span class='ocrx_word' id='word_1_373' title='bbox 596 2505 668 2533; x_wconf 88' lang='lat' dir='ltr'>pluris</span> <span class='ocrx_word' id='word_1_374' title='bbox 685 2506 759 2527; x_wconf 91' lang='lat' dir='ltr'>meriti</span> <span class='ocrx_word' id='word_1_375' title='bbox 771 2508 805 2528; x_wconf 84' lang='grc'>651</span> <span class='ocrx_word' id='word_1_376' title='bbox 817 2512 887 2535; x_wconf 87' lang='lat' dir='ltr'>quam</span> <span class='ocrx_word' id='word_1_377' title='bbox 900 2512 961 2528; x_wconf 81' lang='lat' dir='ltr'>exer-</span> 
     </span>
     <span class='ocr_line' id='line_1_61' title="bbox 397 2544 816 2572; baseline 0.002 -6"><span class='ocrx_word' id='word_1_378' title='bbox 397 2544 474 2566; x_wconf 81' lang='lat' dir='ltr'>citatio</span> <span class='ocrx_word' id='word_1_379' title='bbox 492 2545 617 2572; x_wconf 83' lang='lat' dir='ltr'>corporalis</span> <span class='ocrx_word' id='word_1_380' title='bbox 636 2545 680 2567; x_wconf 62' lang='grc'>1197</span> <span class='ocrx_word' id='word_1_381' title='bbox 698 2544 722 2566; x_wconf 95' lang='lat' dir='ltr'>b.</span> <span class='ocrx_word' id='word_1_382' title='bbox 739 2546 782 2567; x_wconf 88' lang='grc'>206</span> <span class='ocrx_word' id='word_1_383' title='bbox 802 2545 816 2567; x_wconf 97' lang='grc'>1)</span> 
     </span>
    </p>

    <p class='ocr_par' dir='ltr' id='par_1_10' title="bbox 397 2584 961 2684">
     <span class='ocr_line' id='line_1_62' title="bbox 446 2584 961 2612; baseline 0.002 -7"><span class='ocrx_word' id='word_1_384' title='bbox 446 2596 473 2599; x_wconf 95' lang='grc'>-</span> <span class='ocrx_word' id='word_1_385' title='bbox 491 2584 514 2605; x_wconf 91' lang='grc'>111</span> <span class='ocrx_word' id='word_1_386' title='bbox 533 2584 568 2605; x_wconf 87' lang='grc'>1111</span> <span class='ocrx_word' id='word_1_387' title='bbox 587 2584 651 2606; x_wconf 85' lang='lat' dir='ltr'>radix</span> <span class='ocrx_word' id='word_1_388' title='bbox 669 2584 744 2606; x_wconf 83' lang='lat' dir='ltr'>omnis</span> <span class='ocrx_word' id='word_1_389' title='bbox 769 2584 907 2612; x_wconf 78' lang='lat' dir='ltr'>cognitionis</span> <span class='ocrx_word' id='word_1_390' title='bbox 928 2588 961 2606; x_wconf 86' lang='lat' dir='ltr'>est</span> 
     </span>
     <span class='ocr_line' id='line_1_63' title="bbox 397 2622 961 2651; baseline 0.002 -7"><span class='ocrx_word' id='word_1_391' title='bbox 397 2622 501 2645; x_wconf 78' lang='lat' dir='ltr'>Verbum</span> <span class='ocrx_word' id='word_1_392' title='bbox 519 2623 672 2651; x_wconf 82' lang='lat' dir='ltr'>incarnatum,</span> <span class='ocrx_word' id='word_1_393' title='bbox 690 2624 712 2645; x_wconf 92' lang='lat' dir='ltr'>in</span> <span class='ocrx_word' id='word_1_394' title='bbox 730 2624 801 2651; x_wconf 88' lang='lat' dir='ltr'>patria</span> <span class='ocrx_word' id='word_1_395' title='bbox 817 2623 918 2646; x_wconf 85' lang='lat' dir='ltr'>Verbum</span> <span class='ocrx_word' id='word_1_396' title='bbox 932 2624 961 2646; x_wconf 89' lang='lat' dir='ltr'>in-</span> 
     </span>
     <span class='ocr_line' id='line_1_64' title="bbox 397 2662 575 2684; baseline 0 -1"><span class='ocrx_word' id='word_1_397' title='bbox 397 2664 499 2684; x_wconf 87' lang='lat' dir='ltr'>creatum</span> <span class='ocrx_word' id='word_1_398' title='bbox 518 2662 546 2683; x_wconf 83' lang='grc'>52</span> <span class='ocrx_word' id='word_1_399' title='bbox 564 2668 575 2684; x_wconf 85' lang='lat' dir='ltr'>a</span> 
     </span>
    </p>

    <p class='ocr_par' dir='ltr' id='par_1_11' title="bbox 398 2701 962 2769">
     <span class='ocr_line' id='line_1_65' title="bbox 445 2701 962 2730; baseline 0.002 -8"><span class='ocrx_word' id='word_1_400' title='bbox 445 2714 474 2716; x_wconf 97' lang='lat'><strong>—</strong></span> <span class='ocrx_word' id='word_1_401' title='bbox 493 2702 588 2728; x_wconf 85' lang='lat' dir='ltr'>mystica</span> <span class='ocrx_word' id='word_1_402' title='bbox 606 2701 663 2730; x_wconf 89' lang='grc'>(111111</span> <span class='ocrx_word' id='word_1_403' title='bbox 680 2702 709 2723; x_wconf 82' lang='lat' dir='ltr'>sit</span> <span class='ocrx_word' id='word_1_404' title='bbox 725 2704 747 2723; x_wconf 91' lang='lat' dir='ltr'>et</span> <span class='ocrx_word' id='word_1_405' title='bbox 764 2701 850 2730; x_wconf 83' lang='lat' dir='ltr'>quibus</span> <span class='ocrx_word' id='word_1_406' title='bbox 870 2702 962 2724; x_wconf 89' lang='lat' dir='ltr'>manife-</span> 
     </span>
     <span class='ocr_line' id='line_1_66' title="bbox 398 2740 945 2769; baseline 0 -7"><span class='ocrx_word' id='word_1_407' title='bbox 398 2743 469 2762; x_wconf 78' lang='lat' dir='ltr'>stetur</span> <span class='ocrx_word' id='word_1_408' title='bbox 487 2740 531 2762; x_wconf 81' lang='grc'>564</span> <span class='ocrx_word' id='word_1_409' title='bbox 551 2740 564 2762; x_wconf 85' lang='grc'>1)</span> <span class='ocrx_word' id='word_1_410' title='bbox 580 2752 611 2756; x_wconf 87' lang='grc'><strong>-</strong></span> <span class='ocrx_word' id='word_1_411' title='bbox 629 2740 756 2768; x_wconf 81' lang='lat' dir='ltr'>symbolica</span> <span class='ocrx_word' id='word_1_412' title='bbox 773 2741 828 2769; x_wconf 88' lang='grc'>(111111</span> <span class='ocrx_word' id='word_1_413' title='bbox 847 2741 875 2762; x_wconf 85' lang='grc'>511</span> <span class='ocrx_word' id='word_1_414' title='bbox 892 2740 945 2763; x_wconf 70' lang='lat' dir='ltr'>z&#39;bt&#39;d.</span> 
     </span>
    </p>

    <p class='ocr_par' dir='ltr' id='par_1_12' title="bbox 398 2778 963 2840">
     <span class='ocr_line' id='line_1_67' title="bbox 445 2778 963 2807; baseline 0 -6"><span class='ocrx_word' id='word_1_415' title='bbox 445 2778 527 2801; x_wconf 72' lang='lat' dir='ltr'>Cettsss</span> <span class='ocrx_word' id='word_1_416' title='bbox 543 2791 574 2795; x_wconf 90' lang='lat'>-—</span> <span class='ocrx_word' id='word_1_417' title='bbox 589 2780 676 2802; x_wconf 86' lang='lat' dir='ltr'>aeterni</span> <span class='ocrx_word' id='word_1_418' title='bbox 687 2780 818 2807; x_wconf 76' lang='lat' dir='ltr'>significant</span> <span class='ocrx_word' id='word_1_419' title='bbox 830 2780 929 2807; x_wconf 76' lang='lat' dir='ltr'>Angelos</span> <span class='ocrx_word' id='word_1_420' title='bbox 941 2782 963 2802; x_wconf 89' lang='lat' dir='ltr'>et</span> 
     </span>
     <span class='ocr_line' id='line_1_68' title="bbox 398 2818 662 2840; baseline 0.004 -1"><span class='ocrx_word' id='word_1_421' title='bbox 398 2822 489 2839; x_wconf 86' lang='lat' dir='ltr'>sanctos</span> <span class='ocrx_word' id='word_1_422' title='bbox 508 2819 583 2840; x_wconf 73' lang='lat' dir='ltr'>Patres</span> <span class='ocrx_word' id='word_1_423' title='bbox 601 2819 629 2840; x_wconf 82' lang='grc'>28</span> <span class='ocrx_word' id='word_1_424' title='bbox 648 2818 662 2840; x_wconf 93' lang='lat' dir='ltr'>b</span> 
     </span>
    </p>

    <p class='ocr_par' dir='ltr' id='par_1_13' title="bbox 399 2856 963 2924">
     <span class='ocr_line' id='line_1_69' title="bbox 446 2856 963 2886; baseline 0.002 -7"><span class='ocrx_word' id='word_1_425' title='bbox 446 2856 567 2879; x_wconf 74' lang='grc'>(1011160116</span> <span class='ocrx_word' id='word_1_426' title='bbox 585 2870 612 2873; x_wconf 93' lang='lat'>-—</span> <span class='ocrx_word' id='word_1_427' title='bbox 632 2859 653 2880; x_wconf 88' lang='lat' dir='ltr'>ln</span> <span class='ocrx_word' id='word_1_428' title='bbox 672 2858 770 2886; x_wconf 74' lang='lat' dir='ltr'>legendo</span> <span class='ocrx_word' id='word_1_429' title='bbox 788 2858 853 2880; x_wconf 83' lang='lat' dir='ltr'>noxia</span> <span class='ocrx_word' id='word_1_430' title='bbox 865 2860 963 2880; x_wconf 82' lang='grc'>51111116-</span> 
     </span>
     <span class='ocr_line' id='line_1_70' title="bbox 399 2895 830 2924; baseline 0.007 -8"><span class='ocrx_word' id='word_1_431' title='bbox 399 2895 535 2924; x_wconf 83' lang='lat' dir='ltr'>linquenda,</span> <span class='ocrx_word' id='word_1_432' title='bbox 554 2897 615 2919; x_wconf 91' lang='lat' dir='ltr'>utilia</span> <span class='ocrx_word' id='word_1_433' title='bbox 634 2897 738 2924; x_wconf 82' lang='lat' dir='ltr'>eligenda</span> <span class='ocrx_word' id='word_1_434' title='bbox 757 2897 802 2919; x_wconf 74' lang='lat'>285</span> <span class='ocrx_word' id='word_1_435' title='bbox 819 2903 830 2919; x_wconf 90' lang='lat' dir='ltr'>a</span> 
     </span>
    </p>

    <p class='ocr_par' dir='ltr' id='par_1_14' title="bbox 400 2933 963 2995">
     <span class='ocr_line' id='line_1_71' title="bbox 446 2933 963 2963; baseline 0.004 -7"><span class='ocrx_word' id='word_1_436' title='bbox 446 2933 572 2957; x_wconf 71' lang='lat' dir='ltr'>Com-niun</span> <span class='ocrx_word' id='word_1_437' title='bbox 589 2947 619 2951; x_wconf 88' lang='lat'>—</span> <span class='ocrx_word' id='word_1_438' title='bbox 636 2939 670 2957; x_wconf 87' lang='lat' dir='ltr'>est</span> <span class='ocrx_word' id='word_1_439' title='bbox 687 2936 834 2963; x_wconf 82' lang='lat' dir='ltr'>compunctio</span> <span class='ocrx_word' id='word_1_440' title='bbox 847 2936 963 2963; x_wconf 88' lang='lat' dir='ltr'>poeniten-</span> 
     </span>
     <span class='ocr_line' id='line_1_72' title="bbox 400 2973 523 2995; baseline 0.008 -1"><span class='ocrx_word' id='word_1_441' title='bbox 400 2973 444 2994; x_wconf 90' lang='lat' dir='ltr'>tiae</span> <span class='ocrx_word' id='word_1_442' title='bbox 461 2973 490 2994; x_wconf 73' lang='lat' dir='ltr'>6ss</span> <span class='ocrx_word' id='word_1_443' title='bbox 509 2973 523 2995; x_wconf 89' lang='grc'>1)</span> 
     </span>
    </p>
   </div>
   <div class='ocr_carea' id='block_1_2' title="bbox 968 267 982 2993">
    <p class='ocr_par' dir='ltr' id='par_1_15' title="bbox 968 267 982 2993">
     <span class='ocr_line' id='line_1_73' title="bbox 968 267 982 2993; baseline 0 0"><span class='ocrx_word' id='word_1_444' title='bbox 968 267 982 2993; x_wconf 95' lang='lat' dir='ltr'> </span> 
     </span>
    </p>
   </div>
   <div class='ocr_carea' id='block_1_3' title="bbox 986 265 1555 1074">
    <p class='ocr_par' dir='ltr' id='par_1_16' title="bbox 986 265 1553 491">
     <span class='ocr_line' id='line_1_74' title="bbox 1034 265 1552 295; baseline -0.008 -5"><span class='ocrx_word' id='word_1_445' title='bbox 1034 268 1133 290; x_wconf 64' lang='lat' dir='ltr'>Gotones</span> <span class='ocrx_word' id='word_1_446' title='bbox 1148 280 1179 283; x_wconf 87' lang='lat'><strong>—</strong></span> <span class='ocrx_word' id='word_1_447' title='bbox 1192 267 1290 295; x_wconf 84' lang='lat' dir='ltr'>perdunt</span> <span class='ocrx_word' id='word_1_448' title='bbox 1302 273 1353 289; x_wconf 79' lang='lat' dir='ltr'>esse</span> <span class='ocrx_word' id='word_1_449' title='bbox 1366 266 1459 288; x_wconf 85' lang='lat' dir='ltr'>formale</span> <span class='ocrx_word' id='word_1_450' title='bbox 1471 268 1493 287; x_wconf 89' lang='lat' dir='ltr'>et</span> <span class='ocrx_word' id='word_1_451' title='bbox 1505 265 1552 293; x_wconf 90' lang='lat' dir='ltr'>pul-</span> 
     </span>
     <span class='ocr_line' id='line_1_75' title="bbox 986 306 1552 334; baseline -0.007 -5"><span class='ocrx_word' id='word_1_452' title='bbox 986 313 1064 334; x_wconf 80' lang='lat' dir='ltr'>crum,</span> <span class='ocrx_word' id='word_1_453' title='bbox 1082 308 1214 329; x_wconf 80' lang='lat' dir='ltr'>discedente</span> <span class='ocrx_word' id='word_1_454' title='bbox 1231 307 1289 334; x_wconf 71' lang='lat' dir='ltr'>luce,</span> <span class='ocrx_word' id='word_1_455' title='bbox 1306 309 1328 328; x_wconf 89' lang='lat' dir='ltr'>et</span> <span class='ocrx_word' id='word_1_456' title='bbox 1339 306 1393 328; x_wconf 88' lang='lat' dir='ltr'>illud</span> <span class='ocrx_word' id='word_1_457' title='bbox 1407 307 1552 332; x_wconf 76' lang='lat' dir='ltr'>recuperant,</span> 
     </span>
     <span class='ocr_line' id='line_1_76' title="bbox 986 344 1553 369; baseline -0.007 0"><span class='ocrx_word' id='word_1_458' title='bbox 986 352 1012 368; x_wconf 85' lang='lat' dir='ltr'>ea</span> <span class='ocrx_word' id='word_1_459' title='bbox 1029 347 1168 369; x_wconf 77' lang='lat' dir='ltr'>adveniente</span> <span class='ocrx_word' id='word_1_460' title='bbox 1180 346 1224 368; x_wconf 88' lang='grc'>419</span> <span class='ocrx_word' id='word_1_461' title='bbox 1238 345 1252 367; x_wconf 87' lang='grc'>11</span> <span class='ocrx_word' id='word_1_462' title='bbox 1265 358 1295 361; x_wconf 94' lang='grc'><strong>-</strong></span> <span class='ocrx_word' id='word_1_463' title='bbox 1307 351 1374 367; x_wconf 89' lang='lat' dir='ltr'>arcus</span> <span class='ocrx_word' id='word_1_464' title='bbox 1386 344 1488 366; x_wconf 80' lang='lat' dir='ltr'>caelestis</span> <span class='ocrx_word' id='word_1_465' title='bbox 1500 346 1553 365; x_wconf 92' lang='lat' dir='ltr'>sunt</span> 
     </span>
     <span class='ocr_line' id='line_1_77' title="bbox 986 383 1552 414; baseline -0.007 -6"><span class='ocrx_word' id='word_1_466' title='bbox 986 389 1093 414; x_wconf 48' lang='grc' dir='ltr'>(1111111101ἰ</span> <span class='ocrx_word' id='word_1_467' title='bbox 1107 386 1111 407; x_wconf 97' lang='grc'>1</span> <span class='ocrx_word' id='word_1_468' title='bbox 1124 386 1147 407; x_wconf 86' lang='grc'>13</span> <span class='ocrx_word' id='word_1_469' title='bbox 1162 385 1175 407; x_wconf 89' lang='lat' dir='ltr'>b</span> <span class='ocrx_word' id='word_1_470' title='bbox 1188 397 1218 401; x_wconf 90' lang='lat'>—</span> <span class='ocrx_word' id='word_1_471' title='bbox 1230 385 1308 407; x_wconf 89' lang='lat' dir='ltr'>Nullus</span> <span class='ocrx_word' id='word_1_472' title='bbox 1321 385 1393 412; x_wconf 87' lang='lat' dir='ltr'>pictor</span> <span class='ocrx_word' id='word_1_473' title='bbox 1405 386 1481 411; x_wconf 86' lang='lat' dir='ltr'>potest</span> <span class='ocrx_word' id='word_1_474' title='bbox 1496 383 1552 404; x_wconf 83' lang='lat' dir='ltr'>alios</span> 
     </span>
     <span class='ocr_line' id='line_1_78' title="bbox 987 423 1553 452; baseline -0.005 -6"><span class='ocrx_word' id='word_1_475' title='bbox 987 425 1074 447; x_wconf 76' lang='lat' dir='ltr'>colorcs</span> <span class='ocrx_word' id='word_1_476' title='bbox 1087 423 1229 452; x_wconf 77' lang='lat' dir='ltr'>distinguere</span> <span class='ocrx_word' id='word_1_477' title='bbox 1242 423 1296 446; x_wconf 78' lang='lat' dir='ltr'>ibid.</span> <span class='ocrx_word' id='word_1_478' title='bbox 1308 436 1339 439; x_wconf 97' lang='lat'><strong>—</strong></span> <span class='ocrx_word' id='word_1_479' title='bbox 1350 423 1507 445; x_wconf 88' lang='lat' dir='ltr'>nobilissimus</span> <span class='ocrx_word' id='word_1_480' title='bbox 1519 424 1553 444; x_wconf 87' lang='lat' dir='ltr'>est</span> 
     </span>
     <span class='ocr_line' id='line_1_79' title="bbox 986 463 1276 491; baseline -0.003 -6"><span class='ocrx_word' id='word_1_481' title='bbox 986 464 1081 491; x_wconf 72' lang='lat' dir='ltr'>sanguis</span> <span class='ocrx_word' id='word_1_482' title='bbox 1097 463 1179 486; x_wconf 86' lang='lat' dir='ltr'>Christi</span> <span class='ocrx_word' id='word_1_483' title='bbox 1199 463 1242 485; x_wconf 85' lang='lat'>448</span> <span class='ocrx_word' id='word_1_484' title='bbox 1261 463 1276 484; x_wconf 91' lang='lat' dir='ltr'>b</span> 
     </span>
    </p>

    <p class='ocr_par' dir='ltr' id='par_1_17' title="bbox 987 499 1553 648">
     <span class='ocr_line' id='line_1_80' title="bbox 1034 499 1552 529; baseline -0.004 -5"><span class='ocrx_word' id='word_1_485' title='bbox 1034 503 1134 525; x_wconf 63' lang='lat' dir='ltr'>Conuncn</span> <span class='ocrx_word' id='word_1_486' title='bbox 1144 516 1173 518; x_wconf 97' lang='lat'><strong>—</strong></span> <span class='ocrx_word' id='word_1_487' title='bbox 1184 505 1218 524; x_wconf 88' lang='lat' dir='ltr'>est</span> <span class='ocrx_word' id='word_1_488' title='bbox 1230 508 1325 529; x_wconf 86' lang='lat' dir='ltr'>serpens</span> <span class='ocrx_word' id='word_1_489' title='bbox 1337 507 1468 523; x_wconf 71' lang='lat' dir='ltr'>venenosus</span> <span class='ocrx_word' id='word_1_490' title='bbox 1480 500 1524 522; x_wconf 79' lang='grc'>539</span> <span class='ocrx_word' id='word_1_491' title='bbox 1537 499 1552 522; x_wconf 90' lang='lat' dir='ltr'>b</span> 
     </span>
     <span class='ocr_line' id='line_1_81' title="bbox 987 539 1552 569; baseline -0.005 -6"><span class='ocrx_word' id='word_1_492' title='bbox 987 554 1017 558; x_wconf 86' lang='lat'>—-</span> <span class='ocrx_word' id='word_1_493' title='bbox 1034 545 1107 563; x_wconf 82' lang='lat' dir='ltr'>mutat</span> <span class='ocrx_word' id='word_1_494' title='bbox 1124 541 1206 569; x_wconf 86' lang='lat' dir='ltr'>pellem</span> <span class='ocrx_word' id='word_1_495' title='bbox 1232 547 1302 568; x_wconf 84' lang='lat' dir='ltr'>super</span> <span class='ocrx_word' id='word_1_496' title='bbox 1320 542 1408 568; x_wconf 88' lang='lat' dir='ltr'>petram</span> <span class='ocrx_word' id='word_1_497' title='bbox 1428 539 1472 562; x_wconf 86' lang='lat' dir='ltr'>3l4</span> <span class='ocrx_word' id='word_1_498' title='bbox 1491 539 1505 561; x_wconf 87' lang='lat' dir='ltr'>b</span> <span class='ocrx_word' id='word_1_499' title='bbox 1522 551 1552 555; x_wconf 95' lang='lat'><strong>—</strong></span> 
     </span>
     <span class='ocr_line' id='line_1_82' title="bbox 988 578 1553 608; baseline -0.004 -6"><span class='ocrx_word' id='word_1_500' title='bbox 988 581 1028 602; x_wconf 85' lang='lat' dir='ltr'>Via</span> <span class='ocrx_word' id='word_1_501' title='bbox 1047 581 1135 602; x_wconf 87' lang='lat' dir='ltr'>colubri</span> <span class='ocrx_word' id='word_1_502' title='bbox 1153 586 1223 608; x_wconf 83' lang='lat' dir='ltr'>super</span> <span class='ocrx_word' id='word_1_503' title='bbox 1241 583 1329 607; x_wconf 84' lang='lat' dir='ltr'>petram</span> <span class='ocrx_word' id='word_1_504' title='bbox 1347 582 1381 601; x_wconf 86' lang='lat' dir='ltr'>est</span> <span class='ocrx_word' id='word_1_505' title='bbox 1398 579 1456 601; x_wconf 84' lang='lat' dir='ltr'>sicut</span> <span class='ocrx_word' id='word_1_506' title='bbox 1468 578 1505 600; x_wconf 84' lang='lat' dir='ltr'>via</span> <span class='ocrx_word' id='word_1_507' title='bbox 1518 585 1553 600; x_wconf 87' lang='lat' dir='ltr'>re—</span> 
     </span>
     <span class='ocr_line' id='line_1_83' title="bbox 987 619 1120 648; baseline 0 -6"><span class='ocrx_word' id='word_1_508' title='bbox 987 620 1048 648; x_wconf 87' lang='lat' dir='ltr'>ptilis</span> <span class='ocrx_word' id='word_1_509' title='bbox 1066 619 1120 642; x_wconf 81' lang='lat' dir='ltr'>ibid.</span> 
     </span>
    </p>

    <p class='ocr_par' dir='ltr' id='par_1_18' title="bbox 988 657 1555 961">
     <span class='ocr_line' id='line_1_84' title="bbox 1034 657 1551 681; baseline -0.006 0"><span class='ocrx_word' id='word_1_510' title='bbox 1034 658 1137 681; x_wconf 65' lang='lat' dir='ltr'>Comum</span> <span class='ocrx_word' id='word_1_511' title='bbox 1155 670 1185 674; x_wconf 93' lang='lat'><strong>—</strong></span> <span class='ocrx_word' id='word_1_512' title='bbox 1203 660 1237 680; x_wconf 87' lang='lat' dir='ltr'>est</span> <span class='ocrx_word' id='word_1_513' title='bbox 1253 658 1337 679; x_wconf 90' lang='lat' dir='ltr'>animal</span> <span class='ocrx_word' id='word_1_514' title='bbox 1361 657 1551 679; x_wconf 84' lang='lat' dir='ltr'>fecundissimum</span> 
     </span>
     <span class='ocr_line' id='line_1_85' title="bbox 988 696 1553 725; baseline -0.004 -6"><span class='ocrx_word' id='word_1_515' title='bbox 988 698 1032 719; x_wconf 73' lang='lat' dir='ltr'>65ss</span> <span class='ocrx_word' id='word_1_516' title='bbox 1051 697 1065 719; x_wconf 89' lang='lat' dir='ltr'>b</span> <span class='ocrx_word' id='word_1_517' title='bbox 1082 710 1113 714; x_wconf 90' lang='lat'>—</span> <span class='ocrx_word' id='word_1_518' title='bbox 1130 700 1163 719; x_wconf 85' lang='lat' dir='ltr'>est</span> <span class='ocrx_word' id='word_1_519' title='bbox 1181 697 1230 719; x_wconf 75' lang='grc'>11115</span> <span class='ocrx_word' id='word_1_520' title='bbox 1255 697 1357 725; x_wconf 81' lang='lat' dir='ltr'>piissima</span> <span class='ocrx_word' id='word_1_521' title='bbox 1376 696 1420 718; x_wconf 80' lang='lat'>640</span> <span class='ocrx_word' id='word_1_522' title='bbox 1439 703 1449 717; x_wconf 91' lang='lat' dir='ltr'>a</span> <span class='ocrx_word' id='word_1_523' title='bbox 1468 709 1499 712; x_wconf 97' lang='lat'><strong>—</strong></span> <span class='ocrx_word' id='word_1_524' title='bbox 1516 702 1553 723; x_wconf 73' lang='lat' dir='ltr'>ge-</span> 
     </span>
     <span class='ocr_line' id='line_1_86' title="bbox 988 735 1552 764; baseline -0.005 -5"><span class='ocrx_word' id='word_1_525' title='bbox 988 738 1069 759; x_wconf 87' lang='lat' dir='ltr'>mitum</span> <span class='ocrx_word' id='word_1_526' title='bbox 1083 736 1152 759; x_wconf 85' lang='lat' dir='ltr'>habet</span> <span class='ocrx_word' id='word_1_527' title='bbox 1170 743 1211 764; x_wconf 94' lang='lat' dir='ltr'>pro</span> <span class='ocrx_word' id='word_1_528' title='bbox 1228 739 1296 758; x_wconf 90' lang='lat' dir='ltr'>cantu</span> <span class='ocrx_word' id='word_1_529' title='bbox 1316 736 1360 757; x_wconf 80' lang='grc'>268</span> <span class='ocrx_word' id='word_1_530' title='bbox 1378 742 1399 757; x_wconf 94' lang='lat' dir='ltr'>a.</span> <span class='ocrx_word' id='word_1_531' title='bbox 1417 735 1458 758; x_wconf 75' lang='lat'>531</span> <span class='ocrx_word' id='word_1_532' title='bbox 1475 742 1494 757; x_wconf 88' lang='lat' dir='ltr'>a.</span> <span class='ocrx_word' id='word_1_533' title='bbox 1508 735 1552 757; x_wconf 84' lang='grc'>640</span> 
     </span>
     <span class='ocr_line' id='line_1_87' title="bbox 988 774 1554 804; baseline -0.004 -6"><span class='ocrx_word' id='word_1_534' title='bbox 988 776 1002 798; x_wconf 93' lang='lat' dir='ltr'>b</span> <span class='ocrx_word' id='word_1_535' title='bbox 1020 789 1049 792; x_wconf 90' lang='lat'>—</span> <span class='ocrx_word' id='word_1_536' title='bbox 1067 776 1175 804; x_wconf 75' lang='lat' dir='ltr'>designat</span> <span class='ocrx_word' id='word_1_537' title='bbox 1193 775 1337 803; x_wconf 85' lang='lat' dir='ltr'>poenitentes</span> <span class='ocrx_word' id='word_1_538' title='bbox 1355 775 1395 797; x_wconf 85' lang='grc'>531</span> <span class='ocrx_word' id='word_1_539' title='bbox 1419 781 1431 796; x_wconf 85' lang='lat' dir='ltr'>a</span> <span class='ocrx_word' id='word_1_540' title='bbox 1449 787 1479 790; x_wconf 97' lang='lat'><strong>—</strong></span> <span class='ocrx_word' id='word_1_541' title='bbox 1496 774 1554 796; x_wconf 83' lang='lat' dir='ltr'>desi-</span> 
     </span>
     <span class='ocr_line' id='line_1_88' title="bbox 988 814 1555 843; baseline -0.004 -6"><span class='ocrx_word' id='word_1_542' title='bbox 988 820 1042 843; x_wconf 81' lang='lat' dir='ltr'>gnat</span> <span class='ocrx_word' id='word_1_543' title='bbox 1058 816 1120 837; x_wconf 87' lang='lat' dir='ltr'>illum</span> <span class='ocrx_word' id='word_1_544' title='bbox 1139 815 1178 843; x_wconf 88' lang='lat' dir='ltr'>qui</span> <span class='ocrx_word' id='word_1_545' title='bbox 1196 821 1220 837; x_wconf 83' lang='lat' dir='ltr'>se</span> <span class='ocrx_word' id='word_1_546' title='bbox 1237 818 1327 837; x_wconf 80' lang='lat' dir='ltr'>exercet</span> <span class='ocrx_word' id='word_1_547' title='bbox 1344 815 1365 836; x_wconf 95' lang='lat' dir='ltr'>in</span> <span class='ocrx_word' id='word_1_548' title='bbox 1389 814 1475 842; x_wconf 79' lang='lat' dir='ltr'>gemitu</span> <span class='ocrx_word' id='word_1_549' title='bbox 1494 820 1555 835; x_wconf 86' lang='lat' dir='ltr'>com-</span> 
     </span>
     <span class='ocr_line' id='line_1_89' title="bbox 989 853 1553 882; baseline -0.004 -6"><span class='ocrx_word' id='word_1_550' title='bbox 989 855 1118 882; x_wconf 81' lang='lat' dir='ltr'>punctionis</span> <span class='ocrx_word' id='word_1_551' title='bbox 1135 856 1179 876; x_wconf 80' lang='grc'>268</span> <span class='ocrx_word' id='word_1_552' title='bbox 1199 861 1210 876; x_wconf 93' lang='lat' dir='ltr'>a</span> <span class='ocrx_word' id='word_1_553' title='bbox 1228 867 1258 870; x_wconf 85' lang='lat'>—</span> <span class='ocrx_word' id='word_1_554' title='bbox 1276 854 1383 881; x_wconf 74' lang='lat' dir='ltr'>designat</span> <span class='ocrx_word' id='word_1_555' title='bbox 1400 853 1553 875; x_wconf 82' lang='lat' dir='ltr'>innocentiam</span> 
     </span>
     <span class='ocr_line' id='line_1_90' title="bbox 989 892 1553 922; baseline -0.005 -6"><span class='ocrx_word' id='word_1_556' title='bbox 989 895 1048 916; x_wconf 83' lang='lat' dir='ltr'>vitae</span> <span class='ocrx_word' id='word_1_557' title='bbox 1065 897 1160 921; x_wconf 86' lang='lat' dir='ltr'>propter</span> <span class='ocrx_word' id='word_1_558' title='bbox 1178 898 1277 922; x_wconf 79' lang='lat' dir='ltr'>quatuor</span> <span class='ocrx_word' id='word_1_559' title='bbox 1294 893 1339 916; x_wconf 81' lang='grc'>570</span> <span class='ocrx_word' id='word_1_560' title='bbox 1358 899 1378 919; x_wconf 85' lang='lat' dir='ltr'>a,</span> <span class='ocrx_word' id='word_1_561' title='bbox 1397 892 1419 914; x_wconf 92' lang='lat' dir='ltr'>b.</span> <span class='ocrx_word' id='word_1_562' title='bbox 1437 892 1477 914; x_wconf 85' lang='grc'>571</span> <span class='ocrx_word' id='word_1_563' title='bbox 1500 898 1512 914; x_wconf 88' lang='lat' dir='ltr'>a</span> <span class='ocrx_word' id='word_1_564' title='bbox 1526 905 1553 907; x_wconf 97' lang='lat'><strong>—</strong></span> 
     </span>
     <span class='ocr_line' id='line_1_91' title="bbox 988 930 1554 961; baseline -0.004 -6"><span class='ocrx_word' id='word_1_565' title='bbox 988 934 1102 961; x_wconf 74' lang='lat' dir='ltr'>significat</span> <span class='ocrx_word' id='word_1_566' title='bbox 1120 933 1290 960; x_wconf 84' lang='lat' dir='ltr'>simplicitatem</span> <span class='ocrx_word' id='word_1_567' title='bbox 1317 932 1458 954; x_wconf 78' lang='lat' dir='ltr'>innocentiae</span> <span class='ocrx_word' id='word_1_568' title='bbox 1477 931 1521 953; x_wconf 86' lang='lat'><strong>647</strong></span> <span class='ocrx_word' id='word_1_569' title='bbox 1539 930 1554 953; x_wconf 90' lang='lat' dir='ltr'>b</span> 
     </span>
    </p>

    <p class='ocr_par' dir='ltr' id='par_1_19' title="bbox 989 971 1554 1074">
     <span class='ocr_line' id='line_1_92' title="bbox 1036 971 1554 1000; baseline -0.004 -5"><span class='ocrx_word' id='word_1_570' title='bbox 1036 973 1154 995; x_wconf 60' lang='lat' dir='ltr'>Cocunme</span> <span class='ocrx_word' id='word_1_571' title='bbox 1171 984 1202 988; x_wconf 92' lang='lat'><strong>—</strong></span> <span class='ocrx_word' id='word_1_572' title='bbox 1219 972 1341 1000; x_wconf 83' lang='lat' dir='ltr'>designant</span> <span class='ocrx_word' id='word_1_573' title='bbox 1358 972 1472 999; x_wconf 83' lang='lat' dir='ltr'>praelatos</span> <span class='ocrx_word' id='word_1_574' title='bbox 1484 971 1528 992; x_wconf 79' lang='grc'>518</span> <span class='ocrx_word' id='word_1_575' title='bbox 1542 977 1554 993; x_wconf 83' lang='grc'>11</span> 
     </span>
     <span class='ocr_line' id='line_1_93' title="bbox 990 1011 1554 1040; baseline -0.005 -5"><span class='ocrx_word' id='word_1_576' title='bbox 990 1025 1018 1028; x_wconf 57' lang='lat'>›-</span> <span class='ocrx_word' id='word_1_577' title='bbox 1035 1015 1124 1040; x_wconf 88' lang='lat' dir='ltr'>septem</span> <span class='ocrx_word' id='word_1_578' title='bbox 1148 1012 1271 1039; x_wconf 80' lang='lat' dir='ltr'>designant</span> <span class='ocrx_word' id='word_1_579' title='bbox 1295 1015 1384 1039; x_wconf 76' lang='lat' dir='ltr'>septem</span> <span class='ocrx_word' id='word_1_580' title='bbox 1407 1011 1554 1033; x_wconf 82' lang='lat' dir='ltr'>Sacramenta</span> 
     </span>
     <span class='ocr_line' id='line_1_94' title="bbox 989 1052 1067 1074; baseline 0 0"><span class='ocrx_word' id='word_1_581' title='bbox 989 1053 1033 1074; x_wconf 83' lang='grc'>388</span> <span class='ocrx_word' id='word_1_582' title='bbox 1052 1052 1067 1074; x_wconf 89' lang='lat' dir='ltr'>b</span> 
     </span>
    </p>
   </div>
   <div class='ocr_carea' id='block_1_4' title="bbox 989 1091 1554 1237">
    <p class='ocr_par' dir='ltr' id='par_1_20' title="bbox 989 1091 1554 1237">
     <span class='ocr_line' id='line_1_95' title="bbox 1035 1091 1554 1114; baseline -0.004 0"><span class='ocrx_word' id='word_1_583' title='bbox 1035 1092 1156 1114; x_wconf 62' lang='lat' dir='ltr'>Consonus</span> <span class='ocrx_word' id='word_1_584' title='bbox 1173 1105 1204 1107; x_wconf 96' lang='lat'><strong>—</strong></span> <span class='ocrx_word' id='word_1_585' title='bbox 1229 1091 1378 1113; x_wconf 84' lang='lat' dir='ltr'>Comedimus</span> <span class='ocrx_word' id='word_1_586' title='bbox 1401 1091 1429 1113; x_wconf 87' lang='lat' dir='ltr'>ad</span> <span class='ocrx_word' id='word_1_587' title='bbox 1453 1093 1554 1113; x_wconf 84' lang='lat' dir='ltr'>nostram</span> 
     </span>
     <span class='ocr_line' id='line_1_96' title="bbox 989 1130 1538 1158; baseline -0.004 -5"><span class='ocrx_word' id='word_1_588' title='bbox 989 1131 1146 1154; x_wconf 84' lang='lat' dir='ltr'>confusionem</span> <span class='ocrx_word' id='word_1_589' title='bbox 1155 1148 1160 1158; x_wconf 85' lang='lat'><em>‚</em></span> <span class='ocrx_word' id='word_1_590' title='bbox 1173 1131 1190 1153; x_wconf 86' lang='lat' dir='ltr'>si</span> <span class='ocrx_word' id='word_1_591' title='bbox 1210 1137 1254 1153; x_wconf 92' lang='lat' dir='ltr'>non</span> <span class='ocrx_word' id='word_1_592' title='bbox 1267 1130 1391 1152; x_wconf 86' lang='lat' dir='ltr'>obedimus</span> <span class='ocrx_word' id='word_1_593' title='bbox 1408 1130 1455 1152; x_wconf 79' lang='lat' dir='ltr'>Deo</span> <span class='ocrx_word' id='word_1_594' title='bbox 1468 1130 1513 1151; x_wconf 82' lang='grc'>504</span> <span class='ocrx_word' id='word_1_595' title='bbox 1526 1136 1538 1151; x_wconf 87' lang='grc'>11</span> 
     </span>
     <span class='ocr_line' id='line_1_97' title="bbox 1035 1170 1554 1199; baseline -0.004 -6"><span class='ocrx_word' id='word_1_596' title='bbox 1035 1170 1125 1193; x_wconf 65' lang='lat' dir='ltr'>Cone-rx</span> <span class='ocrx_word' id='word_1_597' title='bbox 1143 1183 1173 1186; x_wconf 87' lang='lat'>——-</span> <span class='ocrx_word' id='word_1_598' title='bbox 1191 1170 1297 1199; x_wconf 84' lang='lat' dir='ltr'>Quinque</span> <span class='ocrx_word' id='word_1_599' title='bbox 1314 1172 1367 1192; x_wconf 85' lang='lat' dir='ltr'>sunt</span> <span class='ocrx_word' id='word_1_600' title='bbox 1383 1175 1468 1198; x_wconf 78' lang='lat' dir='ltr'>genera</span> <span class='ocrx_word' id='word_1_601' title='bbox 1480 1175 1554 1191; x_wconf 88' lang='lat' dir='ltr'>come-</span> 
     </span>
     <span class='ocr_line' id='line_1_98' title="bbox 990 1209 1554 1237; baseline -0.004 -5"><span class='ocrx_word' id='word_1_602' title='bbox 990 1213 1064 1232; x_wconf 85' lang='lat' dir='ltr'>tarum</span> <span class='ocrx_word' id='word_1_603' title='bbox 1083 1210 1127 1232; x_wconf 83' lang='grc'>159</span> <span class='ocrx_word' id='word_1_604' title='bbox 1151 1209 1164 1232; x_wconf 85' lang='lat' dir='ltr'>b</span> <span class='ocrx_word' id='word_1_605' title='bbox 1184 1222 1212 1225; x_wconf 43' lang='grc' dir='ltr'>μ-</span> <span class='ocrx_word' id='word_1_606' title='bbox 1237 1216 1282 1231; x_wconf 87' lang='grc'>000</span> <span class='ocrx_word' id='word_1_607' title='bbox 1306 1212 1444 1237; x_wconf 78' lang='lat' dir='ltr'>generantur</span> <span class='ocrx_word' id='word_1_608' title='bbox 1469 1215 1480 1230; x_wconf 94' lang='lat' dir='ltr'>a</span> <span class='ocrx_word' id='word_1_609' title='bbox 1507 1209 1554 1230; x_wconf 86' lang='lat' dir='ltr'>sole</span> 
     </span>
    </p>
   </div>
   <div class='ocr_carea' id='block_1_5' title="bbox 990 1248 1559 2063">
    <p class='ocr_par' dir='ltr' id='par_1_21' title="bbox 990 1248 1272 1272">
     <span class='ocr_line' id='line_1_99' title="bbox 990 1248 1272 1272; baseline 0 -1"><span class='ocrx_word' id='word_1_610' title='bbox 990 1256 1031 1272; x_wconf 89' lang='lat' dir='ltr'>nee</span> <span class='ocrx_word' id='word_1_611' title='bbox 1049 1255 1060 1271; x_wconf 85' lang='lat' dir='ltr'>a</span> <span class='ocrx_word' id='word_1_612' title='bbox 1078 1249 1140 1271; x_wconf 85' lang='lat' dir='ltr'>stella</span> <span class='ocrx_word' id='word_1_613' title='bbox 1158 1249 1199 1271; x_wconf 89' lang='lat' dir='ltr'>alia</span> <span class='ocrx_word' id='word_1_614' title='bbox 1217 1248 1272 1271; x_wconf 71' lang='lat' dir='ltr'>ibid.</span> 
     </span>
    </p>

    <p class='ocr_par' dir='ltr' id='par_1_22' title="bbox 990 1288 1556 1396">
     <span class='ocr_line' id='line_1_100' title="bbox 1037 1288 1556 1316; baseline -0.002 -6"><span class='ocrx_word' id='word_1_615' title='bbox 1037 1288 1197 1311; x_wconf 60' lang='lat' dir='ltr'>Counumcnnc</span> <span class='ocrx_word' id='word_1_616' title='bbox 1214 1301 1244 1304; x_wconf 97' lang='lat'><strong>—</strong></span> <span class='ocrx_word' id='word_1_617' title='bbox 1261 1288 1325 1310; x_wconf 81' lang='lat' dir='ltr'>Stulti</span> <span class='ocrx_word' id='word_1_618' title='bbox 1343 1291 1395 1310; x_wconf 91' lang='lat' dir='ltr'>sunt</span> <span class='ocrx_word' id='word_1_619' title='bbox 1415 1288 1455 1316; x_wconf 81' lang='lat' dir='ltr'>qni</span> <span class='ocrx_word' id='word_1_620' title='bbox 1475 1288 1556 1309; x_wconf 89' lang='lat' dir='ltr'>nolunt</span> 
     </span>
     <span class='ocr_line' id='line_1_101' title="bbox 990 1327 1556 1356; baseline -0.002 -6"><span class='ocrx_word' id='word_1_621' title='bbox 990 1328 1094 1356; x_wconf 83' lang='lat' dir='ltr'>accipere</span> <span class='ocrx_word' id='word_1_622' title='bbox 1111 1330 1133 1350; x_wconf 84' lang='lat' dir='ltr'>et</span> <span class='ocrx_word' id='word_1_623' title='bbox 1150 1327 1335 1353; x_wconf 75' lang='lat' dir='ltr'>communicare,</span> <span class='ocrx_word' id='word_1_624' title='bbox 1348 1327 1388 1349; x_wconf 88' lang='lat' dir='ltr'>sed</span> <span class='ocrx_word' id='word_1_625' title='bbox 1401 1329 1491 1355; x_wconf 83' lang='lat' dir='ltr'>peiores</span> <span class='ocrx_word' id='word_1_626' title='bbox 1503 1330 1556 1349; x_wconf 89' lang='lat' dir='ltr'>sunt</span> 
     </span>
     <span class='ocr_line' id='line_1_102' title="bbox 990 1367 1477 1396; baseline 0 -7"><span class='ocrx_word' id='word_1_627' title='bbox 990 1367 1029 1396; x_wconf 83' lang='lat' dir='ltr'>qui</span> <span class='ocrx_word' id='word_1_628' title='bbox 1047 1369 1140 1395; x_wconf 83' lang='lat' dir='ltr'>accepta</span> <span class='ocrx_word' id='word_1_629' title='bbox 1160 1367 1255 1389; x_wconf 87' lang='lat' dir='ltr'>fundere</span> <span class='ocrx_word' id='word_1_630' title='bbox 1273 1370 1379 1389; x_wconf 83' lang='lat' dir='ltr'>recusant</span> <span class='ocrx_word' id='word_1_631' title='bbox 1399 1368 1443 1389; x_wconf 86' lang='grc'>696</span> <span class='ocrx_word' id='word_1_632' title='bbox 1462 1367 1477 1389; x_wconf 89' lang='lat' dir='ltr'>b</span> 
     </span>
    </p>

    <p class='ocr_par' dir='ltr' id='par_1_23' title="bbox 991 1406 1557 1789">
     <span class='ocr_line' id='line_1_103' title="bbox 1037 1406 1555 1434; baseline 0 -6"><span class='ocrx_word' id='word_1_633' title='bbox 1037 1406 1157 1429; x_wconf 64' lang='lat' dir='ltr'>Coumssro</span> <span class='ocrx_word' id='word_1_634' title='bbox 1175 1419 1204 1422; x_wconf 51' lang='grc'>*-</span> <span class='ocrx_word' id='word_1_635' title='bbox 1221 1407 1304 1429; x_wconf 85' lang='lat' dir='ltr'>dicitnr</span> <span class='ocrx_word' id='word_1_636' title='bbox 1329 1407 1487 1434; x_wconf 78' lang='lat' dir='ltr'>eleemosyna,</span> <span class='ocrx_word' id='word_1_637' title='bbox 1509 1412 1555 1434; x_wconf 81' lang='lat' dir='ltr'>qua</span> 
     </span>
     <span class='ocr_line' id='line_1_104' title="bbox 991 1445 1556 1475; baseline -0.002 -7"><span class='ocrx_word' id='word_1_638' title='bbox 991 1446 1043 1475; x_wconf 85' lang='lat' dir='ltr'>quis</span> <span class='ocrx_word' id='word_1_639' title='bbox 1059 1445 1128 1468; x_wconf 80' lang='lat' dir='ltr'>debet</span> <span class='ocrx_word' id='word_1_640' title='bbox 1145 1446 1220 1473; x_wconf 89' lang='lat' dir='ltr'>primo</span> <span class='ocrx_word' id='word_1_641' title='bbox 1237 1445 1281 1467; x_wconf 88' lang='lat' dir='ltr'>sibi</span> <span class='ocrx_word' id='word_1_642' title='bbox 1298 1446 1399 1474; x_wconf 87' lang='lat' dir='ltr'>compati</span> <span class='ocrx_word' id='word_1_643' title='bbox 1411 1449 1433 1468; x_wconf 89' lang='lat' dir='ltr'>et</span> <span class='ocrx_word' id='word_1_644' title='bbox 1445 1448 1496 1473; x_wconf 85' lang='lat' dir='ltr'>post</span> <span class='ocrx_word' id='word_1_645' title='bbox 1508 1445 1556 1468; x_wconf 83' lang='lat' dir='ltr'>aliis</span> 
     </span>
     <span class='ocr_line' id='line_1_105' title="bbox 992 1484 1555 1512; baseline 0 -6"><span class='ocrx_word' id='word_1_646' title='bbox 992 1485 1035 1506; x_wconf 78' lang='lat'>343</span> <span class='ocrx_word' id='word_1_647' title='bbox 1055 1484 1069 1506; x_wconf 92' lang='lat' dir='ltr'>b</span> <span class='ocrx_word' id='word_1_648' title='bbox 1086 1497 1117 1501; x_wconf 94' lang='lat'>—</span> <span class='ocrx_word' id='word_1_649' title='bbox 1134 1487 1243 1512; x_wconf 86' lang='lat' dir='ltr'>operatur</span> <span class='ocrx_word' id='word_1_650' title='bbox 1260 1484 1283 1506; x_wconf 91' lang='lat' dir='ltr'>in</span> <span class='ocrx_word' id='word_1_651' title='bbox 1301 1484 1367 1506; x_wconf 88' lang='lat' dir='ltr'>nobis</span> <span class='ocrx_word' id='word_1_652' title='bbox 1379 1484 1555 1506; x_wconf 82' lang='lat' dir='ltr'>sollicitudinem</span> 
     </span>
     <span class='ocr_line' id='line_1_106' title="bbox 991 1523 1556 1552; baseline -0.004 -5"><span class='ocrx_word' id='word_1_653' title='bbox 991 1525 1021 1547; x_wconf 87' lang='lat' dir='ltr'>de</span> <span class='ocrx_word' id='word_1_654' title='bbox 1039 1524 1196 1552; x_wconf 87' lang='lat' dir='ltr'>proximorum</span> <span class='ocrx_word' id='word_1_655' title='bbox 1214 1524 1340 1546; x_wconf 82' lang='lat' dir='ltr'>salvatione</span> <span class='ocrx_word' id='word_1_656' title='bbox 1359 1524 1402 1545; x_wconf 75' lang='lat'>308</span> <span class='ocrx_word' id='word_1_657' title='bbox 1422 1523 1435 1545; x_wconf 89' lang='grc'>1)</span> <span class='ocrx_word' id='word_1_658' title='bbox 1447 1535 1477 1540; x_wconf 92' lang='grc'>-</span> <span class='ocrx_word' id='word_1_659' title='bbox 1491 1524 1556 1545; x_wconf 80' lang='lat' dir='ltr'>Mem-</span> 
     </span>
     <span class='ocr_line' id='line_1_107' title="bbox 992 1563 1557 1592; baseline -0.004 -6"><span class='ocrx_word' id='word_1_660' title='bbox 992 1563 1033 1586; x_wconf 88' lang='lat' dir='ltr'>bro</span> <span class='ocrx_word' id='word_1_661' title='bbox 1052 1564 1144 1592; x_wconf 85' lang='lat' dir='ltr'>patienti</span> <span class='ocrx_word' id='word_1_662' title='bbox 1161 1567 1236 1585; x_wconf 84' lang='lat' dir='ltr'>cetera</span> <span class='ocrx_word' id='word_1_663' title='bbox 1254 1563 1359 1585; x_wconf 82' lang='lat' dir='ltr'>membra</span> <span class='ocrx_word' id='word_1_664' title='bbox 1384 1563 1557 1590; x_wconf 85' lang='lat' dir='ltr'>compatiuntur</span> 
     </span>
     <span class='ocr_line' id='line_1_108' title="bbox 992 1602 1555 1630; baseline -0.002 -5"><span class='ocrx_word' id='word_1_665' title='bbox 992 1604 1036 1625; x_wconf 75' lang='grc'>667</span> <span class='ocrx_word' id='word_1_666' title='bbox 1054 1610 1066 1625; x_wconf 90' lang='lat' dir='ltr'>a</span> <span class='ocrx_word' id='word_1_667' title='bbox 1085 1616 1115 1619; x_wconf 89' lang='lat'><strong>—</strong></span> <span class='ocrx_word' id='word_1_668' title='bbox 1133 1602 1249 1625; x_wconf 81' lang='lat' dir='ltr'>Debemus</span> <span class='ocrx_word' id='word_1_669' title='bbox 1267 1603 1367 1630; x_wconf 80' lang='lat' dir='ltr'>compati</span> <span class='ocrx_word' id='word_1_670' title='bbox 1386 1609 1445 1624; x_wconf 87' lang='lat' dir='ltr'>unus</span> <span class='ocrx_word' id='word_1_671' title='bbox 1462 1602 1555 1624; x_wconf 77' lang='grc'>11111557</span> 
     </span>
     <span class='ocr_line' id='line_1_109' title="bbox 992 1642 1555 1670; baseline -0.004 -5"><span class='ocrx_word' id='word_1_672' title='bbox 992 1649 1004 1665; x_wconf 88' lang='lat' dir='ltr'>a</span> <span class='ocrx_word' id='word_1_673' title='bbox 1029 1655 1059 1659; x_wconf 92' lang='lat'>—-</span> <span class='ocrx_word' id='word_1_674' title='bbox 1085 1644 1142 1665; x_wconf 92' lang='lat' dir='ltr'>lnter</span> <span class='ocrx_word' id='word_1_675' title='bbox 1166 1642 1296 1670; x_wconf 84' lang='lat' dir='ltr'>passionem</span> <span class='ocrx_word' id='word_1_676' title='bbox 1323 1645 1346 1664; x_wconf 87' lang='lat' dir='ltr'>et</span> <span class='ocrx_word' id='word_1_677' title='bbox 1370 1642 1555 1670; x_wconf 78' lang='lat' dir='ltr'>compassionem</span> 
     </span>
     <span class='ocr_line' id='line_1_110' title="bbox 992 1680 1556 1710; baseline -0.002 -6"><span class='ocrx_word' id='word_1_678' title='bbox 992 1682 1061 1705; x_wconf 86' lang='lat' dir='ltr'>debet</span> <span class='ocrx_word' id='word_1_679' title='bbox 1078 1688 1128 1704; x_wconf 90' lang='lat' dir='ltr'>esse</span> <span class='ocrx_word' id='word_1_680' title='bbox 1147 1682 1266 1710; x_wconf 89' lang='lat' dir='ltr'>proportio</span> <span class='ocrx_word' id='word_1_681' title='bbox 1285 1682 1328 1703; x_wconf 64' lang='grc'>2211</span> <span class='ocrx_word' id='word_1_682' title='bbox 1347 1688 1359 1703; x_wconf 92' lang='lat' dir='ltr'>a</span> <span class='ocrx_word' id='word_1_683' title='bbox 1377 1694 1407 1697; x_wconf 88' lang='lat'>-—</span> <span class='ocrx_word' id='word_1_684' title='bbox 1424 1680 1556 1703; x_wconf 79' lang='grc'>(1611616556</span> 
     </span>
     <span class='ocr_line' id='line_1_111' title="bbox 993 1721 1557 1749; baseline -0.002 -6"><span class='ocrx_word' id='word_1_685' title='bbox 993 1722 1067 1749; x_wconf 80' lang='lat' dir='ltr'>magis</span> <span class='ocrx_word' id='word_1_686' title='bbox 1083 1722 1113 1743; x_wconf 90' lang='lat' dir='ltr'>de</span> <span class='ocrx_word' id='word_1_687' title='bbox 1130 1721 1278 1744; x_wconf 83' lang='lat' dir='ltr'>incommodo</span> <span class='ocrx_word' id='word_1_688' title='bbox 1296 1721 1407 1749; x_wconf 83' lang='lat' dir='ltr'>spirituali</span> <span class='ocrx_word' id='word_1_689' title='bbox 1420 1726 1490 1749; x_wconf 84' lang='lat' dir='ltr'>quam</span> <span class='ocrx_word' id='word_1_690' title='bbox 1503 1723 1557 1742; x_wconf 88' lang='lat' dir='ltr'>tem-</span> 
     </span>
     <span class='ocr_line' id='line_1_112' title="bbox 992 1760 1181 1789; baseline -0.005 -6"><span class='ocrx_word' id='word_1_691' title='bbox 992 1761 1063 1789; x_wconf 85' lang='lat' dir='ltr'>porali</span> <span class='ocrx_word' id='word_1_692' title='bbox 1081 1760 1109 1783; x_wconf 80' lang='lat' dir='ltr'>ib.</span> <span class='ocrx_word' id='word_1_693' title='bbox 1128 1767 1148 1787; x_wconf 83' lang='lat' dir='ltr'>a,</span> <span class='ocrx_word' id='word_1_694' title='bbox 1166 1760 1181 1782; x_wconf 93' lang='lat' dir='ltr'>b</span> 
     </span>
    </p>

    <p class='ocr_par' dir='ltr' id='par_1_24' title="bbox 992 1799 1558 1862">
     <span class='ocr_line' id='line_1_113' title="bbox 1039 1799 1558 1827; baseline -0.002 -5"><span class='ocrx_word' id='word_1_695' title='bbox 1039 1800 1177 1823; x_wconf 79' lang='lat' dir='ltr'>Courosrruiu</span> <span class='ocrx_word' id='word_1_696' title='bbox 1195 1812 1226 1816; x_wconf 94' lang='lat'><strong>—</strong></span> <span class='ocrx_word' id='word_1_697' title='bbox 1243 1800 1320 1827; x_wconf 72' lang='lat' dir='ltr'>Pugna</span> <span class='ocrx_word' id='word_1_698' title='bbox 1339 1799 1362 1821; x_wconf 95' lang='lat' dir='ltr'>in</span> <span class='ocrx_word' id='word_1_699' title='bbox 1377 1799 1507 1827; x_wconf 90' lang='lat' dir='ltr'>composito</span> <span class='ocrx_word' id='word_1_700' title='bbox 1524 1802 1558 1821; x_wconf 89' lang='lat' dir='ltr'>est</span> 
     </span>
     <span class='ocr_line' id='line_1_114' title="bbox 992 1838 1329 1862; baseline -0.003 0"><span class='ocrx_word' id='word_1_701' title='bbox 992 1845 1061 1862; x_wconf 85' lang='lat' dir='ltr'>causa</span> <span class='ocrx_word' id='word_1_702' title='bbox 1080 1839 1235 1862; x_wconf 85' lang='lat' dir='ltr'>dissolutionis</span> <span class='ocrx_word' id='word_1_703' title='bbox 1252 1839 1297 1861; x_wconf 83' lang='grc'>399</span> <span class='ocrx_word' id='word_1_704' title='bbox 1314 1838 1329 1861; x_wconf 85' lang='lat' dir='ltr'>b</span> 
     </span>
    </p>

    <p class='ocr_par' dir='ltr' id='par_1_25' title="bbox 993 1878 1559 2063">
     <span class='ocr_line' id='line_1_115' title="bbox 1039 1878 1558 1902; baseline -0.004 0"><span class='ocrx_word' id='word_1_705' title='bbox 1039 1878 1180 1902; x_wconf 52' lang='lat' dir='ltr'>Compos-eno</span> <span class='ocrx_word' id='word_1_706' title='bbox 1194 1891 1220 1894; x_wconf 73' lang='lat'><em>—</em></span> <span class='ocrx_word' id='word_1_707' title='bbox 1234 1878 1303 1900; x_wconf 86' lang='lat' dir='ltr'>debet</span> <span class='ocrx_word' id='word_1_708' title='bbox 1315 1885 1365 1901; x_wconf 85' lang='lat' dir='ltr'>esse</span> <span class='ocrx_word' id='word_1_709' title='bbox 1377 1878 1406 1901; x_wconf 91' lang='lat' dir='ltr'>de</span> <span class='ocrx_word' id='word_1_710' title='bbox 1419 1878 1484 1900; x_wconf 89' lang='lat' dir='ltr'>malis</span> <span class='ocrx_word' id='word_1_711' title='bbox 1496 1884 1558 1900; x_wconf 89' lang='lat' dir='ltr'>com-</span> 
     </span>
     <span class='ocr_line' id='line_1_116' title="bbox 993 1917 1559 1941; baseline -0.002 0"><span class='ocrx_word' id='word_1_712' title='bbox 993 1919 1069 1941; x_wconf 77' lang='lat' dir='ltr'>missis</span> <span class='ocrx_word' id='word_1_713' title='bbox 1086 1921 1107 1940; x_wconf 86' lang='lat' dir='ltr'>et</span> <span class='ocrx_word' id='word_1_714' title='bbox 1124 1918 1154 1940; x_wconf 89' lang='lat' dir='ltr'>de</span> <span class='ocrx_word' id='word_1_715' title='bbox 1171 1918 1238 1940; x_wconf 90' lang='lat' dir='ltr'>bonis</span> <span class='ocrx_word' id='word_1_716' title='bbox 1255 1918 1346 1940; x_wconf 81' lang='lat' dir='ltr'>omissis</span> <span class='ocrx_word' id='word_1_717' title='bbox 1363 1917 1408 1939; x_wconf 85' lang='grc'>214</span> <span class='ocrx_word' id='word_1_718' title='bbox 1427 1918 1441 1940; x_wconf 89' lang='lat' dir='ltr'>b</span> <span class='ocrx_word' id='word_1_719' title='bbox 1458 1931 1488 1935; x_wconf 88' lang='lat'><strong>—</strong></span> <span class='ocrx_word' id='word_1_720' title='bbox 1506 1918 1559 1940; x_wconf 84' lang='lat' dir='ltr'>Eius</span> 
     </span>
     <span class='ocr_line' id='line_1_117' title="bbox 993 1957 1559 1985; baseline -0.002 -5"><span class='ocrx_word' id='word_1_721' title='bbox 993 1958 1122 1980; x_wconf 88' lang='lat' dir='ltr'>amaritudo</span> <span class='ocrx_word' id='word_1_722' title='bbox 1141 1961 1265 1985; x_wconf 73' lang='lat' dir='ltr'>generatur</span> <span class='ocrx_word' id='word_1_723' title='bbox 1277 1963 1303 1979; x_wconf 89' lang='lat' dir='ltr'>ex</span> <span class='ocrx_word' id='word_1_724' title='bbox 1319 1957 1501 1979; x_wconf 83' lang='lat' dir='ltr'>consideratione</span> <span class='ocrx_word' id='word_1_725' title='bbox 1514 1963 1559 1979; x_wconf 92' lang='lat' dir='ltr'>ma-</span> 
     </span>
     <span class='ocr_line' id='line_1_118' title="bbox 993 1996 1559 2025; baseline -0.002 -7"><span class='ocrx_word' id='word_1_726' title='bbox 993 1997 1068 2023; x_wconf 83' lang='lat' dir='ltr'>culae,</span> <span class='ocrx_word' id='word_1_727' title='bbox 1086 1997 1197 2023; x_wconf 78' lang='lat' dir='ltr'>offensae,</span> <span class='ocrx_word' id='word_1_728' title='bbox 1215 1997 1323 2025; x_wconf 83' lang='lat' dir='ltr'>sequelae</span> <span class='ocrx_word' id='word_1_729' title='bbox 1341 1997 1381 2018; x_wconf 82' lang='grc'>561</span> <span class='ocrx_word' id='word_1_730' title='bbox 1404 1996 1427 2018; x_wconf 90' lang='lat' dir='ltr'>b.</span> <span class='ocrx_word' id='word_1_731' title='bbox 1445 1996 1490 2018; x_wconf 86' lang='grc'>562</span> <span class='ocrx_word' id='word_1_732' title='bbox 1503 2003 1513 2017; x_wconf 85' lang='lat' dir='ltr'>a</span> <span class='ocrx_word' id='word_1_733' title='bbox 1528 2008 1559 2012; x_wconf 92' lang='lat'>——</span> 
     </span>
     <span class='ocr_line' id='line_1_119' title="bbox 993 2035 1558 2063; baseline -0.002 -5"><span class='ocrx_word' id='word_1_734' title='bbox 993 2036 1069 2058; x_wconf 87' lang='lat' dir='ltr'>reddit</span> <span class='ocrx_word' id='word_1_735' title='bbox 1096 2036 1258 2058; x_wconf 78' lang='lat' dir='ltr'>conscientiam</span> <span class='ocrx_word' id='word_1_736' title='bbox 1287 2042 1369 2063; x_wconf 87' lang='lat' dir='ltr'>puram</span> <span class='ocrx_word' id='word_1_737' title='bbox 1398 2038 1420 2057; x_wconf 89' lang='grc'>61</span> <span class='ocrx_word' id='word_1_738' title='bbox 1447 2035 1558 2057; x_wconf 89' lang='lat' dir='ltr'>mundam</span> 
     </span>
    </p>
   </div>
   <div class='ocr_carea' id='block_1_6' title="bbox 994 2075 1560 2182">
    <p class='ocr_par' dir='ltr' id='par_1_26' title="bbox 994 2075 1560 2182">
     <span class='ocr_line' id='line_1_120' title="bbox 994 2075 1559 2104; baseline -0.002 -7"><span class='ocrx_word' id='word_1_739' title='bbox 994 2076 1038 2098; x_wconf 78' lang='grc'>258</span> <span class='ocrx_word' id='word_1_740' title='bbox 1057 2076 1071 2097; x_wconf 92' lang='lat' dir='ltr'>b</span> <span class='ocrx_word' id='word_1_741' title='bbox 1088 2088 1119 2091; x_wconf 85' lang='lat'>-—</span> <span class='ocrx_word' id='word_1_742' title='bbox 1136 2076 1242 2098; x_wconf 81' lang='lat' dir='ltr'>Resoluta</span> <span class='ocrx_word' id='word_1_743' title='bbox 1261 2075 1379 2104; x_wconf 87' lang='lat' dir='ltr'>iniquitate</span> <span class='ocrx_word' id='word_1_744' title='bbox 1404 2075 1425 2096; x_wconf 94' lang='lat' dir='ltr'>in</span> <span class='ocrx_word' id='word_1_745' title='bbox 1448 2080 1559 2102; x_wconf 87' lang='lat' dir='ltr'>compun-</span> 
     </span>
     <span class='ocr_line' id='line_1_121' title="bbox 994 2113 1560 2142; baseline -0.004 -5"><span class='ocrx_word' id='word_1_746' title='bbox 994 2116 1101 2141; x_wconf 83' lang='lat' dir='ltr'>ctionem,</span> <span class='ocrx_word' id='word_1_747' title='bbox 1118 2115 1243 2137; x_wconf 84' lang='lat' dir='ltr'>restituitur</span> <span class='ocrx_word' id='word_1_748' title='bbox 1260 2117 1368 2142; x_wconf 86' lang='lat' dir='ltr'>aspectus</span> <span class='ocrx_word' id='word_1_749' title='bbox 1385 2114 1439 2136; x_wconf 85' lang='lat' dir='ltr'>solis</span> <span class='ocrx_word' id='word_1_750' title='bbox 1462 2113 1560 2135; x_wconf 86' lang='lat' dir='ltr'>iustitiae</span> 
     </span>
     <span class='ocr_line' id='line_1_122' title="bbox 995 2153 1559 2182; baseline -0.004 -6"><span class='ocrx_word' id='word_1_751' title='bbox 995 2155 1039 2176; x_wconf 88' lang='grc'>226</span> <span class='ocrx_word' id='word_1_752' title='bbox 1057 2154 1071 2175; x_wconf 91' lang='lat' dir='ltr'>b</span> <span class='ocrx_word' id='word_1_753' title='bbox 1092 2167 1118 2169; x_wconf 62' lang='lat'>&gt;—</span> <span class='ocrx_word' id='word_1_754' title='bbox 1143 2155 1163 2176; x_wconf 93' lang='lat' dir='ltr'>ln</span> <span class='ocrx_word' id='word_1_755' title='bbox 1186 2154 1266 2182; x_wconf 87' lang='lat' dir='ltr'>spiritu</span> <span class='ocrx_word' id='word_1_756' title='bbox 1291 2153 1475 2181; x_wconf 81' lang='lat' dir='ltr'>compunctionis</span> <span class='ocrx_word' id='word_1_757' title='bbox 1497 2159 1559 2180; x_wconf 87' lang='lat' dir='ltr'>prae-</span> 
     </span>
    </p>
   </div>
   <div class='ocr_carea' id='block_1_7' title="bbox 994 2192 1562 2997">
    <p class='ocr_par' dir='ltr' id='par_1_27' title="bbox 994 2192 1331 2221">
     <span class='ocr_line' id='line_1_123' title="bbox 994 2192 1331 2221; baseline -0.003 -6"><span class='ocrx_word' id='word_1_758' title='bbox 994 2194 1080 2216; x_wconf 87' lang='lat' dir='ltr'>cedunt</span> <span class='ocrx_word' id='word_1_759' title='bbox 1097 2200 1138 2215; x_wconf 88' lang='lat' dir='ltr'>nos</span> <span class='ocrx_word' id='word_1_760' title='bbox 1155 2193 1235 2221; x_wconf 81' lang='lat' dir='ltr'>Angeli</span> <span class='ocrx_word' id='word_1_761' title='bbox 1254 2193 1299 2215; x_wconf 89' lang='grc'>617</span> <span class='ocrx_word' id='word_1_762' title='bbox 1317 2192 1331 2214; x_wconf 96' lang='lat' dir='ltr'>b</span> 
     </span>
    </p>

    <p class='ocr_par' dir='ltr' id='par_1_28' title="bbox 995 2231 1560 2378">
     <span class='ocr_line' id='line_1_124' title="bbox 1041 2231 1560 2255; baseline -0.004 0"><span class='ocrx_word' id='word_1_763' title='bbox 1041 2233 1162 2255; x_wconf 59' lang='lat' dir='ltr'>Cos-cerno</span> <span class='ocrx_word' id='word_1_764' title='bbox 1179 2245 1208 2248; x_wconf 91' lang='lat'><em>-</em></span> <span class='ocrx_word' id='word_1_765' title='bbox 1225 2232 1317 2254; x_wconf 80' lang='lat' dir='ltr'>animae</span> <span class='ocrx_word' id='word_1_766' title='bbox 1334 2238 1378 2253; x_wconf 85' lang='lat' dir='ltr'>una</span> <span class='ocrx_word' id='word_1_767' title='bbox 1396 2233 1430 2253; x_wconf 90' lang='lat' dir='ltr'>est</span> <span class='ocrx_word' id='word_1_768' title='bbox 1445 2231 1560 2253; x_wconf 86' lang='lat' dir='ltr'>desidera-</span> 
     </span>
     <span class='ocr_line' id='line_1_125' title="bbox 995 2271 1560 2299; baseline -0.004 -5"><span class='ocrx_word' id='word_1_769' title='bbox 995 2272 1053 2299; x_wconf 82' lang='lat' dir='ltr'>bilis,</span> <span class='ocrx_word' id='word_1_770' title='bbox 1071 2272 1141 2294; x_wconf 84' lang='lat' dir='ltr'>altera</span> <span class='ocrx_word' id='word_1_771' title='bbox 1158 2271 1298 2294; x_wconf 87' lang='lat' dir='ltr'>detestabilis</span> <span class='ocrx_word' id='word_1_772' title='bbox 1316 2271 1362 2293; x_wconf 79' lang='lat'>665</span> <span class='ocrx_word' id='word_1_773' title='bbox 1379 2277 1391 2292; x_wconf 94' lang='lat' dir='ltr'>a</span> <span class='ocrx_word' id='word_1_774' title='bbox 1409 2283 1440 2287; x_wconf 92' lang='lat'><strong>—</strong></span> <span class='ocrx_word' id='word_1_775' title='bbox 1462 2274 1560 2299; x_wconf 85' lang='lat' dir='ltr'>utraque</span> 
     </span>
     <span class='ocr_line' id='line_1_126' title="bbox 995 2310 1558 2339; baseline -0.004 -6"><span class='ocrx_word' id='word_1_776' title='bbox 995 2314 1029 2334; x_wconf 86' lang='lat' dir='ltr'>est</span> <span class='ocrx_word' id='word_1_777' title='bbox 1045 2311 1185 2339; x_wconf 88' lang='lat' dir='ltr'>septiformis</span> <span class='ocrx_word' id='word_1_778' title='bbox 1197 2310 1227 2333; x_wconf 84' lang='lat' dir='ltr'>z&#39;b.</span> <span class='ocrx_word' id='word_1_779' title='bbox 1239 2317 1262 2339; x_wconf 68' lang='lat' dir='ltr'>a,</span> <span class='ocrx_word' id='word_1_780' title='bbox 1280 2310 1295 2332; x_wconf 93' lang='lat' dir='ltr'>b</span> <span class='ocrx_word' id='word_1_781' title='bbox 1308 2322 1338 2327; x_wconf 81' lang='lat'>--</span> <span class='ocrx_word' id='word_1_782' title='bbox 1349 2310 1479 2338; x_wconf 86' lang='lat' dir='ltr'>spirituales</span> <span class='ocrx_word' id='word_1_783' title='bbox 1491 2310 1558 2337; x_wconf 80' lang='lat' dir='ltr'>signi-</span> 
     </span>
     <span class='ocr_line' id='line_1_127' title="bbox 996 2348 1461 2378; baseline -0.004 -5"><span class='ocrx_word' id='word_1_784' title='bbox 996 2351 1092 2373; x_wconf 83' lang='lat' dir='ltr'>ficantur</span> <span class='ocrx_word' id='word_1_785' title='bbox 1108 2356 1150 2378; x_wconf 89' lang='lat' dir='ltr'>per</span> <span class='ocrx_word' id='word_1_786' title='bbox 1167 2352 1255 2378; x_wconf 84' lang='lat' dir='ltr'>septem</span> <span class='ocrx_word' id='word_1_787' title='bbox 1274 2349 1382 2371; x_wconf 88' lang='lat' dir='ltr'>mulieres</span> <span class='ocrx_word' id='word_1_788' title='bbox 1399 2348 1428 2372; x_wconf 72' lang='lat' dir='ltr'>ib.</span> <span class='ocrx_word' id='word_1_789' title='bbox 1447 2349 1461 2371; x_wconf 94' lang='lat' dir='ltr'>b</span> 
     </span>
    </p>

    <p class='ocr_par' dir='ltr' id='par_1_29' title="bbox 995 2388 1560 2490">
     <span class='ocr_line' id='line_1_128' title="bbox 1041 2388 1560 2416; baseline -0.002 -5"><span class='ocrx_word' id='word_1_790' title='bbox 1041 2389 1129 2412; x_wconf 58' lang='lat' dir='ltr'>Conona</span> <span class='ocrx_word' id='word_1_791' title='bbox 1147 2401 1177 2406; x_wconf 86' lang='lat'><em>—</em></span> <span class='ocrx_word' id='word_1_792' title='bbox 1199 2395 1251 2411; x_wconf 87' lang='lat' dir='ltr'>rore</span> <span class='ocrx_word' id='word_1_793' title='bbox 1269 2389 1334 2416; x_wconf 85' lang='lat' dir='ltr'>plena</span> <span class='ocrx_word' id='word_1_794' title='bbox 1361 2388 1474 2416; x_wconf 79' lang='lat' dir='ltr'>significat</span> <span class='ocrx_word' id='word_1_795' title='bbox 1496 2394 1560 2410; x_wconf 92' lang='lat' dir='ltr'>mnn-</span> 
     </span>
     <span class='ocr_line' id='line_1_129' title="bbox 995 2428 1559 2455; baseline -0.004 -4"><span class='ocrx_word' id='word_1_796' title='bbox 995 2430 1051 2451; x_wconf 87' lang='lat' dir='ltr'>dum</span> <span class='ocrx_word' id='word_1_797' title='bbox 1076 2429 1096 2450; x_wconf 93' lang='lat' dir='ltr'>in</span> <span class='ocrx_word' id='word_1_798' title='bbox 1123 2431 1173 2450; x_wconf 91' lang='lat' dir='ltr'>ortu</span> <span class='ocrx_word' id='word_1_799' title='bbox 1200 2428 1325 2450; x_wconf 79' lang='lat' dir='ltr'>salvatoris</span> <span class='ocrx_word' id='word_1_800' title='bbox 1347 2428 1420 2455; x_wconf 64' lang='lat' dir='ltr'>gratia</span> <span class='ocrx_word' id='word_1_801' title='bbox 1446 2428 1559 2455; x_wconf 88' lang='lat' dir='ltr'>repletum</span> 
     </span>
     <span class='ocr_line' id='line_1_130' title="bbox 999 2468 1071 2490; baseline 0.014 -1"><span class='ocrx_word' id='word_1_802' title='bbox 999 2468 1040 2490; x_wconf 90' lang='grc'>127</span> <span class='ocrx_word' id='word_1_803' title='bbox 1059 2474 1071 2490; x_wconf 87' lang='lat' dir='ltr'>a</span> 
     </span>
    </p>

    <p class='ocr_par' dir='ltr' id='par_1_30' title="bbox 996 2506 1561 2607">
     <span class='ocr_line' id='line_1_131' title="bbox 1042 2506 1559 2535; baseline -0.004 -6"><span class='ocrx_word' id='word_1_804' title='bbox 1042 2507 1160 2529; x_wconf 66' lang='grc'>(1011011100</span> <span class='ocrx_word' id='word_1_805' title='bbox 1178 2519 1209 2523; x_wconf 89' lang='grc'>-</span> <span class='ocrx_word' id='word_1_806' title='bbox 1225 2507 1277 2535; x_wconf 83' lang='lat' dir='ltr'>plus</span> <span class='ocrx_word' id='word_1_807' title='bbox 1293 2510 1328 2529; x_wconf 90' lang='lat' dir='ltr'>est</span> <span class='ocrx_word' id='word_1_808' title='bbox 1352 2512 1422 2535; x_wconf 90' lang='lat' dir='ltr'>quam</span> <span class='ocrx_word' id='word_1_809' title='bbox 1449 2506 1559 2528; x_wconf 87' lang='lat' dir='ltr'>indicium</span> 
     </span>
     <span class='ocr_line' id='line_1_132' title="bbox 996 2545 1561 2572; baseline -0.004 -4"><span class='ocrx_word' id='word_1_810' title='bbox 996 2546 1041 2568; x_wconf 85' lang='lat'><strong>377</strong></span> <span class='ocrx_word' id='word_1_811' title='bbox 1059 2545 1074 2567; x_wconf 90' lang='lat' dir='ltr'>b</span> <span class='ocrx_word' id='word_1_812' title='bbox 1091 2558 1120 2562; x_wconf 78' lang='lat'>—</span> <span class='ocrx_word' id='word_1_813' title='bbox 1139 2552 1184 2568; x_wconf 91' lang='lat' dir='ltr'>non</span> <span class='ocrx_word' id='word_1_814' title='bbox 1202 2546 1323 2568; x_wconf 71' lang='lat' dir='ltr'>consuevit</span> <span class='ocrx_word' id='word_1_815' title='bbox 1340 2545 1387 2567; x_wconf 81' lang='lat' dir='ltr'>fieri</span> <span class='ocrx_word' id='word_1_816' title='bbox 1405 2545 1448 2567; x_wconf 85' lang='lat' dir='ltr'>nisi</span> <span class='ocrx_word' id='word_1_817' title='bbox 1466 2545 1495 2567; x_wconf 82' lang='grc'>(16</span> <span class='ocrx_word' id='word_1_818' title='bbox 1511 2551 1561 2572; x_wconf 79' lang='lat' dir='ltr'>gra-</span> 
     </span>
     <span class='ocr_line' id='line_1_133' title="bbox 997 2584 1277 2607; baseline 0 0"><span class='ocrx_word' id='word_1_819' title='bbox 997 2585 1101 2607; x_wconf 73' lang='lat' dir='ltr'>vioribus</span> <span class='ocrx_word' id='word_1_820' title='bbox 1118 2585 1207 2607; x_wconf 86' lang='lat' dir='ltr'>delictis</span> <span class='ocrx_word' id='word_1_821' title='bbox 1223 2584 1277 2607; x_wconf 74' lang='lat' dir='ltr'>ibid.</span> 
     </span>
    </p>

    <p class='ocr_par' dir='ltr' id='par_1_31' title="bbox 996 2624 1562 2763">
     <span class='ocr_line' id='line_1_134' title="bbox 1043 2624 1561 2651; baseline -0.004 -5"><span class='ocrx_word' id='word_1_822' title='bbox 1043 2624 1169 2647; x_wconf 69' lang='lat' dir='ltr'>Couconnm</span> <span class='ocrx_word' id='word_1_823' title='bbox 1187 2636 1218 2641; x_wconf 90' lang='lat'><strong>—</strong></span> <span class='ocrx_word' id='word_1_824' title='bbox 1240 2624 1376 2646; x_wconf 88' lang='lat' dir='ltr'>universalis</span> <span class='ocrx_word' id='word_1_825' title='bbox 1401 2626 1506 2651; x_wconf 80' lang='lat' dir='ltr'>reparata</span> <span class='ocrx_word' id='word_1_826' title='bbox 1527 2626 1561 2645; x_wconf 84' lang='lat' dir='ltr'>est</span> 
     </span>
     <span class='ocr_line' id='line_1_135' title="bbox 997 2663 1562 2691; baseline -0.002 -6"><span class='ocrx_word' id='word_1_827' title='bbox 997 2670 1038 2691; x_wconf 85' lang='lat' dir='ltr'>per</span> <span class='ocrx_word' id='word_1_828' title='bbox 1063 2663 1178 2685; x_wconf 89' lang='lat' dir='ltr'>Christum</span> <span class='ocrx_word' id='word_1_829' title='bbox 1201 2664 1231 2685; x_wconf 87' lang='grc'>29</span> <span class='ocrx_word' id='word_1_830' title='bbox 1255 2663 1269 2685; x_wconf 91' lang='lat' dir='ltr'>b</span> <span class='ocrx_word' id='word_1_831' title='bbox 1291 2675 1322 2679; x_wconf 89' lang='lat'>—</span> <span class='ocrx_word' id='word_1_832' title='bbox 1348 2663 1486 2690; x_wconf 75' lang='lat' dir='ltr'>Angelorum</span> <span class='ocrx_word' id='word_1_833' title='bbox 1509 2668 1562 2684; x_wconf 86' lang='lat' dir='ltr'>con-</span> 
     </span>
     <span class='ocr_line' id='line_1_136' title="bbox 996 2701 1560 2724; baseline -0.002 0"><span class='ocrx_word' id='word_1_834' title='bbox 996 2702 1099 2724; x_wconf 82' lang='lat' dir='ltr'>cordiam</span> <span class='ocrx_word' id='word_1_835' title='bbox 1117 2702 1220 2724; x_wconf 85' lang='lat' dir='ltr'>studiose</span> <span class='ocrx_word' id='word_1_836' title='bbox 1238 2702 1320 2724; x_wconf 84' lang='lat' dir='ltr'>imitari</span> <span class='ocrx_word' id='word_1_837' title='bbox 1342 2701 1456 2724; x_wconf 87' lang='lat' dir='ltr'>debemus</span> <span class='ocrx_word' id='word_1_838' title='bbox 1473 2702 1519 2723; x_wconf 81' lang='grc'>628</span> <span class='ocrx_word' id='word_1_839' title='bbox 1538 2701 1560 2723; x_wconf 85' lang='grc'>11.</span> 
     </span>
     <span class='ocr_line' id='line_1_137' title="bbox 998 2742 1074 2763; baseline 0 0"><span class='ocrx_word' id='word_1_840' title='bbox 998 2742 1042 2763; x_wconf 85' lang='grc'>629</span> <span class='ocrx_word' id='word_1_841' title='bbox 1061 2747 1074 2763; x_wconf 88' lang='grc'>11</span> 
     </span>
    </p>

    <p class='ocr_par' dir='ltr' id='par_1_32' title="bbox 996 2779 1562 2847">
     <span class='ocr_line' id='line_1_138' title="bbox 1044 2779 1562 2808; baseline 0 -6"><span class='ocrx_word' id='word_1_842' title='bbox 1044 2779 1199 2802; x_wconf 76' lang='grc' dir='ltr'>Οο06001ΝΛο11</span> <span class='ocrx_word' id='word_1_843' title='bbox 1208 2792 1238 2796; x_wconf 96' lang='grc'>-</span> <span class='ocrx_word' id='word_1_844' title='bbox 1247 2780 1389 2802; x_wconf 85' lang='lat' dir='ltr'>concubinas</span> <span class='ocrx_word' id='word_1_845' title='bbox 1402 2780 1507 2802; x_wconf 90' lang='lat' dir='ltr'>reiiciunt</span> <span class='ocrx_word' id='word_1_846' title='bbox 1519 2786 1562 2808; x_wconf 90' lang='lat' dir='ltr'>pro</span> 
     </span>
     <span class='ocr_line' id='line_1_139' title="bbox 996 2819 1243 2847; baseline 0 -6"><span class='ocrx_word' id='word_1_847' title='bbox 996 2819 1151 2847; x_wconf 83' lang='grc'>11016110111105</span> <span class='ocrx_word' id='word_1_848' title='bbox 1168 2819 1213 2841; x_wconf 81' lang='grc'>364</span> <span class='ocrx_word' id='word_1_849' title='bbox 1231 2825 1243 2841; x_wconf 88' lang='lat' dir='ltr'>a</span> 
     </span>
    </p>

    <p class='ocr_par' dir='ltr' id='par_1_33' title="bbox 996 2858 1562 2997">
     <span class='ocr_line' id='line_1_140' title="bbox 1045 2858 1561 2881; baseline -0.002 -1"><span class='ocrx_word' id='word_1_850' title='bbox 1045 2858 1230 2881; x_wconf 58' lang='lat' dir='ltr'>Comensem-rix</span> <span class='ocrx_word' id='word_1_851' title='bbox 1248 2871 1279 2874; x_wconf 97' lang='lat'><strong>—</strong></span> <span class='ocrx_word' id='word_1_852' title='bbox 1296 2859 1370 2880; x_wconf 86' lang='lat' dir='ltr'>Homo</span> <span class='ocrx_word' id='word_1_853' title='bbox 1388 2864 1434 2880; x_wconf 89' lang='lat' dir='ltr'>non</span> <span class='ocrx_word' id='word_1_854' title='bbox 1451 2860 1485 2880; x_wconf 88' lang='lat' dir='ltr'>est</span> <span class='ocrx_word' id='word_1_855' title='bbox 1501 2864 1561 2880; x_wconf 86' lang='lat' dir='ltr'>crea·</span> 
     </span>
     <span class='ocr_line' id='line_1_141' title="bbox 997 2896 1561 2920; baseline 0 -1"><span class='ocrx_word' id='word_1_856' title='bbox 997 2900 1033 2920; x_wconf 85' lang='lat' dir='ltr'>tus</span> <span class='ocrx_word' id='word_1_857' title='bbox 1050 2904 1102 2920; x_wconf 88' lang='grc'>6001</span> <span class='ocrx_word' id='word_1_858' title='bbox 1121 2897 1244 2920; x_wconf 78' lang='lat' dir='ltr'>rebellione</span> <span class='ocrx_word' id='word_1_859' title='bbox 1261 2897 1283 2919; x_wconf 91' lang='lat' dir='ltr'>in</span> <span class='ocrx_word' id='word_1_860' title='bbox 1299 2903 1367 2919; x_wconf 88' lang='lat' dir='ltr'>carne</span> <span class='ocrx_word' id='word_1_861' title='bbox 1384 2897 1429 2918; x_wconf 84' lang='grc'>588</span> <span class='ocrx_word' id='word_1_862' title='bbox 1447 2896 1462 2919; x_wconf 92' lang='lat' dir='ltr'>b</span> <span class='ocrx_word' id='word_1_863' title='bbox 1478 2910 1506 2913; x_wconf 96' lang='lat'><strong>—</strong></span> <span class='ocrx_word' id='word_1_864' title='bbox 1526 2896 1561 2919; x_wconf 87' lang='lat' dir='ltr'>Ab</span> 
     </span>
     <span class='ocr_line' id='line_1_142' title="bbox 996 2936 1562 2964; baseline 0 -6"><span class='ocrx_word' id='word_1_865' title='bbox 996 2943 1022 2958; x_wconf 90' lang='lat' dir='ltr'>ea</span> <span class='ocrx_word' id='word_1_866' title='bbox 1040 2936 1085 2958; x_wconf 88' lang='lat' dir='ltr'>nati</span> <span class='ocrx_word' id='word_1_867' title='bbox 1102 2939 1156 2959; x_wconf 88' lang='lat' dir='ltr'>sunt</span> <span class='ocrx_word' id='word_1_868' title='bbox 1172 2936 1257 2964; x_wconf 88' lang='lat' dir='ltr'>putridi</span> <span class='ocrx_word' id='word_1_869' title='bbox 1274 2936 1321 2958; x_wconf 88' lang='grc'>715</span> <span class='ocrx_word' id='word_1_870' title='bbox 1339 2936 1354 2958; x_wconf 89' lang='lat' dir='ltr'>b</span> <span class='ocrx_word' id='word_1_871' title='bbox 1367 2949 1395 2952; x_wconf 83' lang='lat'>—-</span> <span class='ocrx_word' id='word_1_872' title='bbox 1407 2938 1503 2958; x_wconf 86' lang='lat' dir='ltr'>vocatur</span> <span class='ocrx_word' id='word_1_873' title='bbox 1516 2942 1562 2958; x_wconf 88' lang='lat' dir='ltr'>ma-</span> 
     </span>
     <span class='ocr_line' id='line_1_143' title="bbox 997 2974 1561 2997; baseline 0 0"><span class='ocrx_word' id='word_1_874' title='bbox 997 2978 1030 2997; x_wconf 89' lang='lat' dir='ltr'>ter</span> <span class='ocrx_word' id='word_1_875' title='bbox 1048 2976 1092 2997; x_wconf 88' lang='grc'>216</span> <span class='ocrx_word' id='word_1_876' title='bbox 1111 2975 1126 2997; x_wconf 91' lang='lat' dir='ltr'>b</span> <span class='ocrx_word' id='word_1_877' title='bbox 1137 2987 1168 2991; x_wconf 92' lang='lat'><strong>—</strong></span> <span class='ocrx_word' id='word_1_878' title='bbox 1181 2975 1233 2997; x_wconf 81' lang='lat' dir='ltr'>facit</span> <span class='ocrx_word' id='word_1_879' title='bbox 1250 2974 1357 2997; x_wconf 89' lang='lat' dir='ltr'>umbram</span> <span class='ocrx_word' id='word_1_880' title='bbox 1371 2975 1392 2997; x_wconf 93' lang='lat' dir='ltr'>in</span> <span class='ocrx_word' id='word_1_881' title='bbox 1405 2981 1474 2997; x_wconf 87' lang='lat' dir='ltr'>carne</span> <span class='ocrx_word' id='word_1_882' title='bbox 1489 2975 1533 2997; x_wconf 84' lang='grc'>283</span> <span class='ocrx_word' id='word_1_883' title='bbox 1546 2974 1561 2997; x_wconf 90' lang='lat' dir='ltr'>b</span> 
     </span>
    </p>
   </div>
   <div class='ocr_carea' id='block_1_8' title="bbox 1567 264 1581 2990">
    <p class='ocr_par' dir='ltr' id='par_1_34' title="bbox 1567 264 1581 2990">
     <span class='ocr_line' id='line_1_144' title="bbox 1567 264 1581 2990; baseline 0 0"><span class='ocrx_word' id='word_1_884' title='bbox 1567 264 1581 2990; x_wconf 95' lang='lat' dir='ltr'> </span> 
     </span>
    </p>
   </div>
   <div class='ocr_carea' id='block_1_9' title="bbox 938 187 2103 219">
    <p class='ocr_par' dir='ltr' id='par_1_35' title="bbox 938 187 2103 219">
     <span class='ocr_line' id='line_1_145' title="bbox 938 187 2103 219; baseline -0.003 -1"><span class='ocrx_word' id='word_1_885' title='bbox 938 190 1036 219; x_wconf 83' lang='lat' dir='ltr'>lNDEX</span> <span class='ocrx_word' id='word_1_886' title='bbox 1059 190 1298 218; x_wconf 72' lang='lat' dir='ltr'>ALPHABETICUS</span> <span class='ocrx_word' id='word_1_887' title='bbox 1319 188 1397 217; x_wconf 87' lang='lat' dir='ltr'>NONl</span> <span class='ocrx_word' id='word_1_888' title='bbox 1419 187 1605 215; x_wconf 81' lang='lat' dir='ltr'>VOLUMlNlS,</span> <span class='ocrx_word' id='word_1_889' title='bbox 2094 204 2103 215; x_wconf 75' lang='grc'><em>.</em></span> 
     </span>
    </p>
   </div>
   <div class='ocr_carea' id='block_1_10' title="bbox 1585 229 2156 1428">
    <p class='ocr_par' dir='ltr' id='par_1_36' title="bbox 1843 229 1898 253">
     <span class='ocr_line' id='line_1_146' title="bbox 1843 229 1898 253; baseline 0.018 -1"><span class='ocrx_word' id='word_1_890' title='bbox 1843 229 1898 253; x_wconf 93' lang='lat' dir='ltr'>CON</span> 
     </span>
    </p>

    <p class='ocr_par' dir='ltr' id='par_1_37' title="bbox 1585 268 2152 498">
     <span class='ocr_line' id='line_1_147' title="bbox 1585 268 2150 294; baseline 0.009 -6"><span class='ocrx_word' id='word_1_891' title='bbox 1585 278 1616 282; x_wconf 89' lang='lat'><strong>—</strong></span> <span class='ocrx_word' id='word_1_892' title='bbox 1633 268 1730 290; x_wconf 87' lang='lat' dir='ltr'>carnalis</span> <span class='ocrx_word' id='word_1_893' title='bbox 1747 269 1841 291; x_wconf 87' lang='lat' dir='ltr'>omnino</span> <span class='ocrx_word' id='word_1_894' title='bbox 1864 270 1961 293; x_wconf 79' lang='lat' dir='ltr'>devorat</span> <span class='ocrx_word' id='word_1_895' title='bbox 1983 272 2031 294; x_wconf 87' lang='grc'>51116</span> <span class='ocrx_word' id='word_1_896' title='bbox 2048 270 2150 292; x_wconf 85' lang='lat' dir='ltr'>satietate</span> 
     </span>
     <span class='ocr_line' id='line_1_148' title="bbox 1586 306 2150 334; baseline 0.012 -7"><span class='ocrx_word' id='word_1_897' title='bbox 1586 306 1630 328; x_wconf 83' lang='grc'>343</span> <span class='ocrx_word' id='word_1_898' title='bbox 1657 313 1669 328; x_wconf 88' lang='grc'>11</span> <span class='ocrx_word' id='word_1_899' title='bbox 1693 320 1721 323; x_wconf 83' lang='grc'><strong>-</strong></span> <span class='ocrx_word' id='word_1_900' title='bbox 1747 309 1821 330; x_wconf 83' lang='lat' dir='ltr'>aufert.</span> <span class='ocrx_word' id='word_1_901' title='bbox 1845 315 1915 331; x_wconf 86' lang='lat' dir='ltr'>omne</span> <span class='ocrx_word' id='word_1_902' title='bbox 1939 309 2025 333; x_wconf 87' lang='lat' dir='ltr'>bonum</span> <span class='ocrx_word' id='word_1_903' title='bbox 2049 311 2101 334; x_wconf 76' lang='lat' dir='ltr'>ibid.</span> <span class='ocrx_word' id='word_1_904' title='bbox 2121 324 2150 327; x_wconf 86' lang='lat'>—</span> 
     </span>
     <span class='ocr_line' id='line_1_149' title="bbox 1586 346 2151 378; baseline 0.011 -11"><span class='ocrx_word' id='word_1_905' title='bbox 1586 346 1683 368; x_wconf 84' lang='lat' dir='ltr'>carnalis</span> <span class='ocrx_word' id='word_1_906' title='bbox 1700 353 1742 374; x_wconf 90' lang='lat' dir='ltr'>per</span> <span class='ocrx_word' id='word_1_907' title='bbox 1755 348 1851 370; x_wconf 77' lang='lat' dir='ltr'>nuvium</span> <span class='ocrx_word' id='word_1_908' title='bbox 1864 349 2004 372; x_wconf 87' lang='lat' dir='ltr'>defluentem</span> <span class='ocrx_word' id='word_1_909' title='bbox 2017 350 2151 378; x_wconf 83' lang='lat' dir='ltr'>designatur</span> 
     </span>
     <span class='ocr_line' id='line_1_150' title="bbox 1590 385 2152 415; baseline 0.011 -9"><span class='ocrx_word' id='word_1_910' title='bbox 1590 386 1627 406; x_wconf 84' lang='grc'>131</span> <span class='ocrx_word' id='word_1_911' title='bbox 1650 385 1665 407; x_wconf 83' lang='lat' dir='ltr'>h</span> <span class='ocrx_word' id='word_1_912' title='bbox 1690 398 1721 402; x_wconf 97' lang='lat'><strong>—</strong></span> <span class='ocrx_word' id='word_1_913' title='bbox 1742 387 1815 409; x_wconf 82' lang='lat' dir='ltr'>Motus</span> <span class='ocrx_word' id='word_1_914' title='bbox 1837 388 2058 415; x_wconf 81' lang='lat' dir='ltr'>concupiscentiales</span> <span class='ocrx_word' id='word_1_915' title='bbox 2081 390 2152 412; x_wconf 80' lang='lat' dir='ltr'>homi-</span> 
     </span>
     <span class='ocr_line' id='line_1_151' title="bbox 1587 425 2152 451; baseline 0.009 -5"><span class='ocrx_word' id='word_1_916' title='bbox 1587 430 1638 446; x_wconf 90' lang='lat' dir='ltr'>nem</span> <span class='ocrx_word' id='word_1_917' title='bbox 1657 425 1757 447; x_wconf 80' lang='lat' dir='ltr'>recldunt</span> <span class='ocrx_word' id='word_1_918' title='bbox 1774 426 1832 448; x_wconf 85' lang='lat' dir='ltr'>sicut</span> <span class='ocrx_word' id='word_1_919' title='bbox 1849 427 1957 449; x_wconf 87' lang='lat' dir='ltr'>feminam</span> <span class='ocrx_word' id='word_1_920' title='bbox 1976 428 2020 450; x_wconf 84' lang='grc'>637</span> <span class='ocrx_word' id='word_1_921' title='bbox 2033 434 2045 450; x_wconf 87' lang='lat' dir='ltr'>a</span> <span class='ocrx_word' id='word_1_922' title='bbox 2058 440 2088 444; x_wconf 95' lang='lat'>-—</span> <span class='ocrx_word' id='word_1_923' title='bbox 2100 434 2152 451; x_wconf 88' lang='lat' dir='ltr'>ocu-</span> 
     </span>
     <span class='ocr_line' id='line_1_152' title="bbox 1586 463 2078 498; baseline 0.008 -13"><span class='ocrx_word' id='word_1_924' title='bbox 1586 463 1660 485; x_wconf 89' lang='lat' dir='ltr'>lorum</span> <span class='ocrx_word' id='word_1_925' title='bbox 1679 464 1730 486; x_wconf 87' lang='lat' dir='ltr'>facit</span> <span class='ocrx_word' id='word_1_926' title='bbox 1746 465 1844 498; x_wconf 86' lang='lat' dir='ltr'>cupidos</span> <span class='ocrx_word' id='word_1_927' title='bbox 1861 468 1883 487; x_wconf 90' lang='lat' dir='ltr'>et</span> <span class='ocrx_word' id='word_1_928' title='bbox 1899 472 1983 488; x_wconf 79' lang='lat' dir='ltr'>avaros</span> <span class='ocrx_word' id='word_1_929' title='bbox 2000 467 2044 488; x_wconf 86' lang='grc'>238</span> <span class='ocrx_word' id='word_1_930' title='bbox 2064 467 2078 489; x_wconf 85' lang='grc'>1)</span> 
     </span>
    </p>

    <p class='ocr_par' dir='ltr' id='par_1_38' title="bbox 1587 503 2153 802">
     <span class='ocr_line' id='line_1_153' title="bbox 1633 503 2152 532; baseline 0.008 -7"><span class='ocrx_word' id='word_1_931' title='bbox 1633 515 1664 519; x_wconf 84' lang='grc'>-·</span> <span class='ocrx_word' id='word_1_932' title='bbox 1680 503 1885 532; x_wconf 83' lang='lat' dir='ltr'>Concupiscentiae</span> <span class='ocrx_word' id='word_1_933' title='bbox 1903 506 1997 528; x_wconf 85' lang='lat' dir='ltr'>affectus</span> <span class='ocrx_word' id='word_1_934' title='bbox 2008 506 2093 529; x_wconf 81' lang='lat' dir='ltr'>vitetur</span> <span class='ocrx_word' id='word_1_935' title='bbox 2106 507 2152 529; x_wconf 88' lang='grc'>725</span> 
     </span>
     <span class='ocr_line' id='line_1_154' title="bbox 1588 541 2153 573; baseline 0.009 -10"><span class='ocrx_word' id='word_1_936' title='bbox 1588 541 1602 563; x_wconf 91' lang='grc'>11</span> <span class='ocrx_word' id='word_1_937' title='bbox 1619 554 1649 558; x_wconf 92' lang='grc'>-</span> <span class='ocrx_word' id='word_1_938' title='bbox 1667 543 1714 564; x_wconf 82' lang='lat' dir='ltr'>Non</span> <span class='ocrx_word' id='word_1_939' title='bbox 1732 543 1783 565; x_wconf 77' lang='lat' dir='ltr'>licet</span> <span class='ocrx_word' id='word_1_940' title='bbox 1801 543 1883 566; x_wconf 89' lang='lat' dir='ltr'>intueri</span> <span class='ocrx_word' id='word_1_941' title='bbox 1901 545 1964 573; x_wconf 85' lang='lat' dir='ltr'>quod</span> <span class='ocrx_word' id='word_1_942' title='bbox 1977 552 2023 567; x_wconf 92' lang='lat' dir='ltr'>non</span> <span class='ocrx_word' id='word_1_943' title='bbox 2039 545 2089 568; x_wconf 84' lang='lat' dir='ltr'>licet</span> <span class='ocrx_word' id='word_1_944' title='bbox 2101 552 2153 568; x_wconf 88' lang='lat' dir='ltr'>con-</span> 
     </span>
     <span class='ocr_line' id='line_1_155' title="bbox 1587 581 2153 612; baseline 0.011 -10"><span class='ocrx_word' id='word_1_945' title='bbox 1587 581 1675 608; x_wconf 87' lang='lat' dir='ltr'>cupisci</span> <span class='ocrx_word' id='word_1_946' title='bbox 1693 581 1733 603; x_wconf 82' lang='grc'>571</span> <span class='ocrx_word' id='word_1_947' title='bbox 1756 588 1767 603; x_wconf 89' lang='lat' dir='ltr'>a</span> <span class='ocrx_word' id='word_1_948' title='bbox 1785 595 1815 598; x_wconf 96' lang='lat'>—-</span> <span class='ocrx_word' id='word_1_949' title='bbox 1833 583 1876 611; x_wconf 86' lang='lat' dir='ltr'>Qui</span> <span class='ocrx_word' id='word_1_950' title='bbox 1894 584 2104 612; x_wconf 78' lang='lat' dir='ltr'>concupiscentiam</span> <span class='ocrx_word' id='word_1_951' title='bbox 2118 591 2153 608; x_wconf 86' lang='lat' dir='ltr'>ca-</span> 
     </span>
     <span class='ocr_line' id='line_1_156' title="bbox 1587 620 2152 652; baseline 0.009 -10"><span class='ocrx_word' id='word_1_952' title='bbox 1587 620 1655 647; x_wconf 76' lang='lat' dir='ltr'>stigat</span> <span class='ocrx_word' id='word_1_953' title='bbox 1672 621 1762 648; x_wconf 82' lang='lat' dir='ltr'>culpam</span> <span class='ocrx_word' id='word_1_954' title='bbox 1781 622 1881 649; x_wconf 82' lang='lat' dir='ltr'>devitat,</span> <span class='ocrx_word' id='word_1_955' title='bbox 1898 629 1924 645; x_wconf 84' lang='lat' dir='ltr'>ex</span> <span class='ocrx_word' id='word_1_956' title='bbox 1942 629 1986 652; x_wconf 79' lang='lat' dir='ltr'>qua</span> <span class='ocrx_word' id='word_1_957' title='bbox 2004 624 2081 646; x_wconf 87' lang='lat' dir='ltr'>omnia</span> <span class='ocrx_word' id='word_1_958' title='bbox 2094 625 2152 647; x_wconf 90' lang='lat' dir='ltr'>mala</span> 
     </span>
     <span class='ocr_line' id='line_1_157' title="bbox 1587 660 2153 692; baseline 0.009 -11"><span class='ocrx_word' id='word_1_959' title='bbox 1587 660 1693 682; x_wconf 90' lang='lat' dir='ltr'>oriuntur</span> <span class='ocrx_word' id='word_1_960' title='bbox 1710 660 1739 682; x_wconf 87' lang='grc'>76</span> <span class='ocrx_word' id='word_1_961' title='bbox 1757 667 1768 682; x_wconf 87' lang='lat' dir='ltr'>a</span> <span class='ocrx_word' id='word_1_962' title='bbox 1782 674 1813 676; x_wconf 97' lang='lat'><strong>—</strong></span> <span class='ocrx_word' id='word_1_963' title='bbox 1825 662 1852 683; x_wconf 86' lang='lat' dir='ltr'>lis</span> <span class='ocrx_word' id='word_1_964' title='bbox 1869 662 1924 684; x_wconf 85' lang='lat' dir='ltr'>solis</span> <span class='ocrx_word' id='word_1_965' title='bbox 1941 662 2008 684; x_wconf 80' lang='lat' dir='ltr'>(latur</span> <span class='ocrx_word' id='word_1_966' title='bbox 2020 663 2100 692; x_wconf 77' lang='lat' dir='ltr'>gratia,</span> <span class='ocrx_word' id='word_1_967' title='bbox 2112 664 2153 692; x_wconf 88' lang='lat' dir='ltr'>qui</span> 
     </span>
     <span class='ocr_line' id='line_1_158' title="bbox 1587 699 2153 730; baseline 0.009 -10"><span class='ocrx_word' id='word_1_968' title='bbox 1587 699 1730 727; x_wconf 82' lang='lat' dir='ltr'>restringunt</span> <span class='ocrx_word' id='word_1_969' title='bbox 1755 706 1807 722; x_wconf 89' lang='lat' dir='ltr'>eam</span> <span class='ocrx_word' id='word_1_970' title='bbox 1833 701 1872 722; x_wconf 78' lang='lat'>681</span> <span class='ocrx_word' id='word_1_971' title='bbox 1896 707 1907 723; x_wconf 89' lang='lat' dir='ltr'>a</span> <span class='ocrx_word' id='word_1_972' title='bbox 1925 714 1955 717; x_wconf 97' lang='lat'><strong>—</strong></span> <span class='ocrx_word' id='word_1_973' title='bbox 1973 702 2091 729; x_wconf 72' lang='lat' dir='ltr'>expellitur</span> <span class='ocrx_word' id='word_1_974' title='bbox 2116 709 2153 730; x_wconf 86' lang='lat' dir='ltr'>ap-</span> 
     </span>
     <span class='ocr_line' id='line_1_159' title="bbox 1589 738 2152 769; baseline 0.009 -10"><span class='ocrx_word' id='word_1_975' title='bbox 1589 738 1658 765; x_wconf 89' lang='lat' dir='ltr'>petitu</span> <span class='ocrx_word' id='word_1_976' title='bbox 1682 738 1792 766; x_wconf 87' lang='lat' dir='ltr'>spirituali</span> <span class='ocrx_word' id='word_1_977' title='bbox 1811 739 1839 761; x_wconf 79' lang='lat'>98</span> <span class='ocrx_word' id='word_1_978' title='bbox 1858 746 1869 761; x_wconf 91' lang='lat' dir='ltr'>a</span> <span class='ocrx_word' id='word_1_979' title='bbox 1889 752 1918 756; x_wconf 97' lang='lat'><strong>—</strong></span> <span class='ocrx_word' id='word_1_980' title='bbox 1934 741 2088 768; x_wconf 81' lang='lat' dir='ltr'>exstinguitur</span> <span class='ocrx_word' id='word_1_981' title='bbox 2112 748 2152 769; x_wconf 86' lang='lat' dir='ltr'>per</span> 
     </span>
     <span class='ocr_line' id='line_1_160' title="bbox 1587 777 1973 802; baseline 0.01 -4"><span class='ocrx_word' id='word_1_982' title='bbox 1587 777 1734 800; x_wconf 73' lang='lat' dir='ltr'>evitationem</span> <span class='ocrx_word' id='word_1_983' title='bbox 1752 779 1880 801; x_wconf 85' lang='lat' dir='ltr'>occasionis</span> <span class='ocrx_word' id='word_1_984' title='bbox 1897 779 1940 801; x_wconf 80' lang='lat'>343</span> <span class='ocrx_word' id='word_1_985' title='bbox 1958 779 1973 802; x_wconf 93' lang='lat' dir='ltr'>b</span> 
     </span>
    </p>

    <p class='ocr_par' dir='ltr' id='par_1_39' title="bbox 1588 817 2153 919">
     <span class='ocr_line' id='line_1_161' title="bbox 1635 817 2152 848; baseline 0.008 -10"><span class='ocrx_word' id='word_1_986' title='bbox 1635 829 1666 833; x_wconf 89' lang='lat'>—</span> <span class='ocrx_word' id='word_1_987' title='bbox 1695 817 1774 839; x_wconf 78' lang='lat' dir='ltr'>transit</span> <span class='ocrx_word' id='word_1_988' title='bbox 1799 818 1820 840; x_wconf 96' lang='lat' dir='ltr'>in</span> <span class='ocrx_word' id='word_1_989' title='bbox 1847 818 1962 846; x_wconf 87' lang='lat' dir='ltr'>baptizato</span> <span class='ocrx_word' id='word_1_990' title='bbox 1985 822 2098 848; x_wconf 85' lang='lat' dir='ltr'>quantum</span> <span class='ocrx_word' id='word_1_991' title='bbox 2123 820 2152 842; x_wconf 88' lang='lat' dir='ltr'>ad</span> 
     </span>
     <span class='ocr_line' id='line_1_162' title="bbox 1588 858 2153 887; baseline 0.007 -10"><span class='ocrx_word' id='word_1_992' title='bbox 1588 858 1677 878; x_wconf 90' lang='lat' dir='ltr'>reatum</span> <span class='ocrx_word' id='word_1_993' title='bbox 1696 863 1795 884; x_wconf 88' lang='lat' dir='ltr'>poenae,</span> <span class='ocrx_word' id='word_1_994' title='bbox 1813 863 1917 880; x_wconf 82' lang='lat' dir='ltr'>remanet</span> <span class='ocrx_word' id='word_1_995' title='bbox 1942 861 2019 881; x_wconf 86' lang='lat' dir='ltr'>tamen</span> <span class='ocrx_word' id='word_1_996' title='bbox 2041 862 2153 887; x_wconf 83' lang='lat' dir='ltr'>quantum</span> 
     </span>
     <span class='ocr_line' id='line_1_163' title="bbox 1589 895 1847 919; baseline 0.008 -2"><span class='ocrx_word' id='word_1_997' title='bbox 1589 895 1617 917; x_wconf 89' lang='lat' dir='ltr'>ad</span> <span class='ocrx_word' id='word_1_998' title='bbox 1635 896 1768 918; x_wconf 82' lang='lat' dir='ltr'>exercitium</span> <span class='ocrx_word' id='word_1_999' title='bbox 1788 896 1816 918; x_wconf 86' lang='grc'>46</span> <span class='ocrx_word' id='word_1_1000' title='bbox 1834 903 1847 919; x_wconf 88' lang='lat' dir='ltr'>a</span> 
     </span>
    </p>

    <p class='ocr_par' dir='ltr' id='par_1_40' title="bbox 1588 936 2155 1198">
     <span class='ocr_line' id='line_1_164' title="bbox 1635 936 2154 963; baseline 0.004 -6"><span class='ocrx_word' id='word_1_1001' title='bbox 1635 947 1666 951; x_wconf 90' lang='lat'><strong>—</strong></span> <span class='ocrx_word' id='word_1_1002' title='bbox 1684 936 1713 958; x_wconf 87' lang='lat' dir='ltr'>Ex</span> <span class='ocrx_word' id='word_1_1003' title='bbox 1730 936 1915 963; x_wconf 85' lang='lat' dir='ltr'>concupiscentia</span> <span class='ocrx_word' id='word_1_1004' title='bbox 1934 936 2091 959; x_wconf 86' lang='lat' dir='ltr'>inflammatur</span> <span class='ocrx_word' id='word_1_1005' title='bbox 2109 938 2154 960; x_wconf 85' lang='lat' dir='ltr'>ani-</span> 
     </span>
     <span class='ocr_line' id='line_1_165' title="bbox 1589 975 2155 1001; baseline 0.005 -5"><span class='ocrx_word' id='word_1_1006' title='bbox 1589 980 1641 996; x_wconf 89' lang='lat' dir='ltr'>mus</span> <span class='ocrx_word' id='word_1_1007' title='bbox 1659 975 1770 1001; x_wconf 84' lang='lat' dir='ltr'>hominis,</span> <span class='ocrx_word' id='word_1_1008' title='bbox 1788 976 1834 997; x_wconf 84' lang='lat' dir='ltr'>acsi</span> <span class='ocrx_word' id='word_1_1009' title='bbox 1852 978 1911 998; x_wconf 87' lang='lat' dir='ltr'>esset</span> <span class='ocrx_word' id='word_1_1010' title='bbox 1928 978 1988 998; x_wconf 90' lang='lat' dir='ltr'>totus</span> <span class='ocrx_word' id='word_1_1011' title='bbox 2014 977 2036 998; x_wconf 92' lang='lat' dir='ltr'>in</span> <span class='ocrx_word' id='word_1_1012' title='bbox 2064 978 2155 999; x_wconf 82' lang='lat' dir='ltr'>fornace</span> 
     </span>
     <span class='ocr_line' id='line_1_166' title="bbox 1589 1013 2154 1043; baseline 0.005 -8"><span class='ocrx_word' id='word_1_1013' title='bbox 1589 1014 1633 1035; x_wconf 79' lang='lat'>578</span> <span class='ocrx_word' id='word_1_1014' title='bbox 1653 1013 1667 1035; x_wconf 90' lang='lat' dir='ltr'>b</span> <span class='ocrx_word' id='word_1_1015' title='bbox 1684 1026 1713 1030; x_wconf 91' lang='lat'>—-</span> <span class='ocrx_word' id='word_1_1016' title='bbox 1732 1015 1813 1042; x_wconf 71' lang='lat' dir='ltr'>Homoy</span> <span class='ocrx_word' id='word_1_1017' title='bbox 1830 1015 1848 1036; x_wconf 91' lang='lat' dir='ltr'>si</span> <span class='ocrx_word' id='word_1_1018' title='bbox 1869 1015 1952 1042; x_wconf 87' lang='lat' dir='ltr'>accipit</span> <span class='ocrx_word' id='word_1_1019' title='bbox 1976 1015 2073 1043; x_wconf 78' lang='lat' dir='ltr'>gratiam</span> <span class='ocrx_word' id='word_1_1020' title='bbox 2091 1018 2112 1038; x_wconf 86' lang='grc'>61</span> <span class='ocrx_word' id='word_1_1021' title='bbox 2130 1022 2154 1038; x_wconf 84' lang='lat' dir='ltr'>se</span> 
     </span>
     <span class='ocr_line' id='line_1_167' title="bbox 1590 1053 2153 1082; baseline 0.005 -8"><span class='ocrx_word' id='word_1_1022' title='bbox 1590 1053 1701 1079; x_wconf 85' lang='lat' dir='ltr'>humiliat,</span> <span class='ocrx_word' id='word_1_1023' title='bbox 1721 1059 1767 1075; x_wconf 87' lang='lat' dir='ltr'>non</span> <span class='ocrx_word' id='word_1_1024' title='bbox 1784 1053 1866 1076; x_wconf 83' lang='lat' dir='ltr'>sentiet</span> <span class='ocrx_word' id='word_1_1025' title='bbox 1883 1054 1958 1076; x_wconf 88' lang='lat' dir='ltr'>carnis</span> <span class='ocrx_word' id='word_1_1026' title='bbox 1976 1055 2099 1082; x_wconf 80' lang='lat' dir='ltr'>pruritum,</span> <span class='ocrx_word' id='word_1_1027' title='bbox 2117 1055 2153 1077; x_wconf 87' lang='lat' dir='ltr'>vel</span> 
     </span>
     <span class='ocr_line' id='line_1_168' title="bbox 1589 1092 2155 1120; baseline 0.005 -7"><span class='ocrx_word' id='word_1_1028' title='bbox 1589 1092 1606 1113; x_wconf 90' lang='lat' dir='ltr'>si</span> <span class='ocrx_word' id='word_1_1029' title='bbox 1624 1092 1703 1118; x_wconf 83' lang='lat' dir='ltr'>sentit,</span> <span class='ocrx_word' id='word_1_1030' title='bbox 1720 1092 1772 1120; x_wconf 85' lang='lat' dir='ltr'>ipso</span> <span class='ocrx_word' id='word_1_1031' title='bbox 1791 1099 1834 1115; x_wconf 91' lang='lat' dir='ltr'>non</span> <span class='ocrx_word' id='word_1_1032' title='bbox 1852 1093 1949 1115; x_wconf 85' lang='lat' dir='ltr'>laeditur</span> <span class='ocrx_word' id='word_1_1033' title='bbox 1966 1092 2021 1116; x_wconf 73' lang='lat' dir='ltr'>ibid.</span> <span class='ocrx_word' id='word_1_1034' title='bbox 2040 1106 2070 1110; x_wconf 89' lang='lat'><em>-</em></span> <span class='ocrx_word' id='word_1_1035' title='bbox 2090 1093 2155 1116; x_wconf 87' lang='lat' dir='ltr'>Chri—</span> 
     </span>
     <span class='ocr_line' id='line_1_169' title="bbox 1588 1132 2154 1159; baseline 0.004 -6"><span class='ocrx_word' id='word_1_1036' title='bbox 1588 1134 1637 1153; x_wconf 85' lang='lat' dir='ltr'>stus</span> <span class='ocrx_word' id='word_1_1037' title='bbox 1661 1135 1695 1153; x_wconf 91' lang='lat' dir='ltr'>est</span> <span class='ocrx_word' id='word_1_1038' title='bbox 1719 1137 1757 1153; x_wconf 87' lang='lat' dir='ltr'>ros</span> <span class='ocrx_word' id='word_1_1039' title='bbox 1782 1132 1921 1159; x_wconf 75' lang='lat' dir='ltr'>refrigerans</span> <span class='ocrx_word' id='word_1_1040' title='bbox 1946 1133 2050 1154; x_wconf 83' lang='lat' dir='ltr'>animum</span> <span class='ocrx_word' id='word_1_1041' title='bbox 2076 1136 2154 1155; x_wconf 89' lang='lat' dir='ltr'>eontra</span> 
     </span>
     <span class='ocr_line' id='line_1_170' title="bbox 1589 1171 1998 1198; baseline 0.002 -6"><span class='ocrx_word' id='word_1_1042' title='bbox 1589 1171 1789 1198; x_wconf 84' lang='lat' dir='ltr'>concupiscentiae</span> <span class='ocrx_word' id='word_1_1043' title='bbox 1806 1175 1894 1194; x_wconf 81' lang='lat' dir='ltr'>aestum</span> <span class='ocrx_word' id='word_1_1044' title='bbox 1915 1172 1958 1193; x_wconf 59' lang='grc'>1127</span> <span class='ocrx_word' id='word_1_1045' title='bbox 1976 1178 1998 1194; x_wconf 70' lang='grc' dir='ltr'>«τ</span> 
     </span>
    </p>

    <p class='ocr_par' dir='ltr' id='par_1_41' title="bbox 1589 1210 2156 1428">
     <span class='ocr_line' id='line_1_171' title="bbox 1636 1210 2156 1239; baseline 0.004 -7"><span class='ocrx_word' id='word_1_1046' title='bbox 1636 1210 1817 1233; x_wconf 69' lang='grc'>(1006011501111115</span> <span class='ocrx_word' id='word_1_1047' title='bbox 1833 1223 1864 1227; x_wconf 91' lang='lat'><em>-</em></span> <span class='ocrx_word' id='word_1_1048' title='bbox 1882 1214 1988 1233; x_wconf 74' lang='lat' dir='ltr'>movetur</span> <span class='ocrx_word' id='word_1_1049' title='bbox 2005 1212 2156 1239; x_wconf 83' lang='grc'>116111100115-</span> 
     </span>
     <span class='ocr_line' id='line_1_172' title="bbox 1589 1249 2155 1273; baseline 0.005 -3"><span class='ocrx_word' id='word_1_1050' title='bbox 1589 1256 1640 1271; x_wconf 90' lang='lat' dir='ltr'>sum</span> <span class='ocrx_word' id='word_1_1051' title='bbox 1659 1249 1704 1271; x_wconf 76' lang='lat'>535</span> <span class='ocrx_word' id='word_1_1052' title='bbox 1723 1249 1736 1271; x_wconf 91' lang='lat' dir='ltr'>b</span> <span class='ocrx_word' id='word_1_1053' title='bbox 1754 1262 1783 1265; x_wconf 82' lang='lat'>—-</span> <span class='ocrx_word' id='word_1_1054' title='bbox 1800 1250 1896 1272; x_wconf 87' lang='lat' dir='ltr'>allicitur</span> <span class='ocrx_word' id='word_1_1055' title='bbox 1914 1250 2025 1273; x_wconf 86' lang='lat' dir='ltr'>beneficio</span> <span class='ocrx_word' id='word_1_1056' title='bbox 2043 1250 2088 1273; x_wconf 79' lang='lat'>385</span> <span class='ocrx_word' id='word_1_1057' title='bbox 2100 1257 2113 1273; x_wconf 85' lang='lat' dir='ltr'>a</span> <span class='ocrx_word' id='word_1_1058' title='bbox 2125 1264 2155 1267; x_wconf 94' lang='lat'><strong>—</strong></span> 
     </span>
     <span class='ocr_line' id='line_1_173' title="bbox 1590 1288 2154 1317; baseline 0.004 -7"><span class='ocrx_word' id='word_1_1059' title='bbox 1590 1288 1726 1311; x_wconf 83' lang='lat' dir='ltr'>rectiticatur</span> <span class='ocrx_word' id='word_1_1060' title='bbox 1743 1295 1785 1316; x_wconf 85' lang='lat' dir='ltr'>per</span> <span class='ocrx_word' id='word_1_1061' title='bbox 1802 1291 1919 1311; x_wconf 84' lang='lat' dir='ltr'>caritatem</span> <span class='ocrx_word' id='word_1_1062' title='bbox 1937 1296 2062 1317; x_wconf 86' lang='lat' dir='ltr'>supernam</span> <span class='ocrx_word' id='word_1_1063' title='bbox 2081 1289 2125 1312; x_wconf 84' lang='lat'>374</span> <span class='ocrx_word' id='word_1_1064' title='bbox 2142 1296 2154 1312; x_wconf 84' lang='lat' dir='ltr'>a</span> 
     </span>
     <span class='ocr_line' id='line_1_174' title="bbox 1589 1328 2156 1356; baseline 0.005 -8"><span class='ocrx_word' id='word_1_1065' title='bbox 1589 1340 1620 1344; x_wconf 89' lang='lat'>—</span> <span class='ocrx_word' id='word_1_1066' title='bbox 1637 1328 1733 1350; x_wconf 79' lang='lat' dir='ltr'>allicitur</span> <span class='ocrx_word' id='word_1_1067' title='bbox 1756 1328 1784 1350; x_wconf 85' lang='lat' dir='ltr'>ad</span> <span class='ocrx_word' id='word_1_1068' title='bbox 1808 1328 1954 1351; x_wconf 85' lang='lat' dir='ltr'>dilectionem</span> <span class='ocrx_word' id='word_1_1069' title='bbox 1980 1328 2034 1351; x_wconf 90' lang='lat' dir='ltr'>boni</span> <span class='ocrx_word' id='word_1_1070' title='bbox 2052 1335 2093 1356; x_wconf 84' lang='lat' dir='ltr'>per</span> <span class='ocrx_word' id='word_1_1071' title='bbox 2111 1335 2156 1351; x_wconf 83' lang='lat' dir='ltr'>ma-</span> 
     </span>
     <span class='ocr_line' id='line_1_175' title="bbox 1590 1367 2156 1396; baseline 0.004 -8"><span class='ocrx_word' id='word_1_1072' title='bbox 1590 1367 1746 1394; x_wconf 80' lang='lat' dir='ltr'>gnificentiam</span> <span class='ocrx_word' id='word_1_1073' title='bbox 1764 1367 1819 1389; x_wconf 89' lang='lat' dir='ltr'>caeli</span> <span class='ocrx_word' id='word_1_1074' title='bbox 1838 1367 1882 1389; x_wconf 88' lang='grc'>407</span> <span class='ocrx_word' id='word_1_1075' title='bbox 1900 1374 1912 1389; x_wconf 88' lang='grc'>11</span> <span class='ocrx_word' id='word_1_1076' title='bbox 1925 1380 1956 1384; x_wconf 86' lang='grc'><strong>-</strong></span> <span class='ocrx_word' id='word_1_1077' title='bbox 1968 1367 2037 1390; x_wconf 85' lang='lat' dir='ltr'>debet</span> <span class='ocrx_word' id='word_1_1078' title='bbox 2049 1369 2156 1396; x_wconf 83' lang='lat' dir='ltr'>refugere</span> 
     </span>
     <span class='ocr_line' id='line_1_176' title="bbox 1592 1406 1766 1428; baseline -0.006 0"><span class='ocrx_word' id='word_1_1079' title='bbox 1592 1406 1673 1428; x_wconf 73' lang='lat' dir='ltr'>suavia</span> <span class='ocrx_word' id='word_1_1080' title='bbox 1693 1407 1736 1427; x_wconf 82' lang='grc'>160</span> <span class='ocrx_word' id='word_1_1081' title='bbox 1755 1412 1766 1428; x_wconf 90' lang='lat' dir='ltr'>a</span> 
     </span>
    </p>
   </div>
   <div class='ocr_carea' id='block_1_11' title="bbox 1591 1445 2157 1548">
    <p class='ocr_par' dir='ltr' id='par_1_42' title="bbox 1591 1445 2157 1548">
     <span class='ocr_line' id='line_1_177' title="bbox 1637 1445 2156 1469; baseline 0.004 -2"><span class='ocrx_word' id='word_1_1082' title='bbox 1637 1445 1797 1468; x_wconf 62' lang='lat' dir='ltr'>Couressxntus</span> <span class='ocrx_word' id='word_1_1083' title='bbox 1813 1459 1842 1461; x_wconf 97' lang='lat'><strong>—</strong></span> <span class='ocrx_word' id='word_1_1084' title='bbox 1862 1449 1922 1468; x_wconf 89' lang='lat' dir='ltr'>tcnet</span> <span class='ocrx_word' id='word_1_1085' title='bbox 1938 1446 2014 1468; x_wconf 90' lang='lat' dir='ltr'>locum</span> <span class='ocrx_word' id='word_1_1086' title='bbox 2028 1446 2068 1468; x_wconf 83' lang='lat' dir='ltr'>Dei</span> <span class='ocrx_word' id='word_1_1087' title='bbox 2086 1447 2130 1469; x_wconf 80' lang='lat'>393</span> <span class='ocrx_word' id='word_1_1088' title='bbox 2143 1453 2156 1469; x_wconf 89' lang='lat' dir='ltr'>a</span> 
     </span>
     <span class='ocr_line' id='line_1_178' title="bbox 1638 1485 2155 1508; baseline 0.002 -1"><span class='ocrx_word' id='word_1_1089' title='bbox 1638 1485 1754 1507; x_wconf 67' lang='lat' dir='ltr'>Com-essm</span> <span class='ocrx_word' id='word_1_1090' title='bbox 1770 1497 1801 1501; x_wconf 97' lang='lat'><strong>—</strong></span> <span class='ocrx_word' id='word_1_1091' title='bbox 1818 1485 1975 1507; x_wconf 85' lang='lat' dir='ltr'>Necessarium</span> <span class='ocrx_word' id='word_1_1092' title='bbox 1999 1488 2033 1508; x_wconf 89' lang='lat' dir='ltr'>est</span> <span class='ocrx_word' id='word_1_1093' title='bbox 2058 1486 2086 1508; x_wconf 88' lang='lat' dir='ltr'>ad</span> <span class='ocrx_word' id='word_1_1094' title='bbox 2104 1492 2155 1508; x_wconf 88' lang='lat' dir='ltr'>eam</span> 
     </span>
     <span class='ocr_line' id='line_1_179' title="bbox 1591 1525 2157 1548; baseline 0.004 -3"><span class='ocrx_word' id='word_1_1095' title='bbox 1591 1530 1710 1546; x_wconf 81' lang='lat' dir='ltr'>recurrere</span> <span class='ocrx_word' id='word_1_1096' title='bbox 1732 1525 1777 1546; x_wconf 78' lang='lat'>725</span> <span class='ocrx_word' id='word_1_1097' title='bbox 1799 1531 1811 1546; x_wconf 94' lang='lat' dir='ltr'>a</span> <span class='ocrx_word' id='word_1_1098' title='bbox 1832 1537 1863 1541; x_wconf 89' lang='lat'><strong>—</strong></span> <span class='ocrx_word' id='word_1_1099' title='bbox 1886 1525 1919 1547; x_wconf 84' lang='lat' dir='ltr'>Ad</span> <span class='ocrx_word' id='word_1_1100' title='bbox 1942 1525 2109 1547; x_wconf 84' lang='lat' dir='ltr'>confessionem</span> <span class='ocrx_word' id='word_1_1101' title='bbox 2128 1529 2157 1548; x_wconf 90' lang='lat' dir='ltr'>te-</span> 
     </span>
    </p>
   </div>
   <div class='ocr_carea' id='block_1_12' title="bbox 1591 1564 2160 2997">
    <p class='ocr_par' dir='ltr' id='par_1_43' title="bbox 1591 1564 2157 1783">
     <span class='ocr_line' id='line_1_180' title="bbox 1592 1564 2157 1592; baseline 0.004 -7"><span class='ocrx_word' id='word_1_1102' title='bbox 1592 1570 1674 1586; x_wconf 86' lang='lat' dir='ltr'>nemur</span> <span class='ocrx_word' id='word_1_1103' title='bbox 1692 1566 1778 1586; x_wconf 89' lang='lat' dir='ltr'>tantum</span> <span class='ocrx_word' id='word_1_1104' title='bbox 1798 1567 1891 1592; x_wconf 78' lang='lat' dir='ltr'>propter</span> <span class='ocrx_word' id='word_1_1105' title='bbox 1908 1564 2074 1592; x_wconf 84' lang='lat' dir='ltr'>obligationem</span> <span class='ocrx_word' id='word_1_1106' title='bbox 2094 1571 2157 1592; x_wconf 87' lang='lat' dir='ltr'>prae-</span> 
     </span>
     <span class='ocr_line' id='line_1_181' title="bbox 1591 1602 2157 1631; baseline 0.004 -7"><span class='ocrx_word' id='word_1_1107' title='bbox 1591 1603 1651 1630; x_wconf 83' lang='lat' dir='ltr'>cepti</span> <span class='ocrx_word' id='word_1_1108' title='bbox 1670 1603 1713 1625; x_wconf 82' lang='grc'>437</span> <span class='ocrx_word' id='word_1_1109' title='bbox 1732 1602 1747 1625; x_wconf 86' lang='lat' dir='ltr'>b</span> <span class='ocrx_word' id='word_1_1110' title='bbox 1764 1615 1795 1619; x_wconf 90' lang='grc'>--</span> <span class='ocrx_word' id='word_1_1111' title='bbox 1812 1603 1924 1631; x_wconf 81' lang='lat' dir='ltr'>Quamvis</span> <span class='ocrx_word' id='word_1_1112' title='bbox 1938 1603 2049 1626; x_wconf 87' lang='lat' dir='ltr'>Dominus</span> <span class='ocrx_word' id='word_1_1113' title='bbox 2061 1604 2157 1626; x_wconf 86' lang='lat' dir='ltr'>mundet</span> 
     </span>
     <span class='ocr_line' id='line_1_182' title="bbox 1592 1642 2157 1671; baseline 0.002 -7"><span class='ocrx_word' id='word_1_1114' title='bbox 1592 1648 1633 1670; x_wconf 91' lang='lat' dir='ltr'>per</span> <span class='ocrx_word' id='word_1_1115' title='bbox 1650 1642 1822 1670; x_wconf 84' lang='lat' dir='ltr'>contritionem,</span> <span class='ocrx_word' id='word_1_1116' title='bbox 1840 1642 1987 1665; x_wconf 88' lang='lat' dir='ltr'>nihilominus</span> <span class='ocrx_word' id='word_1_1117' title='bbox 2004 1643 2066 1671; x_wconf 83' lang='lat' dir='ltr'>legat</span> <span class='ocrx_word' id='word_1_1118' title='bbox 2082 1643 2111 1665; x_wconf 79' lang='lat' dir='ltr'>acl</span> <span class='ocrx_word' id='word_1_1119' title='bbox 2123 1649 2157 1665; x_wconf 90' lang='lat' dir='ltr'>sa-</span> 
     </span>
     <span class='ocr_line' id='line_1_183' title="bbox 1592 1681 2157 1705; baseline 0.002 -2"><span class='ocrx_word' id='word_1_1120' title='bbox 1592 1682 1706 1704; x_wconf 86' lang='lat' dir='ltr'>cerdotale</span> <span class='ocrx_word' id='word_1_1121' title='bbox 1731 1681 1833 1704; x_wconf 83' lang='lat' dir='ltr'>officium</span> <span class='ocrx_word' id='word_1_1122' title='bbox 1858 1681 1902 1703; x_wconf 86' lang='grc'>425</span> <span class='ocrx_word' id='word_1_1123' title='bbox 1928 1688 1940 1703; x_wconf 84' lang='grc'>11</span> <span class='ocrx_word' id='word_1_1124' title='bbox 1963 1694 1993 1698; x_wconf 84' lang='lat'>—</span> <span class='ocrx_word' id='word_1_1125' title='bbox 2011 1682 2157 1705; x_wconf 82' lang='lat' dir='ltr'>Sacerdotale</span> 
     </span>
     <span class='ocr_line' id='line_1_184' title="bbox 1591 1720 2157 1743; baseline 0.002 -1"><span class='ocrx_word' id='word_1_1126' title='bbox 1591 1721 1692 1743; x_wconf 82' lang='lat' dir='ltr'>officium</span> <span class='ocrx_word' id='word_1_1127' title='bbox 1716 1720 1825 1743; x_wconf 89' lang='lat' dir='ltr'>omnibus</span> <span class='ocrx_word' id='word_1_1128' title='bbox 1846 1724 1880 1743; x_wconf 85' lang='lat' dir='ltr'>est</span> <span class='ocrx_word' id='word_1_1129' title='bbox 1904 1721 2058 1743; x_wconf 86' lang='lat' dir='ltr'>reverendum</span> <span class='ocrx_word' id='word_1_1130' title='bbox 2082 1724 2104 1743; x_wconf 90' lang='lat' dir='ltr'>et</span> <span class='ocrx_word' id='word_1_1131' title='bbox 2121 1727 2157 1743; x_wconf 85' lang='lat' dir='ltr'>ne-</span> 
     </span>
     <span class='ocr_line' id='line_1_185' title="bbox 1592 1759 1789 1783; baseline 0.005 -1"><span class='ocrx_word' id='word_1_1132' title='bbox 1592 1760 1717 1783; x_wconf 82' lang='lat' dir='ltr'>cessarium</span> <span class='ocrx_word' id='word_1_1133' title='bbox 1736 1759 1789 1783; x_wconf 71' lang='lat' dir='ltr'>ibid.</span> 
     </span>
    </p>

    <p class='ocr_par' dir='ltr' id='par_1_44' title="bbox 1592 1799 2159 2299">
     <span class='ocr_line' id='line_1_186' title="bbox 1638 1799 2156 1828; baseline 0.002 -7"><span class='ocrx_word' id='word_1_1134' title='bbox 1638 1812 1669 1816; x_wconf 86' lang='lat'>-—</span> <span class='ocrx_word' id='word_1_1135' title='bbox 1686 1799 1756 1822; x_wconf 88' lang='lat' dir='ltr'>debet</span> <span class='ocrx_word' id='word_1_1136' title='bbox 1772 1806 1822 1822; x_wconf 86' lang='lat' dir='ltr'>esse</span> <span class='ocrx_word' id='word_1_1137' title='bbox 1844 1806 1901 1828; x_wconf 89' lang='lat' dir='ltr'>pura</span> <span class='ocrx_word' id='word_1_1138' title='bbox 1924 1803 1946 1822; x_wconf 92' lang='lat' dir='ltr'>et</span> <span class='ocrx_word' id='word_1_1139' title='bbox 1963 1801 2063 1828; x_wconf 88' lang='lat' dir='ltr'>perfecta</span> <span class='ocrx_word' id='word_1_1140' title='bbox 2082 1800 2126 1822; x_wconf 83' lang='lat'>380</span> <span class='ocrx_word' id='word_1_1141' title='bbox 2144 1806 2156 1822; x_wconf 89' lang='lat' dir='ltr'>a</span> 
     </span>
     <span class='ocr_line' id='line_1_187' title="bbox 1592 1839 2156 1868; baseline 0 -7"><span class='ocrx_word' id='word_1_1142' title='bbox 1592 1852 1622 1856; x_wconf 89' lang='lat'>—</span> <span class='ocrx_word' id='word_1_1143' title='bbox 1640 1840 1757 1868; x_wconf 87' lang='lat' dir='ltr'>Quosnam</span> <span class='ocrx_word' id='word_1_1144' title='bbox 1781 1839 1884 1862; x_wconf 87' lang='lat' dir='ltr'>defectus</span> <span class='ocrx_word' id='word_1_1145' title='bbox 1905 1839 2034 1862; x_wconf 88' lang='lat' dir='ltr'>debeamus</span> <span class='ocrx_word' id='word_1_1146' title='bbox 2057 1840 2156 1868; x_wconf 84' lang='lat' dir='ltr'>integre,</span> 
     </span>
     <span class='ocr_line' id='line_1_188' title="bbox 1592 1879 2158 1906; baseline 0.002 -6"><span class='ocrx_word' id='word_1_1147' title='bbox 1592 1879 1705 1901; x_wconf 82' lang='lat' dir='ltr'>veraciter</span> <span class='ocrx_word' id='word_1_1148' title='bbox 1721 1882 1743 1900; x_wconf 82' lang='lat' dir='ltr'>et</span> <span class='ocrx_word' id='word_1_1149' title='bbox 1760 1885 1819 1906; x_wconf 86' lang='lat' dir='ltr'>pure</span> <span class='ocrx_word' id='word_1_1150' title='bbox 1841 1881 1944 1901; x_wconf 85' lang='lat' dir='ltr'>retexere</span> <span class='ocrx_word' id='word_1_1151' title='bbox 1961 1879 2006 1900; x_wconf 85' lang='grc'>725</span> <span class='ocrx_word' id='word_1_1152' title='bbox 2024 1885 2036 1900; x_wconf 89' lang='lat' dir='ltr'>a</span> <span class='ocrx_word' id='word_1_1153' title='bbox 2054 1891 2085 1895; x_wconf 96' lang='lat'><strong>—</strong></span> <span class='ocrx_word' id='word_1_1154' title='bbox 2103 1879 2158 1901; x_wconf 80' lang='lat' dir='ltr'>Poe-</span> 
     </span>
     <span class='ocr_line' id='line_1_189' title="bbox 1593 1917 2157 1946; baseline 0 -6"><span class='ocrx_word' id='word_1_1155' title='bbox 1593 1918 1690 1940; x_wconf 88' lang='lat' dir='ltr'>nitentes</span> <span class='ocrx_word' id='word_1_1156' title='bbox 1714 1917 1800 1941; x_wconf 85' lang='lat' dir='ltr'>debent</span> <span class='ocrx_word' id='word_1_1157' title='bbox 1825 1919 1913 1940; x_wconf 88' lang='lat' dir='ltr'>occulta</span> <span class='ocrx_word' id='word_1_1158' title='bbox 1936 1920 2029 1946; x_wconf 81' lang='lat' dir='ltr'>peccata</span> <span class='ocrx_word' id='word_1_1159' title='bbox 2048 1924 2089 1946; x_wconf 90' lang='lat' dir='ltr'>per</span> <span class='ocrx_word' id='word_1_1160' title='bbox 2106 1924 2157 1940; x_wconf 90' lang='lat' dir='ltr'>con-</span> 
     </span>
     <span class='ocr_line' id='line_1_190' title="bbox 1594 1957 2157 1980; baseline 0 -1"><span class='ocrx_word' id='word_1_1161' title='bbox 1594 1958 1716 1979; x_wconf 88' lang='lat' dir='ltr'>fessionem</span> <span class='ocrx_word' id='word_1_1162' title='bbox 1734 1957 1878 1979; x_wconf 88' lang='lat' dir='ltr'>manifestare</span> <span class='ocrx_word' id='word_1_1163' title='bbox 1895 1958 1940 1979; x_wconf 87' lang='grc'>226</span> <span class='ocrx_word' id='word_1_1164' title='bbox 1959 1957 1980 1979; x_wconf 96' lang='lat' dir='ltr'>b.</span> <span class='ocrx_word' id='word_1_1165' title='bbox 1999 1958 2044 1980; x_wconf 84' lang='grc'>227</span> <span class='ocrx_word' id='word_1_1166' title='bbox 2062 1964 2074 1979; x_wconf 83' lang='lat' dir='ltr'>a</span> <span class='ocrx_word' id='word_1_1167' title='bbox 2092 1971 2120 1973; x_wconf 97' lang='lat'><strong>—</strong></span> <span class='ocrx_word' id='word_1_1168' title='bbox 2135 1957 2157 1979; x_wconf 82' lang='lat' dir='ltr'>Si</span> 
     </span>
     <span class='ocr_line' id='line_1_191' title="bbox 1594 1997 2157 2024; baseline 0.002 -6"><span class='ocrx_word' id='word_1_1169' title='bbox 1594 2003 1666 2019; x_wconf 89' lang='lat' dir='ltr'>unum</span> <span class='ocrx_word' id='word_1_1170' title='bbox 1693 2000 1812 2024; x_wconf 86' lang='lat' dir='ltr'>peccatum</span> <span class='ocrx_word' id='word_1_1171' title='bbox 1838 1997 1972 2023; x_wconf 84' lang='lat' dir='ltr'>reticeatur,</span> <span class='ocrx_word' id='word_1_1172' title='bbox 1990 1997 2086 2019; x_wconf 86' lang='lat' dir='ltr'>alterum</span> <span class='ocrx_word' id='word_1_1173' title='bbox 2113 2003 2157 2019; x_wconf 91' lang='lat' dir='ltr'>non</span> 
     </span>
     <span class='ocr_line' id='line_1_192' title="bbox 1593 2036 2158 2064; baseline 0.002 -7"><span class='ocrx_word' id='word_1_1174' title='bbox 1593 2036 1728 2062; x_wconf 85' lang='lat' dir='ltr'>dimittitur,</span> <span class='ocrx_word' id='word_1_1175' title='bbox 1753 2038 1775 2058; x_wconf 72' lang='lat' dir='ltr'>ct</span> <span class='ocrx_word' id='word_1_1176' title='bbox 1800 2042 1841 2064; x_wconf 81' lang='lat' dir='ltr'>per</span> <span class='ocrx_word' id='word_1_1177' title='bbox 1867 2036 1921 2058; x_wconf 90' lang='lat' dir='ltr'>illud</span> <span class='ocrx_word' id='word_1_1178' title='bbox 1948 2036 2021 2058; x_wconf 90' lang='lat' dir='ltr'>solum</span> <span class='ocrx_word' id='word_1_1179' title='bbox 2051 2038 2158 2064; x_wconf 86' lang='lat' dir='ltr'>peccator</span> 
     </span>
     <span class='ocr_line' id='line_1_193' title="bbox 1592 2074 2158 2103; baseline 0.002 -6"><span class='ocrx_word' id='word_1_1180' title='bbox 1592 2075 1717 2097; x_wconf 87' lang='lat' dir='ltr'>damnatur</span> <span class='ocrx_word' id='word_1_1181' title='bbox 1734 2076 1778 2097; x_wconf 85' lang='lat'>380</span> <span class='ocrx_word' id='word_1_1182' title='bbox 1796 2081 1816 2103; x_wconf 83' lang='lat' dir='ltr'>a,</span> <span class='ocrx_word' id='word_1_1183' title='bbox 1835 2075 1849 2097; x_wconf 91' lang='lat' dir='ltr'>b</span> <span class='ocrx_word' id='word_1_1184' title='bbox 1867 2087 1897 2091; x_wconf 97' lang='lat'><strong>—</strong></span> <span class='ocrx_word' id='word_1_1185' title='bbox 1914 2075 2043 2097; x_wconf 84' lang='lat' dir='ltr'>Similitudo</span> <span class='ocrx_word' id='word_1_1186' title='bbox 2061 2074 2158 2098; x_wconf 78' lang='lat' dir='ltr'>ibid.—</span> 
     </span>
     <span class='ocr_line' id='line_1_194' title="bbox 1593 2114 2158 2137; baseline 0 -1"><span class='ocrx_word' id='word_1_1187' title='bbox 1593 2114 1708 2137; x_wconf 84' lang='lat' dir='ltr'>Confitens</span> <span class='ocrx_word' id='word_1_1188' title='bbox 1725 2115 1801 2136; x_wconf 85' lang='lat' dir='ltr'>celans</span> <span class='ocrx_word' id='word_1_1189' title='bbox 1817 2114 1938 2136; x_wconf 74' lang='lat' dir='ltr'>veritatem</span> <span class='ocrx_word' id='word_1_1190' title='bbox 1965 2114 2075 2136; x_wconf 88' lang='lat' dir='ltr'>maiorem</span> <span class='ocrx_word' id='word_1_1191' title='bbox 2094 2115 2115 2136; x_wconf 94' lang='lat' dir='ltr'>in</span> <span class='ocrx_word' id='word_1_1192' title='bbox 2133 2120 2158 2137; x_wconf 84' lang='lat' dir='ltr'>se</span> 
     </span>
     <span class='ocr_line' id='line_1_195' title="bbox 1594 2153 2158 2182; baseline -0.002 -6"><span class='ocrx_word' id='word_1_1193' title='bbox 1594 2153 1662 2176; x_wconf 89' lang='lat' dir='ltr'>habet</span> <span class='ocrx_word' id='word_1_1194' title='bbox 1680 2159 1750 2182; x_wconf 80' lang='lat' dir='ltr'>quam</span> <span class='ocrx_word' id='word_1_1195' title='bbox 1769 2153 1834 2181; x_wconf 82' lang='lat' dir='ltr'>prius</span> <span class='ocrx_word' id='word_1_1196' title='bbox 1851 2154 1969 2175; x_wconf 87' lang='lat' dir='ltr'>falsitatem</span> <span class='ocrx_word' id='word_1_1197' title='bbox 1989 2153 2032 2175; x_wconf 79' lang='grc'>523</span> <span class='ocrx_word' id='word_1_1198' title='bbox 2051 2160 2072 2180; x_wconf 75' lang='lat' dir='ltr'>a,</span> <span class='ocrx_word' id='word_1_1199' title='bbox 2090 2153 2104 2175; x_wconf 92' lang='lat' dir='ltr'>b</span> <span class='ocrx_word' id='word_1_1200' title='bbox 2127 2166 2158 2170; x_wconf 97' lang='lat'><strong>—</strong></span> 
     </span>
     <span class='ocr_line' id='line_1_196' title="bbox 1594 2193 2159 2220; baseline -0.002 -5"><span class='ocrx_word' id='word_1_1201' title='bbox 1594 2193 1748 2215; x_wconf 83' lang='lat' dir='ltr'>Confessionis</span> <span class='ocrx_word' id='word_1_1202' title='bbox 1764 2193 1848 2215; x_wconf 82' lang='lat' dir='ltr'>veritas</span> <span class='ocrx_word' id='word_1_1203' title='bbox 1861 2193 1945 2220; x_wconf 86' lang='lat' dir='ltr'>pendet</span> <span class='ocrx_word' id='word_1_1204' title='bbox 1961 2199 1987 2215; x_wconf 81' lang='lat' dir='ltr'>ex</span> <span class='ocrx_word' id='word_1_1205' title='bbox 2000 2193 2099 2220; x_wconf 81' lang='lat' dir='ltr'>puritate</span> <span class='ocrx_word' id='word_1_1206' title='bbox 2110 2199 2159 2215; x_wconf 83' lang='lat' dir='ltr'>ora-</span> 
     </span>
     <span class='ocr_line' id='line_1_197' title="bbox 1594 2231 2159 2254; baseline 0 0"><span class='ocrx_word' id='word_1_1207' title='bbox 1594 2232 1660 2254; x_wconf 87' lang='lat' dir='ltr'>tionis</span> <span class='ocrx_word' id='word_1_1208' title='bbox 1678 2232 1723 2254; x_wconf 86' lang='grc'>725</span> <span class='ocrx_word' id='word_1_1209' title='bbox 1741 2231 1756 2254; x_wconf 92' lang='lat' dir='ltr'>b</span> <span class='ocrx_word' id='word_1_1210' title='bbox 1773 2244 1804 2248; x_wconf 96' lang='lat'><strong>—</strong></span> <span class='ocrx_word' id='word_1_1211' title='bbox 1821 2233 1843 2254; x_wconf 94' lang='lat' dir='ltr'>ln</span> <span class='ocrx_word' id='word_1_1212' title='bbox 1856 2232 2000 2254; x_wconf 86' lang='lat' dir='ltr'>confessione</span> <span class='ocrx_word' id='word_1_1213' title='bbox 2011 2232 2159 2254; x_wconf 85' lang='lat' dir='ltr'>circumstan-</span> 
     </span>
     <span class='ocr_line' id='line_1_198' title="bbox 1594 2271 2070 2299; baseline 0 -6"><span class='ocrx_word' id='word_1_1214' title='bbox 1594 2271 1638 2293; x_wconf 90' lang='lat' dir='ltr'>tiae</span> <span class='ocrx_word' id='word_1_1215' title='bbox 1656 2271 1742 2299; x_wconf 81' lang='lat' dir='ltr'>peccati</span> <span class='ocrx_word' id='word_1_1216' title='bbox 1760 2271 1908 2299; x_wconf 87' lang='lat' dir='ltr'>explicandae</span> <span class='ocrx_word' id='word_1_1217' title='bbox 1925 2274 1979 2293; x_wconf 88' lang='lat' dir='ltr'>sunt</span> <span class='ocrx_word' id='word_1_1218' title='bbox 1996 2271 2040 2293; x_wconf 85' lang='grc'>547</span> <span class='ocrx_word' id='word_1_1219' title='bbox 2058 2278 2070 2293; x_wconf 88' lang='lat' dir='ltr'>a</span> 
     </span>
    </p>

    <p class='ocr_par' dir='ltr' id='par_1_45' title="bbox 1593 2310 2159 2608">
     <span class='ocr_line' id='line_1_199' title="bbox 1640 2310 2159 2339; baseline 0 -7"><span class='ocrx_word' id='word_1_1220' title='bbox 1640 2323 1671 2327; x_wconf 90' lang='lat'><strong>—</strong></span> <span class='ocrx_word' id='word_1_1221' title='bbox 1689 2311 1788 2339; x_wconf 81' lang='lat' dir='ltr'>perfecta</span> <span class='ocrx_word' id='word_1_1222' title='bbox 1814 2310 1883 2333; x_wconf 86' lang='lat' dir='ltr'>debet</span> <span class='ocrx_word' id='word_1_1223' title='bbox 1908 2316 1958 2332; x_wconf 87' lang='lat' dir='ltr'>esse</span> <span class='ocrx_word' id='word_1_1224' title='bbox 1976 2310 2080 2338; x_wconf 82' lang='lat' dir='ltr'>humilis⁷</span> <span class='ocrx_word' id='word_1_1225' title='bbox 2100 2310 2159 2333; x_wconf 89' lang='lat' dir='ltr'>utilis</span> 
     </span>
     <span class='ocr_line' id='line_1_200' title="bbox 1593 2349 2158 2378; baseline -0.002 -6"><span class='ocrx_word' id='word_1_1226' title='bbox 1593 2353 1616 2373; x_wconf 88' lang='grc'>61</span> <span class='ocrx_word' id='word_1_1227' title='bbox 1633 2349 1788 2378; x_wconf 81' lang='lat' dir='ltr'>lacrymabilis</span> <span class='ocrx_word' id='word_1_1228' title='bbox 1806 2350 1850 2372; x_wconf 80' lang='lat'>397</span> <span class='ocrx_word' id='word_1_1229' title='bbox 1869 2356 1880 2371; x_wconf 94' lang='lat' dir='ltr'>a</span> <span class='ocrx_word' id='word_1_1230' title='bbox 1899 2362 1927 2365; x_wconf 91' lang='lat'>—-</span> <span class='ocrx_word' id='word_1_1231' title='bbox 1942 2349 2043 2372; x_wconf 87' lang='lat' dir='ltr'>facienda</span> <span class='ocrx_word' id='word_1_1232' title='bbox 2057 2352 2090 2372; x_wconf 86' lang='lat' dir='ltr'>est</span> <span class='ocrx_word' id='word_1_1233' title='bbox 2104 2356 2158 2372; x_wconf 79' lang='lat' dir='ltr'>cum</span> 
     </span>
     <span class='ocr_line' id='line_1_201' title="bbox 1594 2388 2159 2417; baseline -0.002 -6"><span class='ocrx_word' id='word_1_1234' title='bbox 1594 2395 1677 2417; x_wconf 76' lang='lat' dir='ltr'>magna</span> <span class='ocrx_word' id='word_1_1235' title='bbox 1693 2389 1820 2411; x_wconf 88' lang='lat' dir='ltr'>humilitate</span> <span class='ocrx_word' id='word_1_1236' title='bbox 1837 2389 1882 2411; x_wconf 81' lang='lat'>393</span> <span class='ocrx_word' id='word_1_1237' title='bbox 1899 2393 1960 2410; x_wconf 85' lang='lat' dir='ltr'>a·-</span> <span class='ocrx_word' id='word_1_1238' title='bbox 1976 2388 2045 2410; x_wconf 86' lang='lat' dir='ltr'>debet</span> <span class='ocrx_word' id='word_1_1239' title='bbox 2057 2394 2107 2411; x_wconf 85' lang='lat' dir='ltr'>esse</span> <span class='ocrx_word' id='word_1_1240' title='bbox 2120 2389 2159 2411; x_wconf 91' lang='lat' dir='ltr'>hu-</span> 
     </span>
     <span class='ocr_line' id='line_1_202' title="bbox 1595 2427 2158 2450; baseline -0.002 0"><span class='ocrx_word' id='word_1_1241' title='bbox 1595 2429 1654 2450; x_wconf 90' lang='lat' dir='ltr'>milis</span> <span class='ocrx_word' id='word_1_1242' title='bbox 1673 2428 1715 2450; x_wconf 80' lang='grc'>437</span> <span class='ocrx_word' id='word_1_1243' title='bbox 1739 2434 1750 2449; x_wconf 87' lang='lat' dir='ltr'>a</span> <span class='ocrx_word' id='word_1_1244' title='bbox 1774 2441 1804 2444; x_wconf 87' lang='lat'><strong>—</strong></span> <span class='ocrx_word' id='word_1_1245' title='bbox 1826 2428 1874 2450; x_wconf 86' lang='lat' dir='ltr'>sine</span> <span class='ocrx_word' id='word_1_1246' title='bbox 1900 2428 2027 2450; x_wconf 88' lang='lat' dir='ltr'>humilitate</span> <span class='ocrx_word' id='word_1_1247' title='bbox 2051 2427 2111 2450; x_wconf 90' lang='lat' dir='ltr'>cedit</span> <span class='ocrx_word' id='word_1_1248' title='bbox 2136 2428 2158 2450; x_wconf 94' lang='lat' dir='ltr'>in</span> 
     </span>
     <span class='ocr_line' id='line_1_203' title="bbox 1594 2466 2159 2489; baseline -0.002 0"><span class='ocrx_word' id='word_1_1249' title='bbox 1594 2467 1684 2489; x_wconf 81' lang='lat' dir='ltr'>ruinam</span> <span class='ocrx_word' id='word_1_1250' title='bbox 1703 2468 1747 2489; x_wconf 83' lang='grc'>368</span> <span class='ocrx_word' id='word_1_1251' title='bbox 1766 2473 1777 2489; x_wconf 87' lang='lat' dir='ltr'>a</span> <span class='ocrx_word' id='word_1_1252' title='bbox 1796 2480 1826 2483; x_wconf 84' lang='lat'><strong>—</strong></span> <span class='ocrx_word' id='word_1_1253' title='bbox 1838 2466 1954 2489; x_wconf 83' lang='lat' dir='ltr'>Confitens</span> <span class='ocrx_word' id='word_1_1254' title='bbox 1971 2467 2019 2489; x_wconf 88' lang='grc'>5106</span> <span class='ocrx_word' id='word_1_1255' title='bbox 2032 2467 2159 2489; x_wconf 80' lang='lat' dir='ltr'>humilitate</span> 
     </span>
     <span class='ocr_line' id='line_1_204' title="bbox 1594 2504 2159 2533; baseline -0.002 -5"><span class='ocrx_word' id='word_1_1256' title='bbox 1594 2509 1682 2533; x_wconf 79' lang='lat' dir='ltr'>caveat,</span> <span class='ocrx_word' id='word_1_1257' title='bbox 1695 2513 1723 2528; x_wconf 85' lang='lat' dir='ltr'>ne</span> <span class='ocrx_word' id='word_1_1258' title='bbox 1735 2506 1836 2528; x_wconf 89' lang='lat' dir='ltr'>imitetur</span> <span class='ocrx_word' id='word_1_1259' title='bbox 1845 2505 1962 2528; x_wconf 89' lang='lat' dir='ltr'>diabolum</span> <span class='ocrx_word' id='word_1_1260' title='bbox 1975 2504 2005 2528; x_wconf 84' lang='lat' dir='ltr'>ib.</span> <span class='ocrx_word' id='word_1_1261' title='bbox 2015 2505 2030 2527; x_wconf 92' lang='lat' dir='ltr'>b</span> <span class='ocrx_word' id='word_1_1262' title='bbox 2041 2514 2068 2521; x_wconf 88' lang='lat'>—·-</span> <span class='ocrx_word' id='word_1_1263' title='bbox 2082 2506 2159 2528; x_wconf 82' lang='lat' dir='ltr'>Exem-</span> 
     </span>
     <span class='ocr_line' id='line_1_205' title="bbox 1594 2544 2159 2574; baseline -0.004 -6"><span class='ocrx_word' id='word_1_1264' title='bbox 1594 2546 1658 2574; x_wconf 88' lang='lat' dir='ltr'>plum</span> <span class='ocrx_word' id='word_1_1265' title='bbox 1676 2545 1730 2568; x_wconf 77' lang='lat' dir='ltr'>z&#39;bid.</span> <span class='ocrx_word' id='word_1_1266' title='bbox 1747 2558 1776 2561; x_wconf 95' lang='lat'><strong>—</strong></span> <span class='ocrx_word' id='word_1_1267' title='bbox 1794 2544 1863 2567; x_wconf 83' lang='lat' dir='ltr'>debet</span> <span class='ocrx_word' id='word_1_1268' title='bbox 1886 2545 2012 2572; x_wconf 85' lang='lat' dir='ltr'>procedere</span> <span class='ocrx_word' id='word_1_1269' title='bbox 2029 2550 2055 2567; x_wconf 88' lang='lat' dir='ltr'>ex</span> <span class='ocrx_word' id='word_1_1270' title='bbox 2073 2545 2159 2567; x_wconf 91' lang='lat' dir='ltr'>iudicio</span> 
     </span>
     <span class='ocr_line' id='line_1_206' title="bbox 1595 2585 1790 2608; baseline -0.005 -1"><span class='ocrx_word' id='word_1_1271' title='bbox 1595 2585 1697 2608; x_wconf 88' lang='lat' dir='ltr'>districto</span> <span class='ocrx_word' id='word_1_1272' title='bbox 1715 2585 1759 2607; x_wconf 84' lang='grc'>538</span> <span class='ocrx_word' id='word_1_1273' title='bbox 1778 2591 1790 2606; x_wconf 85' lang='grc'>11</span> 
     </span>
    </p>

    <p class='ocr_par' dir='ltr' id='par_1_46' title="bbox 1595 2622 2160 2997">
     <span class='ocr_line' id='line_1_207' title="bbox 1642 2622 2159 2646; baseline -0.004 0"><span class='ocrx_word' id='word_1_1274' title='bbox 1642 2636 1672 2640; x_wconf 86' lang='grc'>-</span> <span class='ocrx_word' id='word_1_1275' title='bbox 1682 2624 1777 2646; x_wconf 86' lang='lat' dir='ltr'>comites</span> <span class='ocrx_word' id='word_1_1276' title='bbox 1790 2622 1875 2645; x_wconf 85' lang='lat' dir='ltr'>habere</span> <span class='ocrx_word' id='word_1_1277' title='bbox 1887 2622 1956 2645; x_wconf 87' lang='lat' dir='ltr'>debet</span> <span class='ocrx_word' id='word_1_1278' title='bbox 1968 2623 2127 2645; x_wconf 80' lang='lat' dir='ltr'>contritionem</span> <span class='ocrx_word' id='word_1_1279' title='bbox 2138 2626 2159 2645; x_wconf 90' lang='grc'>61</span> 
     </span>
     <span class='ocr_line' id='line_1_208' title="bbox 1595 2662 2159 2685; baseline -0.002 0"><span class='ocrx_word' id='word_1_1280' title='bbox 1595 2663 1772 2685; x_wconf 82' lang='lat' dir='ltr'>satisfactionem</span> <span class='ocrx_word' id='word_1_1281' title='bbox 1783 2663 1827 2685; x_wconf 80' lang='lat'>538</span> <span class='ocrx_word' id='word_1_1282' title='bbox 1838 2668 1858 2684; x_wconf 82' lang='lat' dir='ltr'>a.</span> <span class='ocrx_word' id='word_1_1283' title='bbox 1867 2662 1914 2684; x_wconf 86' lang='grc'>725</span> <span class='ocrx_word' id='word_1_1284' title='bbox 1926 2668 1938 2684; x_wconf 86' lang='grc'>11</span> <span class='ocrx_word' id='word_1_1285' title='bbox 1949 2675 1976 2678; x_wconf 83' lang='grc'>-</span> <span class='ocrx_word' id='word_1_1286' title='bbox 1988 2663 2008 2684; x_wconf 91' lang='grc'>10</span> <span class='ocrx_word' id='word_1_1287' title='bbox 2016 2662 2159 2684; x_wconf 79' lang='lat' dir='ltr'>confessione</span> 
     </span>
     <span class='ocr_line' id='line_1_209' title="bbox 1595 2701 2160 2729; baseline -0.002 -6"><span class='ocrx_word' id='word_1_1288' title='bbox 1595 2703 1679 2724; x_wconf 88' lang='lat' dir='ltr'>clamat</span> <span class='ocrx_word' id='word_1_1289' title='bbox 1695 2702 1771 2724; x_wconf 84' lang='lat' dir='ltr'>anima</span> <span class='ocrx_word' id='word_1_1290' title='bbox 1797 2701 1911 2729; x_wconf 84' lang='lat' dir='ltr'>peccatrix</span> <span class='ocrx_word' id='word_1_1291' title='bbox 1933 2707 1974 2728; x_wconf 86' lang='lat' dir='ltr'>per</span> <span class='ocrx_word' id='word_1_1292' title='bbox 1991 2701 2117 2728; x_wconf 80' lang='lat' dir='ltr'>gemitum,</span> <span class='ocrx_word' id='word_1_1293' title='bbox 2135 2703 2160 2723; x_wconf 90' lang='lat' dir='ltr'>ut</span> 
     </span>
     <span class='ocr_line' id='line_1_210' title="bbox 1596 2739 2160 2769; baseline -0.004 -6"><span class='ocrx_word' id='word_1_1294' title='bbox 1596 2743 1750 2769; x_wconf 86' lang='lat' dir='ltr'>consequatur</span> <span class='ocrx_word' id='word_1_1295' title='bbox 1768 2740 1949 2763; x_wconf 85' lang='lat' dir='ltr'>misericordiam</span> <span class='ocrx_word' id='word_1_1296' title='bbox 1970 2740 2014 2762; x_wconf 81' lang='grc'>313</span> <span class='ocrx_word' id='word_1_1297' title='bbox 2036 2739 2050 2762; x_wconf 86' lang='lat' dir='ltr'>b</span> <span class='ocrx_word' id='word_1_1298' title='bbox 2073 2752 2103 2756; x_wconf 97' lang='lat'><strong>—</strong></span> <span class='ocrx_word' id='word_1_1299' title='bbox 2122 2739 2160 2762; x_wconf 84' lang='lat' dir='ltr'>de-</span> 
     </span>
     <span class='ocr_line' id='line_1_211' title="bbox 1596 2779 2159 2806; baseline -0.004 -4"><span class='ocrx_word' id='word_1_1300' title='bbox 1596 2779 1634 2802; x_wconf 91' lang='lat' dir='ltr'>bet</span> <span class='ocrx_word' id='word_1_1301' title='bbox 1652 2780 1699 2802; x_wconf 86' lang='lat' dir='ltr'>fleri</span> <span class='ocrx_word' id='word_1_1302' title='bbox 1717 2785 1770 2802; x_wconf 88' lang='lat' dir='ltr'>cum</span> <span class='ocrx_word' id='word_1_1303' title='bbox 1789 2785 1894 2801; x_wconf 88' lang='lat' dir='ltr'>moerore</span> <span class='ocrx_word' id='word_1_1304' title='bbox 1919 2782 1941 2801; x_wconf 88' lang='lat' dir='ltr'>et</span> <span class='ocrx_word' id='word_1_1305' title='bbox 1962 2779 2055 2806; x_wconf 87' lang='lat' dir='ltr'>planctu</span> <span class='ocrx_word' id='word_1_1306' title='bbox 2079 2779 2124 2800; x_wconf 82' lang='lat'>380</span> <span class='ocrx_word' id='word_1_1307' title='bbox 2146 2784 2159 2800; x_wconf 90' lang='lat' dir='ltr'>a</span> 
     </span>
     <span class='ocr_line' id='line_1_212' title="bbox 1595 2817 2159 2841; baseline -0.002 -1"><span class='ocrx_word' id='word_1_1308' title='bbox 1595 2831 1626 2835; x_wconf 95' lang='lat'><strong>—</strong></span> <span class='ocrx_word' id='word_1_1309' title='bbox 1648 2824 1694 2840; x_wconf 88' lang='lat' dir='ltr'>non</span> <span class='ocrx_word' id='word_1_1310' title='bbox 1717 2818 1787 2840; x_wconf 86' lang='lat' dir='ltr'>habet</span> <span class='ocrx_word' id='word_1_1311' title='bbox 1806 2818 1931 2841; x_wconf 81' lang='lat' dir='ltr'>efficaciam</span> <span class='ocrx_word' id='word_1_1312' title='bbox 1954 2818 2003 2840; x_wconf 82' lang='lat' dir='ltr'>sine</span> <span class='ocrx_word' id='word_1_1313' title='bbox 2025 2817 2159 2840; x_wconf 87' lang='lat' dir='ltr'>contritione</span> 
     </span>
     <span class='ocr_line' id='line_1_213' title="bbox 1596 2857 2160 2885; baseline -0.002 -6"><span class='ocrx_word' id='word_1_1314' title='bbox 1596 2858 1641 2879; x_wconf 76' lang='lat'>395</span> <span class='ocrx_word' id='word_1_1315' title='bbox 1659 2864 1671 2879; x_wconf 83' lang='lat' dir='ltr'>a</span> <span class='ocrx_word' id='word_1_1316' title='bbox 1688 2870 1719 2873; x_wconf 97' lang='lat'><strong>—</strong></span> <span class='ocrx_word' id='word_1_1317' title='bbox 1736 2858 1790 2879; x_wconf 92' lang='lat' dir='ltr'>nihil</span> <span class='ocrx_word' id='word_1_1318' title='bbox 1808 2857 1868 2880; x_wconf 79' lang='lat' dir='ltr'>valet</span> <span class='ocrx_word' id='word_1_1319' title='bbox 1884 2857 1933 2879; x_wconf 90' lang='lat' dir='ltr'>sine</span> <span class='ocrx_word' id='word_1_1320' title='bbox 1950 2857 2070 2885; x_wconf 86' lang='lat' dir='ltr'>proposito</span> <span class='ocrx_word' id='word_1_1321' title='bbox 2084 2862 2160 2878; x_wconf 89' lang='lat' dir='ltr'>emen-</span> 
     </span>
     <span class='ocr_line' id='line_1_214' title="bbox 1595 2895 2160 2919; baseline -0.002 -1"><span class='ocrx_word' id='word_1_1322' title='bbox 1595 2897 1665 2919; x_wconf 87' lang='lat' dir='ltr'>dandi</span> <span class='ocrx_word' id='word_1_1323' title='bbox 1683 2896 1791 2919; x_wconf 90' lang='lat' dir='ltr'>delictum</span> <span class='ocrx_word' id='word_1_1324' title='bbox 1809 2896 1855 2918; x_wconf 85' lang='grc'>397</span> <span class='ocrx_word' id='word_1_1325' title='bbox 1872 2902 1884 2917; x_wconf 85' lang='lat' dir='ltr'>a</span> <span class='ocrx_word' id='word_1_1326' title='bbox 1897 2908 1927 2911; x_wconf 89' lang='lat'><strong>—</strong></span> <span class='ocrx_word' id='word_1_1327' title='bbox 1939 2901 1984 2918; x_wconf 93' lang='lat' dir='ltr'>non</span> <span class='ocrx_word' id='word_1_1328' title='bbox 2002 2896 2062 2917; x_wconf 88' lang='lat' dir='ltr'>valet</span> <span class='ocrx_word' id='word_1_1329' title='bbox 2079 2895 2107 2917; x_wconf 89' lang='lat' dir='ltr'>ad</span> <span class='ocrx_word' id='word_1_1330' title='bbox 2126 2895 2160 2917; x_wconf 83' lang='lat' dir='ltr'>vi-</span> 
     </span>
     <span class='ocr_line' id='line_1_215' title="bbox 1595 2934 2159 2963; baseline -0.002 -6"><span class='ocrx_word' id='word_1_1331' title='bbox 1595 2938 1640 2958; x_wconf 90' lang='lat' dir='ltr'>tam</span> <span class='ocrx_word' id='word_1_1332' title='bbox 1661 2938 1785 2963; x_wconf 87' lang='lat' dir='ltr'>aeternam,</span> <span class='ocrx_word' id='word_1_1333' title='bbox 1802 2935 1820 2957; x_wconf 87' lang='lat' dir='ltr'>si</span> <span class='ocrx_word' id='word_1_1334' title='bbox 1839 2936 1908 2957; x_wconf 88' lang='lat' dir='ltr'>homo</span> <span class='ocrx_word' id='word_1_1335' title='bbox 1931 2934 2011 2957; x_wconf 87' lang='lat' dir='ltr'>recidit</span> <span class='ocrx_word' id='word_1_1336' title='bbox 2028 2935 2049 2956; x_wconf 93' lang='lat' dir='ltr'>in</span> <span class='ocrx_word' id='word_1_1337' title='bbox 2067 2938 2159 2962; x_wconf 82' lang='lat' dir='ltr'>peccata</span> 
     </span>
     <span class='ocr_line' id='line_1_216' title="bbox 1595 2974 1673 2997; baseline -0.013 0"><span class='ocrx_word' id='word_1_1338' title='bbox 1595 2975 1640 2997; x_wconf 79' lang='grc'>645</span> <span class='ocrx_word' id='word_1_1339' title='bbox 1658 2974 1673 2996; x_wconf 88' lang='lat' dir='ltr'>b</span> 
     </span>
    </p>
   </div>
  </div>
 </body>
</html>
