2269 3448
710 220 750 248 nl]
773 220 915 248 schil’l'ls
937 221 1101 248 Sliltitrtltct
1126 221 1297 249 l)()(.''l'()lllS.
1842 228 1872 253 :tt

127 299 177 327 iam
201 299 311 327 aliunde
332 301 471 335 acceptam
494 307 576 335 quam
599 299 631 326 ad
655 306 752 326 novam
773 298 973 334 problematum

125 345 289 374 solutionem
312 353 346 373 ex
371 345 428 381 ipsa
461 345 703 381 l'eripalctirorum
737 344 863 372 doctrina
893 344 973 372 desn-

126 391 262 420 mendam.
285 391 350 419 Hinc
380 391 501 427 magistri
530 390 710 424 l'arisieiises,
733 394 787 418 tam
819 390 975 418 saeculares

124 446 206 475 quam
231 438 372 474 regulares
393 441 420 465 et
444 437 555 465 Ordinis
584 437 805 465 l’raedicatorum
834 439 861 464 et
890 437 973 464 lilino-

125 485 365 519 ru1u,doetrinae
387 484 528 521 Augustini
556 488 680 520 tempore.
713 484 758 511 illo
789 484 974 511 conununiter

124 532 320 560 adhaerebant.

204 580 325 607 Attamen
350 582 410 615 post
432 578 551 607 medium
575 578 676 606 saeculi
699 578 762 606 Xlll.
786 578 872 605 maior
894 581 921 605 et
936 578 973 605 61-

126 626 235 654 ticacior
257 625 408 654 Aristotelis
423 625 574 653 auctoritas
589 625 674 653 evasit
689 624 809 653 duorum
827 624 974 660 praecipue

126 673 249 701 virorum
273 673 381 709 ingenio
403 676 429 700 et
451 672 557 705 studio,
580 672 683 700 scilicet
706 672 732 699 B.
756 671 856 699 Δ11116111
886 671 972 707 Magni

125 723 152 747 et
173 719 232 748 eius
253 719 379 755 discipuli
402 719 427 747 S.
450 719 579 746 'l'homae
603 719 629 746 Β,
663 718 790 746 Albertus
822 721 912 746 tamen
946 718 971 745 in

125 767 208 795 rebus
231 766 392 803 praesertim
415 765 576 802 theologicis
592 766 758 802 plerumque
772 765 864 793 adhuc
879 773 974 801 sequo-

124 813 206 841 batur
229 813 254 841 in
271 812 494 841 conclusionibus
509 812 695 841 Alexandrum
712 812 868 845 llalensem,
884 812 929 839 sed
948 812 972 839 in

124 860 233 897 scriptis
255 861 279 888 S.
303 860 424 888 Thomae
447 859 533 896 magis
554 862 669 896 apparet
690 858 836 895 applicatio
858 859 974 895 philoso-

124 907 204 944 phiae
226 907 419 936 Aristotelicae.
443 907 504 935 ideo
525 910 586 934 orta
607 909 648 934 est
667 906 801 942 quaedam
825 905 850 933 in
873 905 974 933 scholis

124 954 262 982 innovatio
284 957 311 982 et
332 954 413 982 etiam
436 952 624 981 controversia
646 952 717 981 inter
739 960 785 981 eos
807 952 852 989 qui
876 960 973 988 seque-

124 1002 225 1030 bantur
238 1001 370 1029 vexillum
386 1001 411 1029 S.
424 1000 578 1037 Augustini,
593 1003 620 1028 et
636 1008 682 1028 eos
697 1000 744 1036 qui
768 999 974 1036 praeponebant

123 1049 298 1085 aliquatenus
314 1048 493 1076 Aristotelem.
511 1047 547 1075 lta
563 1046 686 1075 veritatis
706 1046 805 1074 limites
827 1046 972 1079 excedens,

124 1095 219 1123 scribit
239 1094 272 1123 de
294 1095 398 1122 'l'homa
419 1094 582 1122 Guillelmus
603 1094 636 1122 de
658 1094 745 1122 Toeco
767 1094 842 1126 (Acta
863 1093 974 1121 Sancto-

124 1149 187 1170 rum
210 1141 253 1169 vlt
282 1141 385 1175 Martii,
408 1149 433 1169 n.
460 1141 531 1173 15.“);
559 1152 572 1165 ιι
588 1141 650 1168 Erat
672 1140 744 1168 enim
768 1147 853 1167 novos
876 1139 901 1167 in
925 1147 974 1167 sua

124 1189 239 1217 lectione
262 1196 374 1216 movens
394 1188 535 1222 articulos,
558 1196 660 1216 novum
685 1187 796 1215 modum
819 1190 845 1215 et
867 1187 973 1215 clarum

123 1235 322 1264 determinandi
339 1235 480 1263 inveniens
502 1238 528 1263 et
543 1239 628 1263 novas
647 1234 782 1263 reducens
804 1234 830 1262 10
846 1233 975 1262 determi-

124 1282 281 1311 nationibus
296 1282 424 1316 13110065,
440 1285 471 1310 111
486 1289 576 1315 116010,
592 1282 638 1318 (1111
656 1281 745 1318 ipsum
762 1281 892 1314 audisset,
905 1288 975 1308 nova

124 1328 223 1357 docere
244 1332 271 1357 et
292 1328 370 1357 novis
395 1328 548 1357 rationibus
569 1328 652 1356 dubia
680 1328 795 1356 desinire
822 1327 975 1361 dubitaret,

125 1376 199 1412 quod
221 1383 284 1404 eum
309 1376 381 1404 Deus
402 1375 464 1404 novi
494 1375 607 1403 luminis
635 1374 719 1403 radiis
741 1375 904 1407 illustraret,
927 1374 973 1410 qui

125 1423 215 1451 statim
240 1425 294 1450 tam
313 1422 380 1450 certi
403 1422 537 1459 coepisset
559 1421 668 1455 iudicii,
692 1425 722 1449 ut
743 1429 796 1449 non
819 1421 975 1454 dubitaret,

124 1478 209 1498 novas
230 1469 372 1506 opiniones
392 1469 492 1497 docere
513 1472 540 1497 et
555 1468 686 1502 scribere,
702 1476 771 1505 quas
787 1468 860 1496 Deus
881 1467 974 1504 digna-

124 1520 170 1545 tus
184 1519 265 1550 esset,
281 1517 388 1545 noviter
410 1516 546 1552 inspirare
562 1528 588 1542 ».
611 1515 649 1544 De
665 1516 716 1543 hac
731 1515 812 1543 studii
830 1514 973 1551 theologici

126 1563 301 1591 innovatione
323 1566 350 1591 et
372 1563 418 1591 lite
450 1562 558 1591 erudite
589 1562 700 1599 scripsit
721 1562 754 1590 61.
779 1562 804 1589 P.
827 1561 868 1589 Fr.
893 1561 974 1589 Ehrle

125 1611 149 1638 S.
167 1610 184 1637 l.
200 1609 299 1638 Archiv
315 1609 361 1637 fiir
376 1609 526 1639 Litteratur
542 1609 598 1637 und
614 1608 855 1641 Kirclien-Gesch.,
869 1611 931 1636 tom.
945 1608 974 1636 V.

125 1665 185 1694 pag.
208 1656 335 1685 603-635
359 1656 540 1692 (continuatio
562 1655 653 1684 adhuc
674 1656 770 1691 deest).

204 1705 230 1732 ⁰2.
253 1704 344 1740 Quare
367 1703 478 1731 minime
497 1702 653 1731 mirandum
669 1706 719 1736 est,
733 1702 904 1739 antiquiores
920 1710 975 1730 ma-

124 1751 225 1788 gistros
247 1750 433 1778 universitatis
461 1749 620 1778 Parisiensis
641 1752 668 1777 et
689 1749 771 1778 etiam
794 1748 975 1782 Oxoniensis,

125 1802 184 1827 tuin
216 1797 387 1831 saeculares,
421 1800 479 1825 tum
512 1797 660 1833 utriusque
691 1795 803 1824 Ordinis
835 1796 976 1832 regulares

128 1845 212 1873 huius
241 1844 423 1873 innovationis
452 1844 625 1872 adversarios
653 1844 737 1872 1111556
759 1847 786 1871 61
807 1844 832 1871 S.
855 1843 976 1871 Thomae

126 1891 234 1919 fortiter
256 1890 466 1919 contradixisse.
489 1890 562 1919 lnter
584 1891 730 1927 magistros
757 1889 868 1918 Ordinis
897 1890 976 1918 Prae-

125 1938 279 1967 dicatorum
302 1942 394 1975 partes
415 1938 557 1975 Augustini
585 1937 714 1966 tenebant
741 1938 851 1966 Fratres
880 1937 976 1965 Rolan-

128 1986 180 2015 dus
191 1986 224 2014 de
236 1986 380 2020 Cremona,
397 1985 532 2014 Robertus
547 1985 697 2019 Fitzacker,
715 1986 790 2022 Hugo
805 1993 821 2013 a
835 1986 860 2013 S.
877 1985 976 2018 Charo,

128 2035 224 2063 Petrus
245 2042 261 2062 a
283 2034 443 2062 Tarantasia
464 2037 491 2062 et
506 2033 643 2062 Robertus
657 2033 825 2069 Kilwardby.
842 2033 914 2061 lnter
929 2032 975 2060 Mi-

127 2089 208 2110 nores
229 2085 289 2109 erat
309 2081 506 2117 antesignanus
526 2081 569 2109 Fr.
594 2081 706 2109 loannes
728 2080 906 2114 Pecchamus,
929 2079 975 2116 qui

127 2128 208 2157 etiam
230 2127 381 2164 disputavit
402 2131 498 2156 contra
519 2128 544 2155 S.
567 2128 711 2160 Thomam,
733 2127 835 2163 aliique
849 2126 975 2163 discipuli

127 2177 152 2204 S.
176 2175 391 2203 Bonaventnrae.
414 2175 488 2203 Licet
508 2174 618 2203 nullum
648 2174 836 2203 testimonium
862 2174 976 2206 existat,

128 2222 200 2260 quod
222 2223 247 2250 S.
270 2221 462 2250 Bonaventura
483 2229 615 2258 expresse
636 2221 736 2258 egisset
757 2224 853 2249 contra
868 2221 892 2248 S.
909 2220 978 2248 Tho-

128 2277 211 2303 mam,
233 2272 323 2297 tamen
346 2268 433 2297 fidelis
455 2269 480 2296 S.
502 2268 645 2305 Augustini
662 2267 765 2296 assecla
779 2275 888 2303 semper
905 2274 977 2295 man-

128 2317 163 2345 sit
184 2319 211 2344 et
232 2315 384 2344 doctrinam
406 2315 632 2352 Augustinianam
654 2315 687 2343 de
708 2314 876 2342 rationibus
896 2313 978 2341 semi-

128 2362 247 2391 nalibus
267 2365 295 2390 et
315 2361 348 2390 de
367 2361 541 2398 pluralitate
561 2360 733 2398 formarum
755 2360 977 2389 substantialium

129 2410 237 2446 aliaque
258 2416 367 2445 semper
387 2408 508 2437 defendit
516 2419 523 2442 ;
547 2409 659 2445 insuper
682 2407 805 2436 defectus
827 2406 978 2435 Aristotelis

129 2456 229 2485 acriter
258 2455 438 2492 impugnavit.
461 2455 514 2484 Hoc
545 2454 721 2483 manifestum
751 2454 781 2483 111
811 2462 847 2483 ex
879 2454 978 2482 ultimo

129 2505 154 2532 S.
181 2503 305 2531 Doctoris
326 2510 419 2539 opere,
444 2501 518 2539 quod
546 2501 723 2530 inscribitur:
749 2501 919 2530 Coalczcitones
946 2500 978 2528 in

131 2552 345 2584 Hexue'meron,
368 2549 440 2586 quod
464 2549 631 2586 praedicavit
652 2552 776 2586 tempore
801 2548 911 2577 hiemali
933 2556 976 2576 an.

133 2598 215 2627 1273.
239 2597 274 2625 lbi
308 2597 335 2625 in
363 2597 512 2625 Collatione
534 2597 559 2624 6.
582 2600 609 2625 et
631 2598 656 2624 7.
680 2596 830 2624 insectatus
857 2599 898 2624 est
920 2595 978 2623 Ari-

131 2645 255 2674 stotelem
277 2644 465 2673 enumerando
486 2644 588 2672 multos
609 2651 719 2672 errores
747 2651 902 2680 eorumque
922 2643 978 2671 ori-

131 2692 231 2729 ginem.
260 2691 332 2720 lnter
361 2691 414 2719 alia
441 2691 467 2719 in
496 2691 585 2719 collat.
615 2691 640 2719 6,
669 2690 750 2724 dicit,
778 2690 869 2726 ipsum
898 2698 978 2719 exse-

131 2746 223 2767 crasse
252 2738 325 2766 ideas
354 2737 471 2765 Platonis
498 2740 581 2774 atque
609 2737 724 2770 docere,
754 2736 841 2765 Deum
870 2736 977 2765 nullum

132 2785 299 2822 particulare
321 2787 402 2813 extra
423 2791 452 2812 se
473 2792 653 2821 cognoscere;
675 2792 711 2812 ex
740 2784 791 2812 isto
813 2791 908 2812 errore
937 2791 978 2812 56-

133 2833 179 2870 qui
202 2833 286 2861 alium
308 2840 450 2865 errorem,
483 2831 585 2860 scilicet
606 2832 693 2860 Deum
722 2840 776 2860 non
805 2832 908 2860 habere
930 2840 979 2860 nec

133 2879 340 2917 praescientiam
364 2886 413 2907 nec
436 2878 651 2915 providentiam,
673 2882 699 2907 et
718 2878 811 2907 omnia
831 2878 890 2907 fieri
913 2887 979 2907 casu

134 2927 175 2955 vel
206 2927 368 2955 necessitate
400 2926 489 2959 t'atali;
521 2926 584 2954 inde
615 2926 709 2963 sequi,
742 2933 796 2954 non
828 2933 887 2954 esse
916 2933 978 2962 poe-

133 2982 195 3002 nam
218 2982 268 3003 nec
290 2973 486 3002 beatitudinem
509 2976 570 3010 post
591 2973 661 3001 hanc
682 2973 773 3001 vitam.
791 2973 913 3009 Denique
928 2973 978 3009 ipsi

134 3021 231 3050 tribuit
252 3021 331 3050 aliam
361 3021 518 3050 caecitatem
552 3021 592 3049 vel
622 3020 781 3057 caliginem,
812 3020 915 3048 scilicet
945 3020 979 3048 de

1032 299 1194 327 aeternitate
1217 299 1320 333 mundi,
1342 300 1375 327 de
1399 301 1502 329 unitate
1525 302 1679 330 intellectus
1700 306 1750 330 etc.
1775 319 1810 323 —
1834 304 1879 331 Ali-

1033 346 1088 373 tius·
1108 346 1239 374 describit
1261 354 1338 374 snam
1365 347 1398 375 de
1420 348 1570 383 Augustino
1595 352 1621 376 61
1649 349 1791 377 Aristotele
1820 359 1879 378 sen-

1033 392 1144 419 tentiam
1169 392 1193 419 in
1216 393 1326 428 egregio
1342 394 1488 421 Sermone:
1507 394 1640 422 Cliri‘slus
1656 404 1732 423 intus
1748 397 1878 424 0110111110

1032 439 1171 474 dicastis-cm*
1193 441 1269 474 (tom.
1293 439 1323 467 V.
1347 448 1406 476 pag.
1430 441 1485 469 572
1508 443 1593 477 seq.):
1621 453 1633 465 «
1650 442 1722 470 Licet
1737 443 1825 470 anima
1843 452 1880 470 se-

1031 486 1153 513 cuudum
1184 487 1366 522 Augustinum
1396 495 1527 515 eminam
1548 488 1585 515 sit
1608 488 1716 525 leyt'bus
1738 490 1879 522 aeternis»,

1031 531 1096 567 quia
1117 531 1211 568 aliquo
1233 532 1313 560 modo
1336 533 1401 561 illud
1425 534 1516 562 lumen
1539 535 1648 570 attingit
1667 535 1818 563 secuudum
1835 544 1880 563 su-

1032 584 1154 613 premam
1177 579 1262 607 aciem
1286 579 1441 607 intellectns
1461 581 1566 617 agentis
1587 584 1613 609 et
1628 581 1800 617 superiorein
1818 590 1880 618 por-

1033 625 1133 653 tionem
1156 626 1279 659 rationis,
1296 626 1482 655 indubitanter
1499 630 1588 655 tamen
1606 635 1701 655 verum
1718 632 1767 662 est,
1783 636 1881 657 secun-

1030 671 1095 699 dum
1119 672 1192 709 quod
1214 672 1279 701 dicit
1301 673 1492 709 Philosophus,
1514 674 1696 710 cognitionem
1711 675 1837 711 generari
1855 675 1879 702 in

1030 719 1110 747 nobis
1126 719 1168 747 via
1183 727 1329 753 sensuum,
1352 721 1500 749 memoriae
1515 725 1542 749 et
1556 722 1753 758 experientiae,
1768 731 1803 750 ex
1820 723 1880 759 11111-

1031 766 1083 794 11115
1104 766 1242 803 colligitur
1265 767 1430 795 mzz‘versale
1452 768 1478 795 in
1501 768 1595 802 nobis,
1618 769 1691 805 quod
1715 772 1757 797 est
1779 770 1881 806 prinei-

1032 813 1107 849 pimn
1129 813 1197 842 artis
1218 816 1244 841 et
1266 814 1403 842 scientiae.
1428 815 1502 843 Unde
1517 815 1582 852 quia
1598 815 1671 843 l’lato
1688 819 1769 844 totam
1789 817 1880 853 cogni-

1031 860 1132 888 tionem
1155 860 1375 889 certitudinalem
1398 862 1534 890 convertit
1555 862 1588 890 ad
1618 863 1751 891 mundum
1781 863 1881 891 intelli-

1030 907 1158 943 gibilem,
1181 907 1240 936 ideo
1263 908 1361 936 merito
1384 909 1571 945 reprehensus
1593 910 1645 938 fuit
1665 910 1700 938 ab
1729 911 1879 939 Aristotele.

1033 954 1063 981 Et
1085 954 1137 982 hoc
1160 954 1293 990 ponendo,
1318 955 1379 983 licet
1400 956 1497 991 (Plato)
1514 956 1655 985 videretur
1671 957 1792 986 stabilire
1808 958 1878 986 viam

1030 1001 1208 1037 sapientiae,
1231 1009 1302 1038 quae
1324 1003 1447 1039 procedit
1468 1003 1620 1031 secundum
1644 1004 1764 1032 rationes
1792 1007 1881 1033 aeter-

1032 1055 1089 1081 nas,
1110 1047 1270 1076 destruebat
1293 1051 1383 1077 tamen
1407 1049 1477 1077 viam
1499 1050 1650 1083 scientiae,
1673 1058 1743 1087 quae
1760 1051 1881 1087 procedit

1032 1094 1184 1122 secundum
1208 1095 1328 1124 rationes
1349 1099 1463 1124 creatas.
1488 1097 1518 1124 Et
1540 1096 1599 1125 ideo
1622 1097 1739 1131 videtur,
1755 1097 1829 1134 quod
1845 1098 1882 1126 in-

1032 1144 1074 1169 ter
1097 1141 1275 1178 philosophos
1296 1142 1377 1171 datus
1399 1143 1433 1171 sit
1456 1143 1556 1171 Platoni
1584 1152 1675 1172 sermo
1702 1145 1879 1181 supientiae,

1033 1188 1168 1217 Aristoteli
1192 1196 1258 1217 vero
1280 1197 1372 1218 sermo
1392 1190 1536 1218 scienciae.
1560 1191 1606 1219 llle
1627 1191 1699 1219 enim
1724 1191 1881 1228 principali—

1034 1238 1074 1263 ter
1096 1235 1244 1271 aspiciebat
1265 1236 1297 1264 ad
1320 1236 1473 1273 superiora,
1496 1237 1539 1265 hic
1563 1245 1629 1266 vero
1644 1237 1832 1274 principaliter
1847 1238 1880 1266 ad

1033 1281 1170 1310 inferiora.
1194 1298 1229 1303 —
1254 1282 1374 1319 Uterque
1395 1286 1488 1311 autem
1514 1292 1621 1318 561010,
1643 1284 1745 1313 56111661
1766 1285 1881 1321 511111611-

1032 1329 1089 1357 tc'ae
1110 1332 1137 1357 et
1158 1329 1310 1363 scientiae,
1334 1338 1382 1366 per
1405 1331 1536 1367 Spiritum
1570 1335 1695 1359 sanctum
1728 1331 1809 1360 datus
1841 1335 1882 1360 est

1032 1376 1184 1412 Augustino
1206 1380 1335 1413 tanquam
1358 1377 1507 1414 praecipuo
1529 1378 1680 1414 expositori
1705 1378 1788 1407 totius
1809 1379 1882 1407 Seri-

1033 1426 1132 1460 pturae
1154 1424 1220 1452 satis
1241 1424 1419 1458 excellenter,
1441 1425 1513 1453 sient
1534 1433 1570 1453 ex
1592 1426 1651 1453 eius
1673 1426 1783 1462 scriptis
1798 1434 1881 1463 appa—

1033 1473 1115 1498 ret».
1138 1469 1204 1498 Alibi
1237 1470 1278 1505 (ll.
1311 1471 1383 1499 Sent.
1416 1478 1475 1507 pag.
1506 1472 1542 1499 ⁵202
1575 1472 1624 1500 col.
1649 1472 1688 1507 ll.)
1710 1472 1880 1500 Aristotelem

1032 1520 1111 1544 vocat
1139 1516 1362 1545 excellentiorem
1393 1517 1463 1546 inter
1493 1518 1678 1555 philosophos.
1702 1535 1739 1539 —
1762 1519 1799 1547 De
1827 1527 1881 1548 usu

1032 1563 1183 1591 Aristotelis
1204 1571 1219 1591 a
1241 1564 1415 1593 Scholasticis
1437 1564 1485 1593 csr.
1509 1566 1649 1602 egregium
1672 1574 1742 1602 opus
1770 1566 1881 1594 L’Arz'-

1032 1609 1185 1638 scocelismo
1207 1610 1282 1638 della
1304 1610 1464 1639 Scolastm
1485 1611 1528 1640 del
1558 1612 1626 1640 Prof.
1659 1613 1799 1642 Salvatore
1831 1614 1880 1642 Ta·

1034 1657 1104 1685 lamo
1125 1657 1167 1685 ed.
1192 1658 1230 1685 lll.
1253 1658 1332 1686 Siena
1356 1658 1439 1692 1881,
1461 1662 1488 1687 61
1511 1660 1658 1696 praecipue
1678 1663 1748 1696 part.
1772 1660 1799 1688 ll.
1822 1668 1880 1697 cap.

1034 1703 1061 1730 ll.
1086 1703 1124 1730 lll.
1148 1703 1189 1731 lV.

1112 1750 1184 1778 Talis
1205 1750 1340 1787 oppositio
1361 1754 1457 1779 contra
1478 1752 1625 1780 nonnullas
1646 1753 1671 1780 S.
1687 1753 1807 1781 Thomae
1822 1753 1881 1781 the-

1033 1804 1076 1825 ses
1099 1797 1197 1825 limites
1219 1797 1343 1826 veritatis
1364 1798 1499 1832 excessit;
1522 1806 1584 1826 nam
1607 1799 1741 1835 quaedam
1761 1800 1781 1827 T
1785 1800 1882 1828 homae

1033 1844 1175 1880 opiniones
1196 1852 1239 1872 an.
1266 1845 1339 1872 1277
1361 1844 1396 1873 ab
1416 1845 1544 1882 episcopo
1567 1846 1709 1874 Parisiensi
1732 1854 1795 1875 cum
1818 1854 1882 1875 con-

1033 1890 1093 1919 silio
1117 1891 1312 1927 magistrorum
1335 1892 1498 1928 reprobatae
1520 1896 1594 1926 sunt,
1616 1896 1643 1921 61
1664 1893 1761 1922 deinde
1777 1894 1802 1921 in
1820 1901 1882 1929 syn-

1033 1938 1085 1966 odo
1111 1938 1274 1966 Londinensi
1302 1938 1355 1967 sub
1383 1939 1589 1976 archiepiscopo
1617 1940 1805 1969 Cantuariensi
1828 1940 1882 1968 Kil-

1034 1985 1149 2021 wardby
1171 1984 1236 2013 Ord.
1260 1985 1353 2014 Praed.
1376 1989 1403 2014 et
1423 1986 1526 2015 iterum
1555 1987 1608 2015 sub
1636 1987 1696 2015 eius
1724 1995 1883 2016 successore

1035 2031 1185 2060 Peechamo
1206 2031 1272 2060 Ord.
1295 2032 1357 2060 Min.
1380 2032 1524 2061 damnatae
1546 2037 1626 2067 sunt,
1649 2033 1695 2062 sed
1718 2034 1785 2062 haec
1800 2034 1882 2062 nimia

1036 2078 1194 2115 reprobatio
1215 2079 1334 2116 Angelici
1356 2079 1482 2108 Doctoris
1503 2081 1673 2109 occasionem
1695 2081 1778 2115 dedit,
1794 2084 1825 2109 ut
1839 2089 1883 2109 ca-

1035 2126 1155 2162 pitulum
1176 2126 1305 2163 generale
1327 2126 1392 2155 Ord.
1415 2127 1508 2155 Praed.
1531 2136 1574 2156 an.
1600 2128 1673 2156 1278
1696 2131 1722 2156 61
1747 2128 1820 2156 1“279
1844 2130 1883 2156 10-

1036 2175 1089 2201 tam
1112 2173 1137 2200 S.
1159 2173 1280 2202 Thomae
1301 2173 1454 2202 doctrinam
1477 2174 1644 2211 approbaret
1663 2177 1689 2204 et
1704 2183 1720 2203 a
1735 2175 1883 2203 lectoribus

1034 2219 1145 2248 Ordinis
1166 2220 1262 2248 saltem
1279 2224 1309 2249 ut
1323 2220 1494 2257 probabilem
1512 2221 1655 2250 tenendam
1672 2222 1881 2258 praescriberet.

1034 2267 1073 2294 De
1095 2270 1151 2294 tota
1173 2267 1224 2295 hac
1246 2268 1434 2296 controversia
1455 2267 1516 2296 vide
1537 2268 1619 2296 etiam
1642 2277 1712 2305 opus
1733 2268 1811 2296 Card.
1841 2269 1884 2296 Zi-

1034 2313 1129 2349 gliara,
1142 2313 1175 2341 de
1186 2313 1276 2342 Mente
1286 2313 1408 2342 Concidit
1421 2314 1586 2343 Viennensis
1598 2318 1659 2348 eto,
1671 2323 1731 2352 pag.
1747 2315 1881 2344 lae-⁵213.

1114 2360 1224 2388 Praeter
1246 2360 1399 2397 praedictas
1421 2361 1554 2395 rationeS,
1569 2370 1641 2398 quae
1663 2366 1781 2390 mentem
1796 2362 1882 2390 nostri

1034 2407 1160 2435 Doctoris
1182 2415 1346 2444 propensam
1372 2407 1523 2436 reddebant
1550 2408 1577 2436 in
1605 2408 1727 2437 favorem
1756 2409 1883 2445 Augusti-

1035 2454 1179 2487 nianismi,
1201 2454 1283 2482 etiam
1304 2454 1372 2483 aliae
1394 2463 1447 2483 non
1468 2454 1583 2489 desunt,
1606 2463 1677 2492 (11136
1698 2464 1761 2484 eum
1791 2463 1884 2484 move-

1034 2501 1101 2529 bant
1121 2501 1147 2529 in
1170 2500 1288 2529 eundem
1310 2500 1402 2529 finem.
1426 2501 1481 2529 lam
1504 2501 1644 2538 inceperat
1658 2502 1758 2530 docere
1774 2506 1800 2530 61
1816 2502 1883 2530 scri—

1034 2547 1100 2576 bere
1121 2555 1192 2584 opus
1213 2555 1295 2576 suum
1316 2547 1477 2584 principale,
1499 2548 1556 2576 scil.
1589 2548 1823 2577 Commentariun]
1856 2548 1882 2576 in

1035 2595 1188 2623 Sententias
1209 2594 1235 2622 in
1258 2594 1349 2624 adhuc
1380 2595 1492 2623 iuvenili
1524 2599 1627 2629 aetate,
1659 2599 1807 2632 antequam
1838 2596 1883 2624 illa

1034 2650 1105 2671 nova
1126 2642 1197 2671 ratio
1217 2642 1373 2671 studiorum
1392 2642 1501 2679 incepit.
1517 2643 1619 2671 Tamen
1642 2643 1668 2670 in
1690 2642 1766 2671 brevi
1788 2643 1884 2671 acade-

1035 2689 1113 2718 micis
1135 2689 1233 2718 studiis
1254 2692 1281 2717 et
1304 2689 1466 2717 lectionibus
1481 2689 1642 2717 renuntiare
1656 2689 1760 2723 debuit,
1776 2697 1883 2718 assum-

1037 2740 1090 2770 tus,
1112 2737 1159 2764 vix
1181 2744 1268 2765 annos
1289 2736 1324 2765 35
1341 2738 1431 2769 natus,
1447 2735 1480 2764 ad
1496 2736 1563 2764 vasti
1586 2736 1628 2764 sui
1650 2736 1761 2765 Ordinis
1781 2736 1884 2773 guber-

1036 2784 1123 2817 nium‚
1138 2783 1211 2812 unde
1233 2784 1344 2820 plenum
1369 2782 1502 2812 mirabilis
1523 2784 1565 2812 sui
1589 2784 1687 2820 ingenii
1703 2786 1730 2812 et
1744 2783 1883 2812 doctrinae

1036 2831 1237 2859 incrementum
1259 2831 1368 2868 assequi
1390 2839 1444 2859 non
1467 2831 1570 2868 potuit,
1592 2834 1624 2859 ut
1645 2832 1670 2859 S.
1686 2831 1812 2859 Thomas.
1829 2831 1884 2859 1113-

1036 2886 1088 2914 gna
1110 2878 1192 2906 etiam
1214 2878 1283 2906 ratio
1297 2878 1464 2906 adhaerendi
1480 2878 1631 2914 AugustIno
1653 2880 1712 2906 erat
1727 2878 1827 2914 ingenii
1843 2878 1883 2906 in-

1039 2928 1100 2953 nata
1121 2925 1236 2953 facultas
1256 2928 1283 2953 et
1305 2925 1463 2961 proclivitas
1484 2928 1511 2954 et
1531 2925 1665 2962 quaedam
1689 2933 1751 2954 cnm
1774 2925 1884 2954 Platone

1036 2976 1063 3001 et
1084 2972 1235 3008 Augustino
1256 2980 1412 3009 congruens
1433 2972 1515 3000 animi
1531 2972 1687 3009 dispositiO,
1707 2981 1778 3009 quae
1793 2973 1883 3009 ipsum

1036 3020 1122 3056 magis
1142 3019 1206 3047 fecit
1227 3019 1398 3056 propendere
1419 3019 1452 3047 ad
1468 3019 1619 3055 synthesim
1634 3019 1776 3056 Augustini
1799 3028 1883 3057 quam
