2269 3448
645 232 697 255 SCR

392 272 565 301 intelligentiam
592 276 614 295 et
639 272 804 300 expositionem
822 271 868 294 354
887 271 901 293 b
926 284 956 287 —

391 313 524 340 Scripturae
541 318 623 334 sensus
639 311 740 334 litteralis
762 314 796 333 est
813 311 871 333 sicut
896 317 956 340 aqua

392 355 414 373 et
433 351 482 374 eius
504 357 585 373 sensus
608 351 730 378 mystich
756 350 913 378 tropologicus
935 353 956 372 et

392 391 533 418 anagogicus
555 390 613 413 sieut
638 390 719 412 vinum
742 389 783 411 731
806 389 821 411 b
843 401 874 405 —
896 389 957 417 Qua-

392 430 489 458 druplex
506 430 631 452 intellectus
649 429 780 457 Scripturae
797 428 900 450 innititur
919 434 957 450 su-

392 475 434 497 per
459 471 559 497 quatuor
584 474 681 496 sponsas
706 467 788 491 Christi
815 467 859 489 495
884 467 899 489 b
926 478 956 483 --

393 509 478 530 Sensus
504 508 661 536 tropologicus
685 509 707 529 et
732 507 873 534 anagogicus
898 505 958 528 desi-

393 551 491 575 gnantur
509 554 549 575 per
567 548 611 569 mcl
637 550 659 569 et
681 547 757 569 oleum
777 546 821 568 473
839 552 850 567 0
869 558 898 562 -
917 546 957 567 Per

393 587 448 609 istos
465 587 601 609 instruimur
619 586 640 608 in
658 586 703 608 vita
721 585 794 607 activa
813 588 835 606 ct
856 587 957 607 contem-

393 626 476 654 plativa
496 624 551 648 ibid.
571 637 601 641 —
624 625 707 653 exponi
733 623 803 646 debet
827 623 956 645 secundnm

392 665 536 688 conditiones
552 664 684 686 auditorum
702 664 743 685 73l
765 669 777 685 a

439 717 469 720 —
487 705 509 726 ln
528 704 644 731 Scriptura
663 706 754 725 notatur
766 702 844 729 triplex
863 702 897 723 lex
913 700 957 723 354

394 743 408 766 1)
425 756 456 760 -
473 747 506 765 est
523 744 559 765 lux
575 742 653 770 legalis
671 742 691 763 in
706 741 848 767 Patriarchis,
860 741 958 768 prophe-

393 783 441 805 talis
459 783 480 805 in
504 782 623 810 Prophetis
639 785 661 804 et
678 781 714 803 lux
733 780 910 807 Evangeliorum
936 779 957 801 in

392 821 507 850 Apostolis
528 821 568 843 150
581 827 592 842 0
605 832 636 837 —
654 821 675 842 ln
695 819 818 847 scripturis
835 822 869 841 est
880 819 956 841 oleum

392 868 478 889 purum
500 861 522 883 in
546 860 609 882 libris
627 859 749 887 legalibus;
762 859 850 887 purius,
867 858 888 880 111
909 864 958 886 pro-

393 900 500 929 0006115,
513 900 671 928 purissimum,
688 899 710 921 in
728 898 868 926 evangelicis
885 897 929 920 547
943 897 957 919 b

438 949 469 956 ⁷—
487 939 655 962 multiformiter
668 938 768 967 loquitur
780 938 808 960 de
826 937 908 959 Christi
920 937 957 959 ad-

393 982 471 1006 ventu,
489 979 535 1001 vita
553 982 575 1001 et
591 982 665 1000 morte
683 978 711 999 52
726 977 739 999 1)
757 990 787 993 -
805 978 826 999 ln
840 976 956 1004 Scriptura

393 1019 507 1047 quaedam
526 1018 624 1046 legimus
635 1017 720 1044 scripta
736 1017 757 1038 in
775 1016 873 1043 Christo,
889 1021 958 1044 quae-

393 1058 447 1080 dam
465 1058 495 1080 de
517 1057 619 1084 Christo,
645 1056 761 1085 quaedam
784 1062 795 1077 a
822 1055 911 1077 Christo
936 1058 958 1077 01

392 1097 507 1126 quaedam
531 1103 573 1124 pro
590 1095 679 1119 Christo
698 1096 726 1118 53
753 1101 765 1117 a
782 1107 813 1111 —
838 1097 872 1116 est
896 1094 957 1116 stella

392 1137 505 1160 inducens
521 1136 551 1158 ad
569 1136 683 1158 Christum
703 1135 747 1156 150
765 1141 776 1156 0

441 1189 469 1192 ——
493 1176 582 1198 Bonum
608 1178 642 1197 est
667 1177 759 1196 sanctae
777 1173 909 1201 Scripturae
926 1172 958 1194 in-

393 1216 486 1238 tendere
505 1216 533 1237 83
551 1214 566 1236 b
582 1227 614 1231 —
625 1213 807 1237 Commendatur
824 1212 956 1235 exercitium

393 1255 416 1277 in
433 1255 546 1282 scriptura
559 1255 659 1276 bumana
672 1256 694 1275 et
710 1259 773 1275 saera
793 1252 837 1274 640
855 1258 866 1273 a
880 1263 909 1268 —
926 1251 958 1273 di-

393 1295 451 1317 citur
468 1300 532 1322 ager,
549 1294 588 1322 qui
606 1296 640 1315 est
662 1292 802 1315 habitandus
826 1297 867 1319 per
884 1291 957 1313 lectio⁴

392 1340 453 1362 nem,
466 1333 636 1355 meditationem
649 1335 671 1354 et
683 1330 899 1358 contemptationem
916 1330 957 1351 195

393 1372 408 1395 1)
425 1385 455 1389 -
473 1373 515 1401 Qui
538 1372 612 1400 diligit
630 1371 779 1399 Scripturam,
797 1370 871 1397 diligit
888 1369 957 1391 etiam

392 1412 562 1440 philosophiam
580 1412 609 1433 63
622 1417 634 1433 a
652 1423 682 1427 —
695 1410 737 1438 Qui
756 1416 801 1432 non
814 1409 887 1436 diligit
899 1408 958 1430 Scri-

393 1454 483 1479 pturam
501 1451 560 1473 cadit
579 1456 591 1472 a
610 1450 654 1472 fide
672 1449 725 1472 ibid.

440 1504 469 1506 —
488 1490 621 1518 indigemus
639 1490 689 1511 luce
706 1494 785 1510 sacrae
811 1488 956 1515 Scripturae,

392 1530 465 1552 donec
483 1531 595 1552 elucescat
614 1529 662 1551 dies
679 1527 818 1550 aeternitatis
837 1528 880 1550 150
898 1533 910 1549 0
927 1539 958 1543 —-

392 1572 437 1592 tota
455 1569 483 1591 ad
510 1570 553 1591 hoc
570 1569 656 1596 nititur,
683 1571 706 1590 ut
727 1567 795 1589 timor
822 1566 913 1589 Domini
936 1566 957 1588 in

393 1609 485 1631 bomine
502 1610 625 1636 generetur
643 1607 688 1630 575
700 1613 711 1629 0
729 1619 760 1623 -
777 1606 908 1634 scripturae
921 1612 958 1628 au-

394 1650 469 1670 ctores
487 1649 580 1675 propter
598 1649 699 1668 nostram
724 1645 842 1667 utilitatem
860 1644 958 1672 scripse-

392 1689 446 1708 runt
462 1686 490 1708 53
509 1692 520 1707 a
539 1698 569 1702 -
586 1689 681 1713 propter
701 1684 867 1713 quintupliccm
890 1683 958 1706 ratio-

393 1732 445 1748 nem
464 1725 524 1747 utilis
546 1728 579 1747 est
597 1724 626 1746 ad
649 1724 802 1746 erudiendum
824 1723 957 1745 rationalem

392 1768 471 1787 contra
490 1764 655 1792 ignorantiam,
674 1763 702 1785 ad
730 1763 900 1785 sortilicandum
918 1762 959 1784 ira-

392 1803 495 1826 scibilem
513 1806 590 1826 contra
609 1802 784 1831 impatientiam,
801 1802 830 1824 ad
843 1802 959 1824 consolan·

393 1844 449 1866 dum
463 1842 666 1871 concupiscibilem
684 1844 762 1864 contra
775 1841 887 1863 tristitiam
905 1839 959 1863 ibici.

393 1882 422 1904 54-
440 1888 460 1910 a,
477 1881 500 1904 b.
518 1882 547 1904 55
565 1888 576 1903 a

443 1934 470 1937 —
489 1921 605 1943 Debemus
627 1920 744 1943 attendere
768 1919 912 1947 scripturae,
935 1922 959 1941 01

394 1961 541 1989 prudentiam
559 1960 658 1982 sciamus
676 1960 719 1981 339
733 1966 744 1981 a
758 1971 788 1975 --
800 1962 877 1981 narrat
891 1958 959 1981 bono-

393 2006 445 2022 rum
464 2000 520 2022 sacta
538 1999 567 2021 ad
584 1999 721 2021 imitandum
741 1998 784 2020 364
803 1997 817 2019 b
835 2010 865 2014 —
882 2000 959 2019 narrat

394 2039 548 2067 reproborum
562 2041 682 2064 tormenta,
695 2040 718 2060 ut
732 2039 858 2059 terreantur
874 2036 901 2059 illi
918 2036 958 2065 qui

394 2079 473 2101 nolunt
485 2077 545 2100 bona
561 2078 665 2105 exempla
683 2077 766 2099 imitari
780 2075 834 2099 ibid.
847 2076 891 2098 365
904 2082 915 2097 a
929 2088 958 2091 —

393 2119 421 2140 Ut
439 2118 556 2145 possimus
572 2117 671 2139 evadere
684 2116 826 2138 iracundiam
846 2115 959 2143 generalis

393 2157 471 2180 iudicii
483 2164 509 2179 ex
519 2156 628 2179 omnibus
638 2155 715 2178 verbis
727 2155 776 2177 eius
788 2155 885 2177 tollenda
898 2157 959 2181 sunt,

393 2203 454 2225 quae
466 2196 548 2218 cedere
566 2198 662 2223 possunt
673 2195 702 2217 ad
714 2195 811 2217 salutem
828 2194 958 2216 animarum

395 2236 438 2258 424
457 2235 471 2257 b
488 2248 518 2251 —
536 2235 569 2257 Ad
589 2236 631 2257 hoc
644 2234 778 2256 instruimur
794 2234 900 2260 exemplo
913 2233 959 2255 Noe

395 2274 447 2298 ibid.
466 2288 495 2291 —
514 2275 567 2297 Eius
585 2274 689 2297 doctrina
707 2273 802 2296 adiuvat
819 2273 919 2295 viatores
936 2273 958 2294 in

393 2317 510 2337 aeternam
528 2314 625 2342 patriam
643 2314 765 2336 redeuntes
783 2313 823 2335 401
846 2312 860 2334 b

439 2366 471 2370 —
488 2353 568 2376 Omnis
585 2353 670 2375 veritas
686 2352 790 2375 salutaris
808 2352 843 2375 vel
861 2352 884 2374 in
903 2352 959 2374 Scri⁴

394 2395 460 2420 ptura
478 2395 524 2420 est,
542 2393 577 2414 vel
595 2392 624 2414 ab
642 2393 691 2420 ipsa
710 2395 794 2420 manat,
806 2392 842 2414 vel
860 2391 889 2414 ad
907 2397 958 2414 eam

393 2432 511 2454 reducitur
533 2432 572 2454 t38
591 2438 603 2454 a
621 2444 652 2447 —
676 2432 767 2453 Novum
785 2434 807 2453 et
832 2434 899 2453 vetus
916 2431 960 2452 Te-

394 2474 533 2493 stamentum
550 2474 603 2493 sunt
620 2471 667 2493 duo
693 2471 741 2493 veri
765 2473 833 2493 testes
857 2469 912 2493 ibid.
930 2482 959 2485 —

394 2511 460 2538 Quod
479 2516 519 2538 per
538 2511 591 2532 istos
618 2509 711 2538 probari
729 2513 804 2538 potest
826 2516 908 2532 verum
926 2512 960 2531 est

394 2548 447 2572 ibid.
465 2562 495 2566 —
512 2549 645 2577 Scripturae
670 2549 795 2571 sententiae
819 2552 873 2571 sunt
898 2548 960 2570 inva-

394 2588 486 2611 riabiles
504 2588 527 2610 41
551 2588 565 2610 b
577 2589 642 2610 —ln
656 2589 704 2616 ipsa
716 2591 750 2610 est
767 2587 884 2610 illustratio
902 2587 959 2609 veri-

395 2627 445 2650 tatis
463 2628 507 2650 357
526 2627 540 2649 b
557 2640 588 2644 -
613 2634 658 2650 non
677 2627 759 2655 probat
775 2627 918 2653 necessario,
935 2629 960 2648 ut

395 2667 452 2689 fides
470 2667 577 2689 meritum
596 2666 679 2689 habeat
696 2665 750 2689 ibid.
774 2679 803 2682 —
820 2669 855 2688 est
876 2666 896 2688 in
915 2672 960 2688 me-

394 2706 433 2728 dio
449 2706 553 2733 caliginis
576 2707 691 2728 humanae
714 2705 856 2733 ignorantiae
883 2705 923 2727 150
947 2711 959 2727 0

395 2757 425 2761 -
443 2745 495 2767 Eius
513 2745 640 2767 testimonia
658 2745 765 2767 muniunt
790 2744 960 2772 praedicatores

395 2787 417 2805 et
433 2784 539 2806 doctores
557 2784 601 2806 450
615 2790 627 2806 a
644 2796 674 2800 —
692 2784 786 2805 Ferrum
804 2783 910 2811 designat
923 2790 961 2805 au-

395 2823 521 2845 ctoritatem
540 2823 710 2851 scripturarum
730 2823 774 2845 472
792 2822 807 2844 b

442 2874 471 2877 —
495 2862 586 2884 Stellam
612 2862 745 2890 scripturae
768 2861 843 2889 perdit
867 2862 906 2890 qui
930 2861 960 2884 ad

396 2900 492 2922 Herodis
511 2901 631 2927 perfidiam
648 2901 747 2923 declinat
774 2901 816 2923 150
835 2900 849 2922 b
871 2913 901 2917 —
919 2901 960 2923 tuit

396 2939 485 2966 perdita
503 2939 524 2961 in
543 2940 645 2966 ludaeis,
669 2940 754 2962 deinde
779 2940 800 2962 in
818 2940 915 2968 paganis
938 2942 960 2962 et

397 2978 516 3000 haereticis
533 2977 587 3001 ibid.

1036 272 1124 294 Scoruiu
1142 284 1171 288 --
1189 271 1297 299 designat
1313 271 1445 299 patientiam
1464 270 1508 292 415
1528 270 1542 292 1)

1037 311 1184 333 ΞεηΑ5τιΑΝυ5
1200 322 1231 326 -
1248 309 1349 338 Angelus
1367 310 1457 332 tenebat
1470 309 1553 331 librum

989 356 1067 372 coram
1086 350 1144 377 ipso,
1161 356 1186 371 ex
1204 355 1251 378 quo
1269 349 1360 377 legebat
1376 349 1421 371 502
1439 349 1454 371 b

1037 390 1129 412 Saenius
1144 401 1175 405 —
1192 389 1299 417 designat
1315 388 1419 411 divinam
1445 388 1553 410 iustitiam

990 428 1019 450 52
1037 427 1051 450 b

1038 468 1144 490 SEDECtAs
1161 480 1191 484 —
1206 470 1314 496 tanquam
1327 467 1399 489 elatus
1411 469 1433 488 et
1445 473 1555 494 arrogans

991 507 1061 529 noluit
1075 513 1099 529 se
1111 506 1247 529 submittere
1259 507 1338 529 divino
1351 509 1474 534 praecepto
1487 506 1532 528 396
1542 512 1555 527 a

991 546 1126 573 —positus
1151 546 1172 567 in
1196 545 1350 573 compedibus
1375 545 1487 572 significat
1509 545 1555 566 ani-

991 591 1052 607 mam
1066 585 1163 612 positam
1177 585 1197 606 in
1211 584 1365 612 compedibus
1377 588 1454 606 reatus
1466 590 1556 612 poenae

991 624 1019 646 46
1038 630 1050 646 a
1067 636 1097 640 —
1115 624 1187 646 oculis
1204 623 1309 651 privatus
1325 623 1438 651 significat
1455 623 1555 645 animam

991 670 1002 685 a
1021 663 1110 685 visione
1127 669 1196 684 verae
1213 663 1269 685 lucis
1286 662 1401 685 exclusam
1419 661 1472 685 ibid.

1038 703 1126 724 Sanane
1143 714 1173 718 —
1196 702 1309 729 significat
1331 701 1413 724 mentis
1435 701 1554 730 quietatio-

991 747 1044 763 nem
1064 742 1092 763 29
1110 748 1121 763 a

1039 781 1147 803 55000110
1164 793 1194 797 -
1212 781 1325 802 malorum
1350 780 1374 802 fit
1396 780 1455 802 iuxta
1473 786 1554 802 eorum

990 821 1102 843 demerita
1121 820 1150 842 24
1168 819 1182 842 b
1200 833 1229 835 —
1253 819 1296 848 Qui
1319 825 1360 847 per
1382 819 1440 841 mala
1464 819 1555 841 (01151110

991 860 1046 882 alios
1063 860 1091 882 ad
1111 859 1255 888 peccandum
1267 859 1381 881 seducunt
1398 859 1506 881 dicuntur
1518 859 1555 880 11111

990 899 1120 922 desertores
1138 899 1182 921 599
1201 898 1216 920 b

1038 939 1090 960 Satn
1107 950 1137 954 ——
1154 938 1317 966 interpretatur
1334 937 1422 965 pilosus
1439 938 1475 959 vel
1487 943 1556 965 caper

995 978 1036 999 128
1054 984 1074 1005 0,
1092 976 1107 999 b
1128 989 1154 992 —
1171 977 1285 1004 significat
1303 977 1427 1004 Prophetas
1446 975 1500 998 ibid.

1038 1018 1113 1039 Samen
1130 1029 1160 1033 -
1176 1023 1220 1038 non
1233 1016 1359 1044 fructificat,
1372 1016 1414 1038 nisi
1426 1016 1556 1038 effundatur

992 1056 1069 1084 pluvia
1088 1056 1132 1078 586
1150 1062 1162 1078 0
1180 1068 1210 1071 -
1229 1055 1307 1078 Virtus
1328 1055 1423 1077 seminis
1440 1055 1511 1077 latens
1535 1055 1555 1076 in

992 1096 1096 1123 germine
1123 1095 1230 1123 designat
1258 1095 1367 1117 virtutem
1396 1095 1505 1117 castitatis
1533 1095 1556 1116 in

991 1135 1068 1157 anima
1087 1135 1131 1157 287
1150 1140 1161 1156 a

1037 1187 1069 1190 —
1086 1180 1168 1196 verum
1186 1173 1270 1196 dicitur
1288 1174 1358 1195 homo
1379 1173 1420 1195 194
1438 1173 1453 1194 b
1472 1185 1501 1188 -—
1519 1173 1557 1194 Se-

993 1213 1087 1236 minatio
1104 1213 1199 1235 seminis
1216 1212 1344 1240 applicatur
1367 1212 1395 1234 ad
1418 1211 1555 1234 creationem

992 1252 1091 1275 hominis
1116 1252 1160 1274 sub
1186 1252 1267 1279 triplici
1292 1254 1399 1279 respectu
1427 1251 1470 1273 192
1489 1251 1503 1273 b
1526 1263 1557 1267 —

992 1292 1073 1320 Quoad
1091 1292 1208 1313 hominem
1226 1291 1377 1313 seminantem
1400 1290 1557 1318 metaphorice

992 1332 1033 1353 tria
1051 1333 1159 1353 notantur
1182 1330 1223 1352 195
1241 1337 1252 1352 0
1270 1343 1300 1346 -
1318 1336 1329 1352 a
1353 1330 1400 1352 Deo
1418 1329 1556 1352 seminatum

992 1373 1025 1392 est
1041 1371 1064 1392 in
1082 1370 1177 1396 mundo,
1195 1369 1334 1392 conscientia
1352 1372 1374 1391 et
1391 1369 1453 1391 caeto
1472 1368 1516 1390 194
1535 1368 1558 1391 b.

996 1410 1037 1431 195
1054 1416 1067 1431 0

1040 1462 1067 1465 -
1086 1449 1211 1477 spiritualia
1229 1448 1372 1470 seminantur
1389 1454 1430 1475 per
1445 1447 1557 1475 exempla,

992 1488 1118 1511 orationem
1137 1491 1159 1510 et
1171 1488 1366 1516 praedicationem
1385 1487 1430 1509 567
1442 1486 1458 1508 b
1469 1499 1499 1503 —-
1514 1486 1557 1515 Qui

992 1528 1116 1556 spiritualia
1134 1534 1180 1549 non
1198 1527 1309 1554 seminat,
1327 1533 1380 1549 cum
1393 1527 1492 1548 carnalia
1510 1532 1558 1548 me-

993 1568 1024 1595 tit,
1042 1567 1105 1596 quod
1123 1567 1222 1589 alienum
1240 1570 1274 1589 est
1290 1566 1334 1588 sibi
1353 1568 1449 1594 usurpat
1466 1564 1519 1588 ibid.

1040 1607 1137 1629 5511111113
1158 1618 1189 1622 -
1206 1606 1328 1634 designant
1350 1608 1413 1628 actus
1438 1605 1558 1627 interiores

993 1646 1038 1668 225
1056 1645 1070 1667 b
1087 1658 1118 1662 —
1135 1645 1256 1673 designant
1273 1645 1365 1667 consilia
1384 1644 1430 1666 325
1448 1643 1463 1666 1)

1040 1686 1113 1708 Senex
1130 1698 1161 1700 —
1178 1685 1287 1707 indecens
1303 1688 1345 1712 est,
1361 1690 1428 1706 senes
1444 1683 1511 1712 sequi
1528 1683 1558 1705 in-

993 1725 1076 1747 fantilia
1100 1724 1144 1746 208
1162 1730 1174 1746 0
1199 1736 1230 1740 -
1253 1724 1316 1746 Sicut
1337 1724 1359 1745 in
1377 1723 1409 1745 eis
1432 1723 1558 1750 refrigescit

993 1764 1095 1786 caliditas
1112 1763 1251 1791 corporalis,
1269 1763 1302 1785 sie
1320 1762 1415 1790 tepescit
1441 1762 1463 1784 in
1481 1762 1557 1784 multis

993 1804 1054 1826 calor
1071 1803 1194 1830 spiritualis
1212 1802 1256 1824 277
1274 1808 1286 1824 0

1041 1843 1148 1864 5130101105
1163 1854 1194 1858 -
1209 1841 1295 1869 Viginti
1308 1843 1406 1870 quatuor
1418 1840 1520 1863 seniores
1531 1840 1557 1862 si-

994 1882 1101 1910 gnificant
1121 1881 1293 1903 universitatem
1320 1882 1456 1903 Sanctorum
1479 1880 1520 1902 701
1543 1879 1557 1901 b

994 1933 1023 1937 —
1041 1921 1162 1948 Explicatio
1180 1919 1234 1943 ibid.
1253 1920 1299 1942 702
1317 1926 1329 1942 0

1040 1961 1154 1982 SENSthVA
1172 1972 1202 1976 --
1220 1959 1268 1981 vult
1286 1959 1307 1981 in
1324 1958 1432 1981 omnibus
1454 1965 1558 1981 commu-

994 1999 1069 2021 nicare
1085 2005 1138 2021 cum
1157 1998 1230 2020 brutis
1247 1998 1292 2020 214
1305 2004 1317 2020 0
1335 2010 1366 2014 -
1383 1997 1500 2020 sensibilis
1512 2004 1559 2019 mo-

993 2041 1060 2061 vetur
1078 2044 1119 2066 per
1137 2038 1268 2066 exemplum
1287 2037 1365 2060 5351]

1040 2078 1187 2099 Sensuntrrsts
1206 2090 1233 2092 —
1256 2081 1371 2104 repugnat
1394 2077 1475 2098 rationi
1500 2076 1527 2098 46
1546 2082 1557 2097 0

992 2130 1023 2133 υ-
1041 2118 1134 2139 inclinat
1151 2117 1178 2139 ad
1198 2117 1283 2138 malum
1302 2117 1347 2138 637
1364 2122 1375 2138 a

1040 2158 1121 2178 510505
1138 2168 1169 2172 -
1186 2155 1304 2183 Organum
1319 2155 1439 2182 corporale
1451 2155 1558 2177 informa-

994 2198 1029 2218 tur
1040 2195 1117 2223 specie
1130 2196 1162 2217 rei
1174 2195 1237 2217 visae
1249 2195 1294 2217 623
1307 2201 1318 2216 0
1331 2207 1361 2211 --
1374 2193 1493 2216 sensibilia
1511 2200 1557 2215 non

993 2235 1116 2257 immutant
1132 2240 1226 2256 sensum
1244 2234 1287 2256 nisi
1305 2240 1346 2262 per
1363 2234 1464 2261 speciem
1482 2234 1527 2255 602
1545 2239 1557 2255 0

993 2286 1022 2291 —
1039 2274 1080 2296 Per
1092 2274 1195 2302 quinque
1207 2279 1287 2295 sensus
1305 2273 1413 2295 videmus
1430 2273 1557 2300 corporalia

994 2313 1037 2335 439
1057 2313 1071 2335 b
1089 2325 1119 2329 —
1142 2313 1294 2340 Spiritualiter
1316 2312 1430 2335 debemus
1454 2318 1494 2340 per
1511 2318 1559 2333 eos-

993 2353 1046 2375 dem
1064 2353 1144 2375 videre
1162 2352 1222 2374 bona
1239 2355 1330 2374 aeterna
1343 2351 1396 2374 ibid.
1417 2364 1443 2367 fl
1465 2352 1495 2373 lle
1507 2358 1558 2373 sen-

993 2391 1098 2414 sibilibus
1124 2393 1193 2413 homo
1211 2391 1328 2413 reducitur
1353 2391 1380 2413 ad
1411 2390 1557 2418 intelligibilia

994 2431 1038 2453 346
1057 2437 1069 2452 a

1039 2482 1070 2486 —
1087 2470 1147 2498 Quot
1163 2472 1216 2492 sunt
1232 2475 1315 2491 sensus
1330 2469 1442 2496 corporis,
1456 2472 1487 2491 tot
1505 2472 1558 2491 sunt

993 2509 1114 2537 spiracula,
1132 2515 1173 2536 per
1190 2515 1251 2537 (piae
1265 2508 1348 2530 intrant
1360 2508 1558 2536 concupiscentiae

994 2548 1015 2570 in
1033 2548 1135 2570 animam
1154 2548 1197 2570 428
1217 2547 1230 2570 b
1244 2560 1272 2564 —
1284 2551 1396 2570 vocantur
1414 2550 1494 2575 portae
1510 2553 1558 2569 cor-

994 2588 1057 2615 poris
1079 2588 1120 2610 185
1137 2594 1149 2609 0
1167 2599 1197 2603 -
1219 2590 1271 2609 sunt
1289 2587 1355 2615 quasi
1374 2588 1499 2613 fenestrae,
1517 2592 1558 2614 per

993 2633 1051 2655 quas
1069 2632 1131 2648 mors
1149 2627 1217 2648 intrat
1228 2626 1274 2648 724
1293 2626 1307 2648 b
1324 2639 1353 2641 —
1374 2626 1482 2648 dicuntur
1501 2627 1558 2647 tene-

993 2669 1053 2688 strae
1070 2666 1110 2688 571
1138 2672 1149 2688 a
1172 2678 1202 2681 --
1225 2664 1310 2688 debent
1327 2665 1448 2692 diligenter
1470 2665 1557 2686 servari

994 2704 1047 2728 ibid.
1065 2705 1109 2727 185
1127 2711 1138 2727 0
1157 2718 1187 2720 -
1205 2705 1338 2732 Exemplum
1357 2704 1397 2726 571
1419 2710 1430 2725 0
1449 2716 1479 2720 -
1500 2707 1557 2726 exte-

994 2744 1066 2767 riores
1082 2744 1205 2766 claudendi
1222 2746 1287 2770 sunt,
1309 2749 1338 2765 ne
1360 2743 1428 2765 intret
1453 2749 1515 2765 mors
1536 2743 1557 2765 in

994 2784 1094 2816 animam
1113 2783 1157 2805 652
1177 2783 1191 2805 b

1042 2823 1170 2845 Surumnuiu
1188 2835 1218 2838 —
1236 2822 1334 2844 exterius
1359 2825 1393 2844 est
1417 2821 1485 2844 valde
1511 2821 1557 2849 pul-

993 2868 1070 2889 crum,
1089 2862 1183 2884 interius
1201 2863 1287 2884 t'oetore
1300 2862 1392 2889 plenum
1406 2861 1449 2882 520
1463 2867 1475 2882 a
1492 2873 1521 2876 -
1535 2860 1556 2882 111

994 2901 1038 2923 1100
1056 2901 1136 2923 mundi
1154 2900 1265 2929 patebunt
1282 2900 1311 2923 35
1329 2907 1340 2922 0

1040 2941 1106 2966 513001
1122 2952 1153 2956 -
1165 2945 1245 2962 omnes
1256 2942 1385 2968 sequuntur
1396 2945 1496 2965 00111001,
1509 2939 1559 2961 licet

993 2985 1074 3001 omnes
1091 2979 1187 3006 inficiat3
1206 2979 1327 3006 mundum,
1344 2978 1396 3000 licet
1412 2978 1432 3000 in
1450 2977 1559 3000 omnibus

937 193 1036 221 lNDEX
1058 193 1297 222 ALPHABETICUS
1317 193 1395 221 ΝΟΝΙ
1418 192 1604 221 VOLUMlNlS.

1848 231 1899 253 SEP.

1587 270 1672 298 passim
1683 270 1785 297 ‹tenciat;
1798 269 1925 297 diabolum,
1937 270 1988 292 licet
1999 276 2081 293 omnes
2094 271 2153 293 sallat

1587 309 1632 331 553
1650 309 1665 331 1)
1682 321 1713 325 ·—
1730 309 1828 338 Quidam
1852 312 1980 338 sequuntur
1997 310 2072 332 carnis
2094 310 2153 332 dele-

1586 349 1689 376 ctabilia,
1707 349 1802 377 quidam
1821 348 1900 370 mundi
1919 348 2041 376 desideria,
2057 349 2151 377 quidam

1588 388 1669 410 Christi
1688 387 1783 415 vestigia
1802 387 1847 410 552
1866 387 1880 409 b

1636 428 1748 449 senarum
1765 426 1968 454 ——interpretatur
1985 427 2068 449 ardens
2087 427 2153 449 6230

1588 479 1619 482 -
1636 466 1711 488 dictus
1727 470 1762 488 est
1779 465 1808 488 ab
1826 466 1909 488 ardore
1926 465 1971 488 589
1990 465 2005 487 b
2025 478 2055 482 —
2082 466 2102 488 ln
2121 466 2154 488 eis

1588 508 1622 528 est
1638 505 1708 527 ardor
1730 505 1815 527 amoris
1835 504 1880 527 354
1898 504 1913 526 b
1934 518 1964 520 —
1988 505 2044 533 lpsis
2066 505 2154 527 deside-

1589 551 1639 567 rare
1651 545 1815 573 appropriatur
1827 545 1872 566 623
1886 544 1901 566 b
1912 557 1943 561 —
1955 544 2109 572 principatum
2123 548 2155 566 te-

1589 587 1643 606 nent
1660 585 1700 606 611
1718 590 1730 606 0
1752 596 1778 600 -
1796 584 1880 606 Eorum
1898 584 1955 606 ordo
1968 584 2092 611 respondet
2104 589 2153 606 sua-

1589 623 1652 645 vitati
1672 624 1770 651 Spiritus
1787 624 1810 645 S.
1828 623 1872 644 613
1889 629 1901 645 0
1925 635 1956 639 -
1981 624 2154 645 conformantur

1590 663 1682 690 Spiritui
1701 664 1723 684 S.
1747 669 1787 689 per
1810 662 1953 684 sanctitatem
1979 661 2154 684 benevolentiae

1590 702 1634 724 623
1652 708 1664 724 0
1681 714 1712 718 -
1734 702 1808 724 Gloria
1826 701 1964 723 firmamenti
1982 701 2095 729 significat
2117 707 2156 724 eo-

1589 747 1640 763 rum
1659 741 1776 763 caritatem
1795 741 1839 762 610
1852 740 1866 762 b
1881 752 1912 756 —-
1931 741 1991 762 Deus
2009 740 2030 762 in
2049 740 2104 768 ipsis
2121 746 2155 762 ar-

1589 781 1647 803 dens
1666 783 1700 802 est
1716 781 1757 802 611
1780 786 1792 802 a
1811 792 1839 795 *—
1857 786 1900 802 nos
1920 780 2043 802 informant
2062 779 2155 802 caritate

1590 820 1634 841 619
1653 819 1667 841 b
1686 832 1714 835 —
1732 820 1807 848 Quare
1820 819 1941 846 Seraphim
1957 819 2031 846 magis
2043 819 2154 841 clament:

1590 860 1700 885 Sanctus,
1717 861 1821 886 sanctus,
1834 861 1927 880 sanctus
1938 864 2009 887 quam
2027 858 2063 880 alii
2076 857 2154 885 Angeli

1590 899 1634 921 503
1652 897 1667 920 b

1637 938 1712 960 81510110
1729 950 1759 953 —
1777 943 1850 964 purus
1875 940 1909 959 est
1927 937 1974 965 ille⁷
1998 937 2019 958 in
2042 943 2089 965 quo
2110 943 2155 959 non

1590 980 1681 999 resonat
1693 976 1829 998 contumelia
1843 976 1940 1004 proximi
1953 982 1995 998 noc
2013 975 2154 1003 blasphemia

1590 1016 1630 1038 Dei
1648 1016 1693 1037 655
1712 1015 1726 1037 1)
1743 1028 1773 1031 -
1792 1021 1865 1043 purus
1877 1018 1917 1043 est,
1934 1015 1952 1037 si
1970 1015 2025 1037 nihil
2038 1014 2107 1037 habet
2121 1015 2157 1037 t'al-

1590 1055 1670 1081 sitatis,
1683 1054 1826 1081 curiositatis,
1841 1054 1954 1080 vanitatis,
1966 1054 2104 1076 adulationis
2119 1054 2155 1076 vel

1591 1094 1743 1116 sitnulationis
1761 1094 1805 1115 633
1824 1100 1835 1115 0
1854 1105 1884 1110 --
1901 1100 1974 1121 purus
1997 1093 2126 1115 firmabitur
2143 1099 2154 1115 a

1592 1134 1689 1156 Domino
1707 1132 1760 1156 ibid.
1778 1146 1807 1149 -—
1825 1133 1912 1155 debent
1928 1139 1979 1155 esse
1999 1133 2059 1161 veri,
2077 1133 2156 1160 utiles,

1591 1173 1688 1199 honesti,
1706 1172 1801 1200 benigni
1819 1172 1863 1194 440
1882 1172 1896 1194 b
1913 1185 1943 1189 -
1961 1172 1985 1194 tit
2003 1178 2102 1201 nequam
2116 1178 2157 1200 per

1590 1212 1737 1234 detractionis
1759 1214 1781 1234 et
1806 1212 1959 1234 infamationis
1984 1211 2156 1234 assuetudinem

1592 1252 1635 1274 436
1654 1251 1668 1273 b

1638 1304 1668 1306 —
1685 1291 1739 1317 Dei,
1757 1293 1869 1319 quantum
1888 1293 1921 1312 est
1938 1291 1968 1313 de
1985 1297 2016 1317 se,
2029 1293 2063 1312 est
2076 1296 2157 1318 purus,

1591 1330 1631 1352 sed
1649 1330 1774 1358 aliquando
1786 1330 1874 1352 ratione
1886 1330 1999 1358 loquentis
2012 1330 2047 1351 vel
2065 1329 2157 1351 audien-

1592 1369 1619 1391 tis
1636 1369 1776 1391 admiscetur
1793 1368 1880 1397 aliquid
1892 1369 1922 1391 de
1939 1369 2034 1391 salsitate
2052 1369 2095 1390 633
2109 1375 2130 1395 a,
2142 1368 2157 1390 b

1591 1420 1622 1424 -—
1639 1408 1732 1430 divinus
1750 1410 1846 1430 vocatur
1862 1408 1957 1436 clypeus
1979 1408 2064 1435 ignitus
2081 1408 2126 1429 238
2144 1414 2156 1429 0

1592 1460 1622 1464 -
1639 1448 1767 1470 inflammat
1788 1448 1895 1470 affectum
1918 1451 1940 1470 et
1963 1448 2062 1475 protegit
2085 1450 2157 1469 totum

1591 1493 1677 1515 corpus
1691 1486 1744 1510 ibid.
1756 1499 1787 1503 —-
1800 1487 1840 1509 Dei
1852 1490 1886 1509 est
1898 1487 1974 1514 vivus,
1987 1489 2011 1509 ut
2023 1486 2157 1514 credamus;

1591 1527 1678 1554 efficax,
1691 1529 1715 1549 ut
1726 1532 1859 1554 speremus;
1878 1525 2032 1554 penetrabilis,
2046 1529 2069 1548 ut
2081 1526 2158 1548 timea-

1592 1573 1644 1588 mus
1662 1566 1702 1588 281
1724 1572 1736 1588 0
1753 1578 1784 1582 -
1801 1565 1919 1588 Debemus
1941 1571 2035 1587 servare
2052 1565 2158 1588 divinum

1591 1611 1723 1628 sermonem
1741 1610 1794 1627 cum
1812 1611 1870 1633 pura
1888 1604 2039 1631 conscicntia,
2058 1605 2100 1626 lata
2119 1603 2158 1626 be-

1591 1645 1730 1672 nevolentia,
1743 1645 1807 1667 firma
1826 1644 1934 1672 patientia
1948 1644 1993 1666 238
2006 1650 2026 1671 a,
2039 1643 2054 1665 b
2065 1656 2096 1660 —
2108 1644 2158 1666 Nul-

1592 1685 1618 1707 tis
1629 1684 1755 1712 suppliciis,
1768 1684 1835 1706 nullis
1846 1684 1944 1710 damnis,
1956 1684 2022 1706 nullis
2039 1687 2158 1705 contume-

1592 1724 1627 1747 liis
1638 1724 1753 1747 debemus
1765 1729 1855 1746 cessare
1867 1723 1896 1745 ab
1908 1723 2071 1745 observatione
2085 1722 2158 1745 divini

1591 1763 1706 1786 sermonis
1723 1763 1768 1785 239
1786 1769 1797 1785 0
1819 1776 1844 1778 --
1864 1763 1906 1791 Qui
1927 1762 2036 1784 observat
2052 1762 2158 1785 divinum

1592 1809 1723 1825 sermonem
1741 1802 1851 1824 liberatur
1868 1809 1880 1824 a
1898 1803 1965 1830 culpa
1983 1802 2099 1829 originali,
2117 1801 2158 1823 ini-

1591 1842 1679 1871 quitate
1696 1842 1801 1869 propria,
1820 1847 1893 1869 poena
1911 1844 2001 1863 aeterna
2020 1841 2064 1863 239
2082 1847 2095 1863 0

1639 1882 1737 1903 Sanpeus
1756 1893 1782 1896 —
1800 1884 1876 1908 potest
1893 1880 1990 1908 produci
2007 1886 2018 1902 a
2042 1880 2159 1902 daemoni-

1593 1921 1637 1943 bus
1659 1920 1688 1942 24
1707 1920 1721 1942 b
1747 1932 1777 1936 —-
1802 1920 1894 1948 exponit
1918 1922 1989 1941 totum
2013 1925 2111 1947 corpus,
2134 1921 2159 1941 ut

1591 1963 1667 1982 servet
1685 1963 1754 1987 caput
1770 1959 1872 1981 illaesum
1891 1959 1936 1980 570
1954 1958 1969 1980 b

1639 2011 1669 2015 —
1686 2005 1728 2021 nos
1746 1999 1856 2020 interiecit
1873 1998 2020 2026 spiritualiter
2039 1998 2083 2020 465
2096 1997 2110 2020 b
2127 2010 2158 2014 —

1592 2045 1604 2060 a
1622 2039 1698 2065 Moyse
1715 2038 1803 2066 positus
1820 2037 1932 2065 signiticat
1947 2037 2061 2060 Christum
2083 2037 2123 2059 131
2142 2036 2158 2059 b

1640 2078 1712 2100 Stan'rA
1730 2090 1761 2093 —
1778 2079 1832 2099 sunt
1848 2077 1877 2099 de
1895 2076 2016 2098 frondibus
2028 2080 2050 2098 et
2062 2076 2158 2098 [loribus

1592 2117 1637 2139 285
1654 2123 1666 2138 0

1639 2156 1735 2178 51311111οΕ
1753 2167 1782 2171 -
1799 2155 1874 2177 Homo
1891 2157 1953 2176 amat
1972 2155 2060 2181 locum,
2080 2153 2119 2176 ubi
2137 2154 2157 2176 ei

1591 2195 1690 2217 servitur
1708 2195 1753 2216 329
1773 2194 1786 2216 b
1804 2207 1834 2209 —
1853 2193 1968 2216 Debemus
1980 2193 2067 2215 servire
2086 2193 2158 2215 iratri-

1593 2234 1643 2261 1105,
1661 2234 1679 2256 51
1697 2240 1743 2256 11011
1760 2239 1839 2261 opere,
1857 2236 1932 2255 tamen
1949 2233 2019 2255 corde
2038 2232 2081 2255 577
2101 2239 2112 2254 a
2127 2244 2158 2248 —

1592 2273 1670 2296 illelius
1687 2275 1728 2299 est,
1745 2273 1763 2294 51
1782 2274 1825 2295 1100
1843 2272 1910 2295 etiam
1926 2278 1997 2299 opere
2009 2272 2047 2294 nat
2059 2271 2111 2294 ibid,
2126 2283 2158 2288 —

1592 2313 1726 2340 Exemplum
1744 2312 1798 2335 ibid.

1640 2365 1671 2368 —
1689 2353 1735 2374 Deo
1753 2352 1841 2374 servire
1858 2354 1891 2373 est
1914 2357 2012 2379 regnare
2036 2350 2079 2373 440
2098 2357 2110 2372 0
2129 2362 2157 2366 —

1593 2391 1710 2414 Debemus
1722 2391 1766 2414 cito
1779 2391 1879 2418 incipere
1892 2391 1981 2413 servire
1998 2391 2056 2416 Deo,
2069 2393 2091 2412 et
2103 2396 2157 2417 non,

1592 2431 1686 2460 quando
1705 2431 1791 2453 erimus
1808 2436 1874 2452 50005
1897 2430 1942 2452 250
1959 2436 1970 2451 0
1989 2441 2019 2446 ——
2043 2429 2089 2451 oco
2113 2434 2157 2451 non

1592 2473 1626 2492 est
1651 2470 1799 2492 serviendum
1826 2472 1920 2497 propter
1944 2468 2032 2497 aliquid
2058 2467 2157 2490 fluxibile

1593 2510 1637 2531 238
1655 2515 1667 2531 a
1685 2522 1715 2525 --
1734 2509 1780 2531 Non
1800 2511 1874 2536 potest
1885 2507 1966 2530 serviri
1984 2507 2051 2529 simul
2064 2506 2157 2529 duobus

1592 2548 1694 2570 dominis
1711 2548 1831 2570 contrariis
1848 2547 1871 2569 111
1884 2546 2040 2569 voluntatibus
2055 2550 2076 2568 et
2094 2551 2158 2573 prae-

1592 2588 1664 2615 ceptis
1677 2587 1721 2609 278
1735 2586 1749 2609 b
1766 2599 1796 2603 —
1814 2587 1861 2608 Non
1875 2592 2000 2614 possumus
2012 2585 2099 2607 servire
2111 2585 2157 2606 Deo

1592 2630 1614 2648 et
1631 2626 1731 2653 diabolo,
1743 2626 1796 2655 quia
1814 2626 1926 2648 contraria
1944 2624 2024 2647 iubent
2041 2624 2094 2647 ibid.
2111 2624 2156 2646 380

1574 2660 1575 2670 ³
1592 2672 1613 2687 a.
1631 2666 1675 2687 396
1694 2665 1716 2687 b.
1742 2665 1787 2688 574
1804 2672 1816 2687 a
1836 2678 1864 2680 —
1887 2665 1935 2687 Non
1962 2670 2087 2692 possumus
2111 2664 2156 2685 Deo

1592 2705 1680 2727 servire
1697 2708 1719 2727 01
1737 2705 1824 2727 mundo
1842 2704 1886 2726 227
1905 2710 1916 2725 0

1640 2744 1749 2766 Senvrrns
1767 2756 1795 2759 —-
1812 2747 1846 2765 est
1863 2743 1989 2769 laboriosa,
2007 2742 2102 2770 trepida,
2125 2741 2156 2763 in-

1592 2783 1659 2809 culta,
1678 2783 1747 2805 tristis
1764 2783 1809 2804 237
1826 2789 1838 2804 0
1857 2795 1887 2798 -
1904 2781 2002 2804 maxima
2020 2784 2053 2803 est
2068 2781 2157 2803 servire

1593 2821 1685 2843 diabolo
1705 2821 1748 2843 440
1767 2827 1779 2843 0

1639 2861 1725 2882 Sssnvus
1741 2872 1771 2876 —-
1789 2866 1881 2888 semper
1893 2859 1961 2882 valde
1976 2859 2050 2881 minor
2067 2861 2101 2881 est
2117 2858 2157 2880 do·

1593 2899 1654 2921 mino
1673 2899 1717 2921 543
1737 2898 1751 2921 b
1768 2912 1798 2915 —-
1815 2899 1944 2922 dominium
1970 2898 2023 2921 mali
2047 2897 2156 2926 principis

1594 2938 1651 2966 sugit
1669 2938 1709 2960 541
1732 2938 1747 2960 b
1769 2950 1800 2954 -—
1824 2941 1858 2960 est
1879 2939 1967 2965 101005,
1989 2938 2006 2960 51
2030 2936 2101 2959 servit
2118 2936 2156 2958 do·

1593 2977 1668 3005 mino,
1693 2978 1731 3006 qui
1760 2983 1805 2999 nou
1831 2977 1895 3005 sinit,
1920 2983 1999 2999 servos
2027 2976 2156 2998 laborantes
