2269 3448
398 198 435 226 94

622 236 678 259 can
698 236 731 265 (7)

395 275 516 305 apparebit
533 276 641 299 terribilis
658 282 700 304 pro
714 275 878 303 ingratitudine
891 275 960 297 malo-

394 322 446 338 rum
464 316 494 337 79
512 321 523 337 3
547 328 574 331 ——
598 316 619 337 in
642 315 728 337 iudicio
751 314 874 343 apparebit
896 314 962 337 bonis

396 354 506 381 blandus,
526 355 642 383 perversis
667 354 739 376 iratus
756 353 810 376 ibid.
832 366 863 370 —
885 353 962 375 veniet

394 395 423 417 ad
442 394 553 416 iudicium
571 394 599 416 ad
618 394 715 416 humiles
733 393 866 415 exaltandos
888 396 911 415 et
927 399 963 414 su-

394 433 481 462 perbos
498 433 660 461 reprimendos
677 433 706 454 77
724 439 736 454 a
749 432 813 454 —iu
831 432 869 454 die
881 432 959 454 iudicii

395 473 500 501 proiiciet
512 472 624 500 reprobos
636 472 657 494 iu
668 472 782 494 infernum
790 489 795 499 ‚
814 472 898 493 electos
910 470 962 493 snb-

397 511 532 534 111-03111172
550 518 561 534 3
589 524 619 527 -
645 510 774 539 increpabit
799 516 840 532 nos
867 513 962 538 propter

394 554 483 579 septem
496 550 584 573 abusus
596 553 618 572 et
629 553 717 578 septem
731 553 877 577 contemptus
889 549 934 571 213
947 548 962 570 b

427 590 441 612 7
461 603 489 606 —
507 594 540 612 est
559 591 603 612 Rex
621 596 704 617 regum
726 589 770 611 558
789 588 804 610 1)
821 601 851 604 -
869 590 903 610 051
922 594 960 609 rex

395 633 417 652 et
433 629 541 652 sacerdos
558 629 603 650 727
622 635 633 650 3
653 641 683 644 ——
702 628 786 650 dicitur
803 628 913 655 princeps
930 633 963 648 re-

396 675 452 697 gum
467 672 541 690 terrae
559 668 599 690 451
616 674 627 689 3
640 679 672 683 -—
684 670 717 689 est
730 673 768 688 rex
781 666 879 689 iustitiae
890 666 936 688 703
947 665 962 687 1)

395 721 425 725 -
443 711 477 730 051
494 713 532 730 rex
556 707 679 735 potentiae,
702 706 829 734 sapientiae
854 708 876 727 et
899 705 963 732 pacis

399 748 435 769 121
458 753 469 769 3
488 759 518 763 -
536 749 570 768 est
586 752 624 768 rex
643 745 729 773 gloriae
741 745 764 766 iu
777 747 888 773 quantum
903 744 964 766 Deus

395 789 416 809 et
435 787 456 808 in
474 789 586 814 quantum
606 786 675 807 1101110
693 784 737 806 273
756 790 768 805 3
787 796 816 799 -—
834 785 868 805 est
879 789 918 805 rex
930 789 963 805 sa·

396 825 554 853 pientissimus
567 824 590 846 in
602 823 730 850 creatione,
746 822 928 850 benignissimus
940 822 962 844 in

395 863 584 888 conservatione,
606 862 788 884 districtissimus
814 862 835 883 in
861 864 963 884 extremo

397 903 501 926 examine
519 902 563 924 438
582 901 597 924 b
613 914 645 918 —
670 904 704 924 est
721 907 759 923 rex
777 901 890 928 excelsus,
917 901 963 928 glo·

395 943 485 970 riosus,
498 941 647 968 benedictus,
659 941 818 968 omnipotens,
831 940 962 967 opulentus,

395 981 550 1009 sempiternus
573 984 595 1002 et
617 981 700 1008 plenus
723 979 865 1002 iucunditate
887 978 933 1001 265
950 984 973 1007 a¹

396 1033 427 1037 —
444 1021 529 1043 (licitur
540 1026 578 1042 rex
591 1020 705 1047 gloriosus
717 1024 739 1041 et
751 1019 845 1045 nobilis,
863 1018 917 1047 quia
929 1021 963 1040 est

396 1059 582 1086 liberalissimus,
610 1059 796 1087 potentissimus,
824 1058 962 1086 sapientissi-

396 1105 461 1127 mus,
480 1099 681 1121 mansuetissimus
699 1098 743 1120 250
763 1097 785 1119 1).
803 1098 843 1120 251
866 1103 878 1119 3
895 1097 962 1119 —ln

395 1138 485 1161 Christo
503 1140 615 1166 regnante
633 1137 747 1160 habemus
758 1137 839 1159 videre
858 1136 963 1164 multipli·

396 1178 510 1200 cntionem
529 1177 643 1200 rationum
670 1180 828 1204 aeternarum,
846 1176 964 1198 diversita-

396 1220 441 1239 tem
460 1217 598 1239 triformium
617 1218 764 1242 naturarum,
787 1215 964 1243 11011-1110110113-

395 1260 441 1279 tem
460 1256 616 1284 dispositionis
634 1255 814 1277 hierarchiarum
833 1255 862 1276 82
881 1254 895 1276 b

444 1308 474 1312 —
492 1296 513 1317 ln
531 1301 587 1323 rege
605 1294 730 1316 maiestatis
751 1297 859 1316 notantur
876 1293 962 1315 (luode-

395 1335 440 1358 cim
459 1335 610 1362 proprietates
629 1334 673 1356 252
693 1333 715 1355 b.
733 1334 777 1355 253
795 1339 807 1355 3
826 1346 856 1349 —
873 1336 907 1354 est
924 1338 962 1354 rex

396 1374 588 1400 naturalissimus,
608 1373 796 1401 gratiosissimus,
815 1371 963 1394 rationabilis-

396 1413 469 1435 simus
490 1413 534 1434 245
554 1419 566 1434 3
588 1425 618 1429 --
639 1413 733 1440 Propter
751 1412 794 1434 hoc
812 1411 925 1433 debemus
942 1411 962 1432 ei

396 1452 503 1474 timorem
524 1451 679 1477 reverentiae,
700 1457 804 1472 amorem
828 1449 963 1472 benevolen-

396 1492 441 1514 tiae
457 1496 479 1513 et
497 1491 610 1513 debemus
623 1497 664 1512 nos
681 1490 702 1512 ei
718 1490 815 1512 totaliter
829 1489 963 1517 impendere

396 1537 471 1559 usque
482 1531 510 1553 ad
528 1533 626 1552 mortem
644 1529 698 1552 ibid.
715 1541 745 1545 —
762 1528 852 1551 Christo
871 1532 894 1550 ut
914 1528 962 1556 regi

395 1570 510 1593 debemus
528 1572 644 1598 praestare
661 1572 761 1597 quatuor
780 1569 823 1590 169
842 1568 857 1590 1)

444 1622 472 1625 -
490 1609 542 1631 Tria
555 1611 609 1631 sunt
622 1614 733 1636 tempora,
750 1608 772 1629 in
789 1607 875 1636 quibus
893 1607 963 1629 mani-

397 1648 487 1671 festavit
505 1648 628 1676 imperium
652 1653 734 1673 suum,
760 1647 845 1669 scilicet
870 1649 963 1674 tempus

396 1691 503 1715 naturae,
526 1687 584 1715 legis
605 1689 627 1708 et
650 1686 738 1714 gratiae
760 1686 805 1708 250
828 1685 843 1707 b
865 1698 896 1701 —
922 1686 963 1707 Per

396 1728 452 1749 haec
465 1727 505 1749 tria
520 1726 674 1748 manifestavit
691 1732 757 1748 suam
776 1725 914 1753 potentiam,
930 1731 963 1747 53-

395 1767 513 1795 pientiam,
528 1765 713 1788 benevolentiam
731 1764 786 1787 ibid.
800 1777 830 1781 -—
847 1765 870 1786 111
888 1764 962 1792 primo

395 1809 500 1834 tempore
512 1805 619 1833 regnavit
636 1804 806 1832 praefiguratus
823 1808 844 1826 et
861 1804 962 1831 postula-

396 1848 439 1872 tus,
452 1846 473 1867 in
489 1845 592 1867 secundo
605 1844 765 1872 pronuntiatus
776 1846 798 1865 et
810 1846 962 1870 exspectatus,

395 1884 418 1906 in
436 1884 501 1906 tertio
523 1883 680 1906 manifestatus
704 1885 726 1905 et
750 1888 803 1904 cum
829 1881 963 1904 hominibus

396 1926 546 1946 conversatus
562 1922 617 1945 z'btd.

429 1963 441 1984 8
466 1975 494 1978 -
516 1965 639 1990 antequam
671 1962 827 1989 praedicaret,
852 1961 963 1983 ieiunavit

396 2002 550 2031 quadraginta
568 2000 652 2023 diebus
674 2001 720 2022 635
738 2000 752 2022 1)
777 2013 807 2016 —-
826 2001 847 2022 ln
866 2001 909 2022 hoc
935 2000 963 2022 ie-

397 2041 460 2063 iunio
472 2041 607 2068 designatur
620 2040 749 2068 purificatio
762 2040 894 2067 evangelica
908 2038 962 2061 ibid.

397 2092 427 2096 —
446 2080 542 2102 multum
560 2079 668 2102 sollicitus
685 2083 734 2101 erat
751 2084 846 2107 pascere
859 2079 963 2101 homines

397 2119 470 2141 verbo
487 2119 606 2141 doctrinae
632 2118 676 2140 379
695 2118 709 2140 b
730 2130 761 2134 —-
784 2118 837 2140 Eius
859 2117 963 2140 doctrina

396 2158 516 2181 exordium
529 2158 610 2180 sumsit
628 2158 656 2180 de
670 2160 805 2185 paupertate
823 2157 867 2179 372
885 2163 904 2178 a.
918 2156 963 2179 515

396 2203 410 2220 a
426 2209 457 2214 --
475 2203 518 2225 pro
533 2196 601 2219 nobis
614 2203 703 2224 pauper
715 2197 809 2218 ettectus
822 2196 964 2224 praedicavit

396 2239 556 2265 paupertatem
574 2235 618 2258 604
638 2235 653 2257 b
670 2248 701 2252 —-
716 2238 751 2257 est
767 2236 890 2257 instructor
906 2235 964 2263 prin-

397 2276 476 2304 cipalis
493 2275 597 2298 omnium
616 2275 739 2302 spirituum
758 2274 802 2296 422
819 2280 831 2296 a
849 2286 880 2290 -—
902 2275 965 2296 solus

397 2317 432 2337 est
449 2315 530 2337 doctor
547 2313 602 2337 ibid.
621 2326 651 2330 —
664 2314 685 2335 in
703 2314 766 2336 caelo
784 2313 863 2335 docuit
875 2314 964 2340 magni-

398 2354 527 2380 neemiam,
544 2354 584 2375 sed
603 2359 650 2375 non
667 2353 819 2375 humilitatem
838 2352 882 2375 577
901 2352 916 2374 1)
933 2364 963 2368 --

396 2395 431 2415 051
443 2393 574 2421 principalis
586 2393 714 2418 instructor,
727 2392 837 2419 magister
849 2394 871 2414 et
883 2391 964 2414 doctor

398 2432 442 2454 402
455 2439 467 2454 3
479 2444 510 2448 -—-
521 2434 555 2454 est
570 2431 645 2454 bonus
662 2431 743 2453 doctor
762 2431 806 2453 419
824 2437 836 2453 3
850 2443 878 2446 —
891 2432 964 2453 cathe-

397 2472 463 2494 dram
482 2470 551 2493 habet
568 2471 589 2493 in
608 2471 676 2493 caelis
694 2471 723 2492 60
741 2476 754 2492 3
770 2482 801 2486 -
818 2470 878 2492 1111115
893 2470 963 2492 corda

397 2510 518 2533 hominum
536 2510 603 2532 docet
621 2510 642 2532 in
660 2510 727 2532 terris
744 2509 798 2532 ibid.

445 2562 476 2566 —
493 2550 612 2572 sinceriter
623 2549 755 2577 diligendus
767 2552 812 2577 est,
830 2549 884 2577 quia
896 2549 964 2571 docet

398 2589 518 2616 veraciter,
544 2587 715 2615 delectabiliter,
740 2588 863 2610 efficaciter
889 2587 933 2610 443
950 2593 962 2609 a

397 2640 428 2644 —
446 2628 499 2650 Eius
516 2628 619 2650 doctrina
632 2630 667 2650 est
681 2630 726 2649 tota
738 2627 768 2649 ad
781 2627 963 2649 misericordiam

398 2671 420 2689 et
445 2667 563 2689 caritatem
589 2666 634 2688 294
652 2673 663 2688 3
687 2678 715 2681 -
734 2666 786 2688 Eius
803 2666 907 2688 doctrina
930 2670 964 2689 est

398 2706 469 2728 facilis
486 2706 516 2728 ad
528 2705 715 2733 intelligendum,
733 2704 811 2727 brevis
823 2708 845 2727 et
862 2705 922 2727 utilis
934 2705 962 2727 ad

399 2745 531 2767 faciendum
548 2744 601 2767 ibid.
627 2745 698 2766 —ln
726 2744 775 2772 ipso
801 2747 835 2766 est
859 2744 963 2766 doctrina

398 2784 474 2806 omnis
492 2784 595 2806 veritatis
612 2784 657 2806 359
675 2783 690 2805 1)
708 2796 738 2799 -
755 2782 863 2811 superbis
877 2789 964 2805 annun-

399 2822 438 2844 tiat
450 2823 472 2844 in
491 2822 614 2850 parabolis,
632 2823 672 2845 scd
686 2822 813 2845 humilibus
830 2822 904 2850 aperit
915 2828 964 2845 5011-

398 2867 450 2883 511111
469 2861 594 2889 parabolae
611 2862 655 2883 198
675 2861 689 2883 h
713 2873 745 2878 —-
766 2861 868 2884 veritatis
885 2862 964 2884 iaculis

398 2902 444 2922 tam
462 2906 560 2928 magnos
576 2907 649 2929 quam
670 2907 756 2928 parvos
777 2907 852 2929 aeque
868 2900 965 2923 feriebat

399 2938 444 2960 205
462 2938 476 2960 b
493 2950 526 2955 —-
542 2939 594 2961 Eius
611 2940 715 2962 doctrina
731 2943 779 2962 erat
796 2940 962 2962 manifestativa

399 2978 501 3005 turpium
519 2978 548 3000 ad
571 2978 666 3001 modum
693 2979 749 3001 lucis
774 2984 796 3001 et
821 2979 962 3002 moderatim

1262 236 1293 264 (8)

996 275 1088 297 sceleris
1105 275 1133 297 ad
1153 274 1249 297 modum
1273 275 1331 296 roris
1350 274 1394 295 130
1413 273 1428 295 b
1444 286 1475 290 —
1492 272 1564 295 voluit

996 314 1123 337 doctrinam
1138 313 1240 335 veritatis
1251 313 1425 335 communicare
1437 313 1505 335 etiam
1519 318 1564 334 ma-

996 353 1063 381 lignis
1076 353 1165 375 ludaeis
1182 352 1225 374 419
1239 358 1251 374 3
1262 365 1294 369 —
1311 352 1383 374 voluit
1400 352 1496 374 ludaeos
1513 351 1564 373 diri-

996 398 1051 420 gere
1075 392 1105 414 ad
1122 392 1241 414 veritatem
1264 392 1309 413 222
1327 397 1347 418 a,
1365 391 1380 413 1)
1402 403 1433 407 —-
1456 390 1564 412 refutavit

996 431 1100 459 ipsorum
1118 433 1254 458 argumenta
1278 429 1476 452 indissolubilibus
1495 429 1563 451 ratio-

996 470 1065 492 nibus
1082 469 1110 492 ib.
1130 469 1144 491 1)
1161 482 1192 486 ·-
1210 469 1232 491 in
1253 469 1330 491 medio
1349 469 1486 491 ludaeorum
1504 468 1564 490 stetit

997 512 1021 532 ut
1037 509 1140 531 eruditor
1162 515 1244 535 verus,
1269 508 1403 530 informator
1426 510 1518 530 sanctus
1542 510 1564 529 et

996 552 1115 576 reparator
1128 548 1180 576 pius
1194 548 1223 569 60
1236 554 1256 573 a,
1275 547 1297 569 1).
1315 548 1339 568 61
1356 542 1382 575 a,
1401 547 1415 569 b
1433 559 1463 563 —
1480 547 1561 574 spiritu

996 587 1098 609 veritatis
1109 587 1194 609 ductus
1206 587 1335 609 vendentes
1351 586 1418 608 eiecit
1429 586 1459 608 de
1478 586 1564 614 templo

996 627 1042 649 205
1061 626 1075 648 1)

1044 678 1074 681 -
1091 665 1159 687 docet
1176 665 1197 687 in
1216 668 1276 687 terra
1288 664 1469 693 quadrupliciter
1483 663 1526 686 444
1541 663 1563 685 1),

998 704 1042 727 445
1060 710 1072 726 3
1089 716 1120 720 -
1138 704 1205 726 docet
1221 704 1302 726 decem
1316 703 1453 725 documenta
1467 702 1522 725 z'tn'ct.
1533 715 1564 719 —

997 744 1065 766 docet
1081 743 1162 766 decem
1180 743 1285 765 exercitia
1303 743 1414 764 virtutum
1434 742 1478 764 422
1497 741 1511 764 1)
1533 754 1564 758 --

996 783 1073 805 erudit
1084 788 1125 805 1105
1137 782 1279 810 illustrand0,
1292 781 1413 810 elevando,
1425 781 1564 803 deducendo

998 822 1026 844 38
1045 821 1060 843 b
1077 834 1108 837 —
1125 821 1249 850 Quomodo
1267 821 1349 843 doceat
1366 821 1388 843 in
1407 821 1505 843 Ecclesia
1531 820 1565 843 di-

996 868 1077 884 versos
1094 863 1167 883 status
1186 860 1229 882 402
1249 860 1270 882 b.
1290 860 1333 882 403
1352 867 1377 888 a,
1396 860 1410 882 h
1427 873 1457 876 —
1478 860 1564 882 animat

997 901 1024 923 ad
1044 900 1165 923 audaciam
1184 906 1225 928 per
1243 900 1345 922 veritatis
1366 899 1564 922 annuntiationem

998 939 1042 962 240
1060 946 1073 962 3
1090 952 1121 956 -
1138 940 1241 967 increpat
1258 939 1367 962 duritiam
1386 945 1426 966 per
1444 939 1565 961 increduli-

997 979 1048 1001 tatis
1066 979 1267 1007 exprobrationem
1286 978 1339 1001 z'bt'd.
1358 991 1388 995 —
1413 979 1515 1001 eliminat
1532 984 1565 1000 cr-

997 1025 1075 1040 rorum
1089 1018 1198 1040 t‘allaciam
1212 1024 1253 1045 per
1265 1018 1367 1040 veritatis
1379 1018 1563 1045 suppositionem

997 1057 1050 1081 ibid.
1068 1070 1099 1074 —
1116 1057 1200 1080 ductus
1216 1060 1251 1079 est
1273 1064 1284 1079 a
1311 1057 1391 1084 spiritu
1410 1057 1512 1079 veritatis
1534 1057 1563 1078 ad

997 1097 1129 1119 docendum
1147 1096 1267 1124 ignarunu
1284 1096 1413 1124 aequitatis,
1426 1097 1453 1118 ad
1468 1102 1564 1124 arguen-
1580 1119 1581 1129 ἵ

997 1136 1053 1158 dum
1072 1136 1190 1165 iniquum,
1205 1136 1349 1161 fortitudinis,
1363 1136 1390 1158 ad
1404 1135 1563 1163 superandum
1580 1135 1582 1156 ἒ

997 1175 1124 1203 diabolum,
1143 1178 1166 1197 ut
1178 1176 1277 1197 auferret
1294 1175 1400 1202 spiritum
1414 1175 1506 1202 erroris,
1519 1175 1565 1197 dis·
1581 1189 1582 1195 1

998 1215 1157 1241 simulationis,
1176 1214 1368 1242 pusillanimitatis
1386 1214 1431 1236 203
1449 1220 1460 1235 3
1478 1226 1509 1230 -
1525 1214 1563 1236 (10-

997 1257 1032 1276 cet
1049 1254 1169 1276 veiitatem
1188 1253 1287 1275 iustitiae
1305 1253 1325 1275 in
1345 1253 1462 1280 puniendo
1480 1256 1502 1275 et
1519 1253 1565 1281 pie-

997 1296 1066 1316 tatem
1085 1293 1257 1315 misericordiae
1275 1293 1296 1314 in
1310 1292 1448 1314 remittendo
1466 1293 1494 1313 ‘28
1505 1298 1516 1314 a
1536 1304 1565 1307 —

998 1339 1039 1355 nos
1056 1332 1135 1360 dirigit
1152 1332 1180 1354 ad
1199 1338 1270 1359 opera
1293 1332 1466 1354 misericordiae
1483 1334 1505 1353 et
1527 1338 1565 1353 ca-

997 1372 1081 1399 ritatis,
1099 1371 1153 1400 quia
1174 1371 1232 1393 vidit
1253 1371 1394 1392 invalescere
1412 1371 1521 1393 malitiam
1544 1374 1566 1393 et

997 1411 1152 1433 carnalitatem
1166 1410 1210 1432 347
1229 1416 1240 1432 3
1254 1423 1283 1425 -
1298 1414 1375 1432 monet
1394 1416 1436 1432 nos
1453 1410 1480 1432 ad
1501 1410 1565 1432 mise-

997 1450 1120 1473 ricordiam
1134 1456 1175 1477 per
1187 1449 1370 1471 informationem
1383 1449 1476 1471 divinae
1492 1455 1566 1472 exem·

997 1489 1116 1518 plaritatis,
1134 1489 1326 1517 promissionem,
1349 1489 1493 1516 punitionem
1511 1487 1565 1511 ibid.

997 1541 1027 1545 -
1045 1528 1176 1556 praemunit
1188 1534 1231 1550 nos
1248 1532 1325 1549 contra
1339 1527 1496 1549 tribulationes
1510 1528 1564 1549 fina-

997 1569 1029 1590 les
1046 1568 1166 1590 excitando
1184 1567 1212 1589 ad
1231 1567 1448 1593 considerationem,
1465 1573 1565 1594 pronun-

997 1607 1075 1629 tiando
1093 1606 1273 1629 consolationem
1293 1606 1320 1628 40
1339 1612 1350 1628 3
1373 1618 1404 1622 -—
1422 1606 1513 1628 instruit
1536 1606 1563 1628 ad

997 1649 1156 1674 contemptum
1176 1648 1318 1668 terrenortun
1337 1648 1359 1667 et
1376 1645 1518 1667 desiderium
1530 1651 1565 1667 ae-

997 1688 1124 1712 ternorum,
1136 1685 1165 1707 ad
1178 1685 1291 1712 gaudium
1304 1688 1325 1707 et
1338 1691 1418 1712 pacem
1433 1685 1564 1707 interiorem

997 1724 1050 1747 ibid.
1070 1737 1098 1740 —
1116 1724 1214 1746 surrexit
1230 1724 1254 1746 in
1272 1724 1339 1746 nobis
1356 1724 1385 1746 ad
1403 1727 1504 1746 nostram
1522 1725 1565 1746 lae-

997 1764 1145 1787 tificationem
1165 1770 1205 1791 per
1220 1763 1370 1790 munditiam,
1389 1766 1564 1791 paupertatem,

997 1803 1167 1830 obedientiam,
1185 1803 1303 1826 caritatem
1322 1803 1366 1825 414
1385 1809 1410 1831 a,
1429 1803 1443 1825 b

1045 1855 1075 1859 —
1092 1843 1160 1865 docet
1182 1843 1280 1865 humiles
1302 1845 1325 1864 et
1347 1843 1414 1865 mites
1439 1843 1489 1865 vias
1509 1849 1564 1865 suas

1000 1882 1044 1904 444
1062 1888 1074 1904 a
1091 1895 1122 1899 —
1139 1882 1206 1905 docet
1224 1882 1364 1910 discipulum
1378 1882 1427 1904 vias
1444 1880 1539 1904 5113532
1552 1888 1563 1903 a

997 1934 1027 1937 —
1046 1922 1131 1943 l-larum
1144 1922 1234 1943 viarum
1260 1924 1360 1949 quatuor
1373 1921 1493 1949 privilegia
1510 1920 1564 1943 ibid.

997 1974 1027 1976 —
1037 1961 1132 1983 damnat
1143 1961 1241 1988 angulos
1253 1960 1394 1987 ambitionis,
1407 1960 1498 1982 latibula
1513 1967 1564 1988 per—

996 2006 1105 2022 sonarum
1138 2000 1291 2027 acceptionis,
1319 2000 1434 2022 delusoria
1460 2000 1563 2027 privatae

997 2039 1158 2061 consolationis
1176 2042 1198 2061 et
1215 2039 1376 2061 conventicula
1401 2039 1510 2061 sordidae
1527 2039 1565 2061 (10-

997 2079 1122 2101 lectationis
1140 2078 1168 2100 57
1188 2078 1202 2100 1)

1043 2130 1075 2133 —
1092 2118 1159 2140 docet
1175 2123 1218 2139 nos
1235 2120 1373 2145 praeoptare
1390 2121 1564 2145 paupertatem,

998 2157 1133 2183 castitatem,
1151 2156 1302 2178 humilitatem
1316 2157 1356 2178 321
1374 2156 1388 2178 1)
1401 2169 1430 2173 -
1443 2163 1485 2179 1105
1499 2157 1564 2179 infor-

998 2198 1046 2218 mat
1062 2196 1092 2218 ad
1109 2195 1259 2218 humilitatem
1275 2196 1504 2223 condescendentiae,
1516 2202 1565 2223 per-

998 2236 1070 2257 fectae
1087 2235 1197 2263 iustitiae,
1218 2236 1332 2262 cautelae,
1356 2235 1498 2263 discipliuae,
1513 2235 1565 2257 tole-

998 2274 1086 2296 rantiae
1104 2274 1148 2296 320
1167 2273 1181 2296 b
1199 2286 1229 2290 —
1245 2274 1312 2296 docet
1328 2280 1370 2296 nos
1387 2280 1498 2302 spernere
1511 2278 1565 2296 tem-

998 2314 1088 2342 porales
1097 2314 1266 2342 possessiones,
1279 2315 1382 2337 carnales
1394 2315 1564 2341 descensiones,

998 2354 1098 2376 honores
1114 2356 1137 2375 et
1153 2354 1300 2376 exaltationes
1317 2354 1358 2376 321
1381 2353 1395 2376 1)
1407 2342 1438 2370 L
1450 2354 1517 2376 docet
1535 2354 1564 2376 le-

999 2399 1053 2415 vare
1063 2393 1140 2415 omnia
1154 2392 1258 2415 membra
1271 2393 1378 2415 interiora
1390 2393 1418 2415 ad
1430 2393 1502 2415 Deum
1513 2393 1542 2415 40
1552 2399 1563 2414 a

999 2444 1028 2447 ——
1041 2432 1109 2454 docet
1126 2438 1167 2454 nos
1186 2432 1207 2454 111
1224 2432 1362 2460 poenalitate
1375 2432 1455 2454 vivere
1467 2433 1492 2453 61
1509 2438 1520 2453 3
1534 2444 1564 2448 ——

998 2471 1097 2498 imperat
1113 2471 1231 2498 poenitere
1248 2471 1277 2493 de
1294 2471 1432 2497 commissis
1449 2471 1564 2494 abstinere

997 2510 1027 2533 ab
1047 2510 1140 2537 illicitis,
1167 2510 1281 2532 moderari
1309 2511 1331 2532 in
1357 2510 1423 2532 licitis
1445 2511 1481 2532 191
1503 2517 1515 2532 3
1533 2523 1564 2527 -

998 2555 1042 2572 1100
1061 2548 1167 2577 prohibet
1184 2553 1292 2577 parentes
1310 2549 1403 2571 caritate
1420 2549 1504 2576 amari,
1522 2550 1564 2572 sed

999 2587 1086 2610 inhibet
1098 2588 1127 2610 ad
1140 2591 1246 2616 parentes
1259 2588 1361 2610 carnales
1372 2588 1492 2610 carnaliter
1504 2589 1562 2610 affici

998 2627 1038 2649 591
1061 2627 1076 2649 b
1094 2639 1123 2643 -
1141 2627 1287 2655 prohibendo
1304 2627 1360 2649 iram
1379 2633 1424 2649 non
1442 2628 1564 2649 evacuavit

998 2667 1132 2689 mandatum
1143 2666 1172 2689 de
1184 2673 1229 2688 11011
1241 2666 1377 2693 occidendo,
1387 2666 1427 2688 sed
1440 2667 1564 2694 perfectius

998 2706 1071 2728 voluit
1087 2706 1141 2728 illud
1160 2705 1279 2728 observari
1297 2706 1342 2727 376
1361 2705 1383 2728 b.
1402 2705 1445 2727 377
1464 2712 1476 2727 3

1043 2756 1075 2761 -
1092 2745 1131 2767 dat
1148 2744 1242 2767 cuilibet
1257 2745 1411 2767 necessariam
1429 2745 1508 2767 salutis
1522 2745 1563 2767 do-

997 2784 1094 2806 ctrinam
1112 2784 1156 2805 289
1173 2790 1185 2806 3
1204 2797 1234 2800 -
1256 2787 1291 2807 051
1315 2784 1445 2807 audiendus
1469 2784 1491 2806 in
1516 2785 1564 2806 suis

997 2823 1115 2849 doctrinis,
1133 2823 1207 2851 dictis,
1224 2823 1324 2846 consiliis
1345 2824 1386 2845 182
1405 2823 1419 2845 b
1436 2835 1467 2840 —·
1484 2824 1507 2845 Si
1525 2830 1563 2846 vo-

997 2863 1074 2885 lumus
1090 2863 1170 2885 venire
1187 2863 1215 2885 ad
1233 2863 1369 2885 convivium
1385 2862 1475 2891 Christi,
1493 2862 1563 2885 debe-

998 2908 1051 2924 mus
1066 2902 1147 2924 audire
1164 2902 1214 2924 eins
1229 2902 1359 2925 doctrinam
1378 2902 1422 2924 149
1439 2908 1452 2924 3
1470 2914 1500 2919 -
1518 2908 1563 2924 non

997 2947 1078 2963 omnes
1094 2941 1216 2964 addiscunt
1233 2941 1315 2964 Christi
1328 2941 1465 2968 doctrinam,
1476 2941 1516 2964 sed
1529 2947 1564 2963 ca-

997 2986 1054 3007 pere
1075 2980 1187 3008 praedam
1211 2980 1252 3002 591
1274 2980 1289 3002 b
1306 2992 1337 2997 —
1355 2981 1396 3003 1101-
1412 2980 1496 3003 Christi
1517 2986 1563 3003 ser-

946 197 1045 225 lNDEX
1067 196 1307 225 AtetttssETtCUS
1328 196 1407 224 NONl
1429 193 1616 223 VOLUMINIS.

1817 234 1873 257 CHR
1893 235 1941 263 (10)

1598 279 1687 300 mones,
1704 274 1808 302 exempla
1826 276 1848 296 et
1864 280 1934 302 opera
1954 275 2017 297 multi
2040 277 2093 296 sunt
2116 281 2164 303 per-

1599 311 1691 340 turbati,
1717 313 1753 335 alii
1774 313 1891 335 rectificati
1910 314 1954 335 129
1974 313 1988 335 b
2007 326 2034 329 —-
2053 314 2070 335 Α
2088 314 2166 336 multis

1599 351 1641 379 ipsi
1661 358 1704 373 non
1723 352 1862 374 credebatur
1880 352 1924 374 240
1942 352 1957 374 b

1629 391 1643 412 9
1661 403 1691 406 —
1708 391 1820 414 infinitate
1836 397 1892 414 suae
1910 392 2025 419 potentiae
2041 395 2123 414 cuncta
2137 392 2165 414 de

1599 429 1668 451 nihilo
1685 430 1794 458 produxit
1810 430 1832 452 iu
1850 437 1901 453 esse
1924 434 2019 453 naturae
2041 434 2063 453 et
2083 435 2165 453 cuncta

1601 469 1690 496 perficit
1707 469 1728 491 in
1747 476 1797 491 esse
1814 470 1903 497 gratiae
1921 469 1949 492 47
1969 469 1983 492 h
2000 483 2029 486 —
2048 474 2081 492 est
2093 470 2166 493 virtus

1597 511 1728 530 sustentans
1750 508 1828 530 omnia
1853 508 1897 530 470
1916 509 1930 531 1)
1947 521 1978 525 -
1994 513 2029 532 051
2047 509 2166 537 Dominus,

1598 547 1652 575 quia
1679 548 1755 569 omnia
1782 551 1864 575 potest.
1890 548 1961 575 novit,
1979 548 2052 576 diligit
2069 551 2091 571 et
2108 549 2167 577 regit

1600 586 1628 608 49
1647 592 1666 614 a,
1685 586 1699 608 b
1717 599 1747 603 —
1765 586 1834 609 habet
1851 587 2005 610 universalem
2029 590 2165 616 potestatem

1598 632 1669 653 super
1694 632 1787 648 omnem
1813 629 1942 648 creaturam
1961 627 1985 649 61
2008 626 2023 648 b
2040 640 2071 643 —
2088 627 2166 649 omnia

1598 667 1674 692 portat
1691 665 1720 686 66
1739 664 1753 687 1)
1771 677 1801 681 -—
1814 665 1867 687 Eius
1880 666 1980 693 potentia
1994 669 2028 688 est
2040 666 2166 695 adoranda,

1598 709 1643 725 non
1669 704 1779 726 imitanda
1808 705 1852 726 232
1870 711 1891 726 a.
1909 705 1953 727 299
1971 711 1982 727 3
2000 717 2032 721 -
2049 705 2166 728 Debemus

1598 743 1707 765 admirari
1726 743 1776 765 eius
1793 743 1927 771 potentiam,
1945 744 1964 766 si
1981 744 2091 766 volumus
2113 750 2167 772 pro-

1598 788 1683 804 vocare
1700 788 1766 804 suam
1779 783 1915 810 sapientiam
1933 783 1955 804 in
1974 789 2077 805 amorem
2095 783 2166 806 nostri

1599 821 1644 843 1185
1662 828 1672 843 a

1645 873 1676 877 —-
1693 867 1766 889 quare
1789 861 1899 883 miracula
1921 867 1962 883 sua
1986 862 2167 884 manifestaverit

1598 899 1743 928 simplicibus
1769 903 1791 922 et
1815 900 1893 922 idiotis
1920 901 1963 922 180
1988 900 2003 922 1)
2027 913 2055 916 -
2072 901 2165 923 Mutatio

1598 945 1672 968 aquae
1697 939 1719 961 in
1745 940 1827 961 vinum
1852 942 1901 961 erat
1926 939 2015 961 initium
2044 940 2166 968 signorum

1598 978 1681 1001 Christi
1699 985 1745 1000 non
1763 978 1851 1000 ratione
1868 979 2007 1005 existentiae,
2024 979 2064 1001 sed
2078 982 2165 1001 tantum

1598 1018 1747 1045 apparentiae
1769 1017 1809 1039 179
1828 1017 1843 1039 1)
1860 1029 1891 1033 -
1908 1018 1994 1040 nullum
2014 1018 2166 1040 curavitcor-

1599 1057 1714 1084 poraliter,
1732 1063 1802 1085 quem
1821 1057 1885 1084 prius
1903 1063 1947 1079 non
1960 1060 2051 1079 curaret
2062 1057 2167 1085 spiritua-

1598 1096 1648 1118 liter
1666 1096 1710 1117 232
1729 1095 1752 1118 b.
1772 1095 1811 1117 411
1828 1102 1841 1118 3
1853 1108 1884 1111 -
1896 1102 1957 1124 quae
1974 1097 2045 1124 gessit
2062 1097 2166 1119 sanando

1599 1135 1620 1156 in
1638 1141 1744 1162 corpore,
1761 1136 1819 1156 facta
1831 1137 1885 1157 sunt
1895 1135 2043 1162 spiritualiter
2056 1135 2076 1157 in
2089 1136 2166 1157 anima

1600 1174 1644 1196 415
1662 1180 1673 1196 3
1692 1186 1723 1190 -
1740 1175 1788 1196 5010
1805 1173 1879 1196 verbo
1896 1174 2047 1202 paralyticum
2066 1176 2167 1202 perfecte

1599 1213 1689 1235 sanavit
1707 1213 1751 1235 423
1769 1219 1781 1235 3
1800 1225 1828 1228 —
1847 1219 1888 1241 per
1907 1213 2043 1235 miraculum
2068 1214 2167 1236 ostendit

1600 1253 1724 1280 potentiam
1755 1252 1883 1274 Divinitatis
1910 1252 2040 1275 dimittendi
2073 1257 2166 1281 peccata

1599 1291 1654 1314 ibid.
1673 1305 1700 1307 —
1719 1298 1801 1314 sanans
1815 1292 1970 1319 hydropicum
1982 1293 2082 1314 ostendit
2094 1293 2167 1314 humi-

1599 1331 1692 1357 litatem,
1716 1331 1892 1358 virtuositatem,
1915 1331 2072 1353 liberalitatem
2092 1332 2136 1354 415
2153 1338 2165 1354 3

1599 1383 1629 1386 -
1647 1371 1682 1392 1115
1699 1370 1793 1392 volebat
1809 1371 1929 1392 confutare
1947 1371 2042 1393 ludaeos
2060 1370 2114 1393 ibid.
2136 1384 2167 1387 —

1599 1409 1718 1437 tripliciter
1736 1410 1844 1432 misertus
1861 1413 1895 1432 est
1906 1416 1977 1437 super
1990 1409 2083 1432 turbam
2096 1410 2140 1432 379
2153 1416 2165 1432 3

1599 1461 1629 1464 -
1646 1448 1793 1471 resuscitavit
1815 1449 1926 1476 triplicem
1951 1452 2068 1471 mortuum
2091 1449 2136 1471 412
2154 1455 2165 1471 3

1599 1501 1628 1503 -
1648 1488 1735 1510 facilius
1752 1488 1847 1510 suscitat
1864 1491 1990 1515 mortuum,
2002 1494 2072 1517 qnam
2085 1488 2167 1511 excita-

1599 1530 1635 1549 tur
1649 1527 1768 1550 dormiens
1780 1526 1834 1550 ibid.
1845 1539 1877 1543 —
1888 1527 2036 1555 spiritualiter
2048 1527 2165 1550 infirmum

1598 1567 1751 1595 apprehendit
1768 1573 1809 1594 per
1827 1567 1914 1594 gratiae
1935 1567 2081 1594 infusionem,
2103 1573 2167 1589 sana-

1598 1606 1632 1628 vit
1644 1613 1685 1634 per
1695 1606 1778 1634 cnlpae
1790 1606 1952 1634 expiationem,
1965 1606 2051 1629 dimisit
2063 1612 2104 1634 per
2114 1612 2167 1634 poe—

1598 1651 1641 1667 nae
1659 1645 1821 1668 relaxationem
1841 1645 1885 1667 415
1902 1652 1914 1667 3
1932 1658 1963 1661 —
1981 1646 2054 1668 Valde
2066 1646 2167 1668 admira-

1598 1685 1643 1707 bile
1660 1687 1702 1711 est,
1719 1685 1781 1714 quod
1800 1685 1889 1713 flagello
1908 1685 1975 1707 unius
1992 1687 2025 1707 tot
2042 1685 2166 1707 vendentes

1598 1725 1662 1746 eiecti
1680 1727 1733 1747 sunt
1750 1725 1780 1747 de
1798 1725 1883 1752 templo
1902 1725 1946 1747 390
1964 1731 1976 1746 a

1637 1764 1661 1785 10
1680 1776 1709 1779 -
1728 1764 1749 1785 10
1768 1764 1833 1786 vultu
1856 1764 1976 1792 oculisque
1998 1764 2167 1786 demonstravit

1598 1803 1693 1831 aliquod
1711 1803 1823 1831 divinum,
1841 1809 1908 1825 secus
1925 1809 1971 1825 non
1994 1803 2070 1825 statim
2094 1803 2165 1826 secuti

1598 1848 1651 1864 eum
1678 1842 1774 1864 fuissent
1799 1842 1906 1870 discipuli
1932 1842 1976 1864 432
2003 1842 2024 1864 b.
2043 1842 2086 1865 433
2105 1848 2117 1864 3
2136 1854 2166 1858 -·

1598 1882 1720 1909 Apostolos
1743 1881 1810 1904 valde
1832 1881 1909 1904 dilexit
1925 1884 1948 1903 et
1965 1881 2065 1904 maxime
2081 1882 2102 1904 in
2121 1882 2165 1904 fine

1599 1921 1642 1942 307
1663 1920 1677 1942 b
1700 1933 1731 1936 ——
1755 1920 1864 1948 pascebat
1885 1927 1940 1943 suos
1965 1921 2091 1949 discipulos
2116 1921 2165 1943 sine

1598 1960 1750 1982 sollicitudIne
1762 1960 1820 1982 inter
1832 1960 1928 1983 ludaeos
1945 1960 2077 1982 incredulos
2095 1960 2139 1983 537
2151 1967 2164 1982 3

1597 2011 1629 2015 -—
1645 2000 1767 2027 Apostolos
1784 2006 1830 2022 non
1848 2002 1935 2022 tantum
1948 1999 2078 2022 sollicitavit
2090 2000 2118 2022 ad
2131 2000 2165 2021 111-

1597 2039 1737 2067 quirendum
1756 2038 1895 2061 beneficium
1909 2039 2031 2066 passionis,
2042 2039 2083 2061 sed
2096 2039 2164 2061 etiam

1598 2078 1646 2099 sine
1671 2077 1819 2106 inquisitione
1845 2078 1877 2100 eis
1903 2078 2015 2106 praedixit
2040 2078 2084 2100 307
2102 2077 2117 2100 b
2135 2090 2165 2094 —

1597 2117 1697 2139 ostendit
1713 2117 1828 2144 Apostolis
1844 2117 1874 2139 ad
1890 2117 2070 2140 consolationem
2083 2117 2112 2140 de
2123 2123 2164 2140 sua

1598 2155 1701 2178 absentia
1721 2156 1872 2178 tribulationis
1891 2156 1998 2178 meritum
2015 2160 2037 2178 et
2059 2162 2165 2178 remune-

1598 2195 1692 2217 rationis
1710 2195 1838 2223 praemium
1853 2196 1897 2217 308
1911 2195 1925 2217 1)
1937 2208 1968 2212 -
1980 2195 2093 2223 praedixit
2104 2196 2165 2223 Apo-

1598 2235 1660 2257 stolis
1677 2241 1743 2257 suam
1769 2235 1901 2263 passionem
1924 2237 1946 2257 et
1971 2235 2164 2263 redemptionem,

1600 2277 1623 2296 ut
1640 2280 1681 2296 eos
1699 2274 1831 2296 fortificaret
1848 2274 1869 2296 in
1889 2274 1933 2296 fide
1952 2274 1996 2296 202
2014 2280 2026 2296 3
2044 2286 2075 2290 -
2091 2278 2116 2296 111
2132 2274 2164 2296 (11-

1598 2313 1699 2341 scipulos
1716 2314 1745 2335 de
1762 2320 1805 2336 suo
1822 2319 1914 2336 recessu
1932 2314 2047 2341 corporali
2065 2314 2164 2335 consola-

1598 2356 1668 2379 retur,
1685 2352 1792 2380 promisit
1809 2353 1842 2375 eis
1860 2352 1970 2380 Spiritum
1990 2353 2011 2374 S.
2031 2353 2074 2374 309
2093 2359 2105 2374 3

1644 2404 1674 2407 -
1692 2395 1726 2414 051
1743 2395 1813 2419 caput
1830 2392 1943 2414 Ecclesiae
1961 2391 2001 2413 561
2023 2398 2035 2413 3
2048 2404 2079 2408 —-
2090 2395 2123 2414 est
2135 2392 2164 2414 la-

1598 2431 1633 2458 pis
1656 2431 1833 2453 fundamentalis
1856 2431 1968 2453 Ecclesiae
1989 2431 2034 2453 688
2052 2437 2065 2453 3
2082 2444 2112 2447 -—
2130 2434 2164 2453 est

1598 2470 1667 2492 totius
1684 2470 1825 2492 hierarchiae
1842 2470 2008 2492 ecclesiasticae
2030 2470 2164 2492 fundamen-

1598 2514 1645 2532 tum
1664 2510 1708 2531 296
1727 2509 1742 2531 1)
1753 2522 1784 2525 -
1795 2509 1839 2532 sibi
1852 2510 1987 2537 appropriat
1999 2509 2128 2532 dominium
2140 2510 2162 2532 111

1596 2549 1695 2571 Ecclesia
1714 2548 1744 2571 ob
1758 2553 1802 2571 tres
1814 2555 1896 2571 causas
1909 2549 1952 2571 388
1966 2555 1977 2570 3
1994 2561 2026 2565 -
2042 2552 2077 2571 051
2092 2549 2163 2571 Eccle-

1596 2588 1643 2610 siae
1655 2594 1755 2615 sponsus
1767 2589 1796 2610 65
1806 2596 1817 2610 a
1830 2600 1861 2604 —
1873 2588 2025 2616 Desponsatio
2035 2588 2117 2610 Christi
2129 2592 2163 2610 est

1598 2628 1651 2649 unio
1664 2628 1736 2656 ipsius
1748 2634 1801 2650 00111
1815 2628 1914 2649 Ecclesia
1926 2628 1955 2649 96
1969 2634 1981 2649 3
1991 2639 2021 2643 -
2031 2634 2075 2649 11011
2090 2628 2163 2655 potuit

1597 2666 1683 2688 habere
1699 2673 1810 2694 sponsam
1828 2667 2007 2693 immaculatam,
2024 2667 2098 2689 donec
2122 2668 2163 2689 for-

1597 2709 1698 2728 maretur
1715 2706 1745 2728 de
1762 2707 1831 2728 latere
1848 2712 1891 2728 suo
1909 2706 1953 2728 247
1972 2705 1986 2728 1)
1999 2719 2028 2722 -—
2042 2706 2103 2728 venit
2121 2712 2162 2734 pro

1598 2746 1703 2772 Ecclesia,
1720 2746 1829 2774 quamvis
1846 2746 1984 2773 processerit
2000 2746 2029 2768 de
2043 2752 2161 2773 synagoga

1597 2784 1621 2806 51
1645 2784 1659 2806 1)
1678 2797 1705 2800 —
1723 2785 1788 2807 sedet
1806 2785 1828 2806 in
1846 2785 1944 2807 Ecclesia
1968 2785 2078 2807 militante
2101 2788 2123 2807 01
2139 2785 2161 2807 111

1597 2824 1688 2846 caelesti
1705 2824 1832 2846 hierarchia
1855 2824 1896 2846 148
1914 2824 1929 2846 1)
1946 2836 1977 2840 ——
1995 2826 2056 2846 fovet
2068 2825 2162 2847 ordines

1597 2863 1739 2885 hierarchiae
1750 2863 1869 2891 angelicae
1880 2867 1902 2886 et
1913 2863 2079 2886 ecclesiasticae
2092 2864 2137 2886 614
2147 2863 2162 2885 b

1597 2915 1627 2918 —
1644 2903 1707 2924 solus
1724 2905 1800 2930 potest
1816 2903 1938 2925 Ecclesiam
1961 2903 2085 2925 fecundare
2103 2903 2132 2925 65
2148 2909 2160 2925 a

1596 2953 1627 2958 ——
1644 2942 1745 2964 visitavit
1762 2942 1885 2964 Ecclesiam
1909 2943 1983 2970 ipsam
2008 2942 2161 2969 fecundandO,

1598 2980 1738 3008 illustrando,
1754 2982 1899 3009 protegendo
1917 2981 1961 3003 413
1975 2981 1989 3003 b
2001 2994 2032 2998 —
2043 2982 2096 3004 Eius
2108 2988 2161 3004 caro
