2269 3448
383 195 419 223 90

609 233 665 255 cun
685 233 717 261 (a)

383 272 523 301 principium
541 272 620 294 salutis
638 273 753 294 humanae
769 274 792 294 et
813 271 948 299 confugium

383 312 459 334 omnis
476 312 567 334 animae
587 311 629 332 119
648 310 662 333 1)
679 323 710 327 -
727 311 781 333 Eius
797 310 903 333 nativitas
915 314 949 332 est

383 351 514 374 contentiva
536 351 623 377 salutis,
648 350 816 372 manifestativa
842 349 949 371 honitatis

383 394 405 413 et
422 390 617 418 repraesentativa
636 389 762 417 sapientiae
783 389 820 410 121
843 388 865 410 1).
880 388 923 410 tiz-2
936 394 948 410 a

382 442 413 447 —
429 433 496 452 natus
513 432 561 452 erat
579 429 667 451 mundo
684 428 812 456 speculum,
835 428 949 454 solatium,

383 469 558 496 documentum,
576 468 746 494 indumentum,
763 467 871 495 pretium,
883 473 949 495 prae-

384 509 456 531 mium
476 509 520 530 167
539 507 554 530 1)
571 520 602 524 -
618 510 686 530 natus
703 507 725 529 in
744 510 849 534 [empore
866 509 888 528 et
899 512 950 533 par-

383 548 452 570 vulus
468 549 541 570 factus
557 550 598 573 est,
617 549 641 569 ut
658 547 728 568 homo
745 546 874 568 efficeretur
890 545 950 567 tilius

383 587 431 614 Dei,
456 590 615 609 renasceretur
638 587 661 608 in
684 585 808 613 baptismo,
833 585 863 607 de
880 589 949 606 servo

384 627 448 649 fieret
474 625 531 648 liber
548 629 569 647 et
592 626 622 647 de
648 625 744 652 parvulo
767 624 853 651 dignus
877 629 950 651 regno

382 666 499 688 caelorum
519 665 563 687 146
586 671 608 691 a,
625 664 640 686 b
666 676 696 679 —-
721 666 787 685 natus
812 662 950 690 significavit

383 704 610 733 praedominativam
629 703 726 731 pietatis,
745 702 917 724 misericordiae
928 704 950 723 et

383 744 470 772 gratiae
489 744 531 765 113
550 743 565 765 b
583 755 613 759 —
631 745 698 764 natus
720 744 754 764 est
778 743 831 763 ante
855 741 949 763 Mariam

382 783 501 805 nativitate
517 787 618 810 aeterna,
635 788 696 810 qnae
707 784 839 803 reservatur
851 780 873 802 in
887 786 949 808 prae·

383 823 470 849 mium3
487 825 556 844 natus
572 824 607 844 est
624 821 645 843 in
663 827 688 843 ea
707 824 729 843 et
745 826 772 842 ex
790 826 816 841 ea
833 820 863 842 ad
875 825 950 841 reine-

382 862 447 884 dium
466 862 493 883 99
514 861 535 883 1).
558 861 598 882 100
618 867 637 888 a,
656 860 670 882 b

430 913 461 917 ——
484 903 551 922 natus
576 901 704 922 humanum
731 905 806 927 genus
831 899 852 921 in
876 899 949 921 Deum

382 940 517 963 fecundavit
541 943 563 962 et
587 940 715 967 angelicam
745 941 851 961 naturam
873 938 949 960 iucun-

384 980 448 1002 davit
465 980 509 1002 113
528 979 543 1001 b
560 991 591 995 -
608 980 630 1001 ln
648 979 703 1000 Filio
725 978 791 1000 nobis
813 978 893 1000 datum
916 980 950 999 est

382 1024 495 1046 magnum
520 1019 609 1041 donum
636 1018 675 1039 101
699 1017 713 1039 1)
732 1030 761 1032 -
782 1019 849 1039 natus
871 1020 905 1038 est
928 1016 949 1038 in

382 1058 548 1080 iucunditatem
567 1057 653 1086 gloriae
673 1060 765 1079 nostrae
788 1056 950 1082 meditationis,

383 1097 592 1125 contemplationis,
610 1097 738 1124 locutionis,
753 1096 869 1123 orationis,
881 1096 949 1117 devo-

383 1137 456 1165 tionis,
475 1138 613 1163 collationis,
630 1136 826 1162 conversationis,
846 1134 949 1162 achonis,

383 1176 548 1199 aedificationis
570 1176 610 1197 120
628 1182 639 1197 a
652 1188 683 1191 -—
695 1174 777 1197 Christi
795 1174 902 1196 nativitas
919 1174 949 1196 iu-

384 1216 524 1238 cundissima
544 1215 585 1237 fuit
604 1215 666 1237 illatri
685 1218 707 1236 et
725 1214 867 1236 universitati
885 1213 925 1235 t35
937 1219 949 1234 a

383 1268 412 1271 —
430 1259 497 1277 natus
523 1255 635 1277 illuminat
657 1254 771 1276 mundum
795 1256 817 1275 et
839 1252 949 1275 iucundat

383 1295 518 1317 universum
545 1293 598 1316 ibici.
622 1306 652 1310 —
677 1293 759 1316 Christi
784 1293 891 1314 nativitas
916 1294 950 1314 est

382 1334 533 1360 nobilissima,
545 1333 727 1361 deliciosissima,
740 1332 857 1354 uberrima
880 1333 884 1353 l
896 1332 920 1354 17
935 1331 949 1353 1)

429 1386 460 1389 -
478 1376 545 1395 natus
562 1376 595 1394 est
619 1374 706 1394 fructus
729 1371 874 1399 spectabilis,
891 1371 949 1393 desi-

383 1412 504 1439 derabilis,
521 1411 664 1434 oblectabilis
681 1412 710 1433 38
723 1418 735 1433 3
757 1423 787 1427 —
806 1410 889 1433 Christi
913 1416 949 1432 na-

383 1452 460 1474 tivitas
478 1452 533 1474 tollit
552 1451 727 1478 exspectationis
749 1450 890 1475 dilationem,
907 1450 950 1472 exi-

384 1492 417 1520 git
442 1491 631 1514 considerationis
659 1490 806 1512 attentionem
835 1492 857 1511 et
885 1490 951 1511 offert

384 1531 546 1559 promissionis
568 1530 725 1558 impletionem
745 1530 788 1551 1126
806 1535 818 1551 a
836 1541 866 1544 —
884 1532 951 1550 natus

382 1573 480 1598 apparet
496 1569 706 1597 contemplantibus
724 1569 745 1590 in
764 1568 900 1590 miraculum
919 1567 950 1589 ob

383 1610 486 1639 quinque
508 1609 616 1635 rationes
639 1608 825 1631 desiderantibus
848 1608 869 1629 in
892 1607 950 1629 sola-

382 1651 448 1676 tium,
465 1648 640 1677 proficientibus
658 1648 681 1670 in
699 1648 830 1675 exemplum
844 1646 949 1674 sextupli-

382 1689 438 1711 citer
456 1689 500 1710 100
518 1688 550 1710 1)-
562 1688 606 1709 102
625 1687 639 1709 1)
657 1700 687 1703 -
704 1690 767 1709 ortus
785 1689 819 1709 est
841 1690 865 1708 ut
888 1687 950 1708 viror

383 1728 473 1750 virtutis
490 1726 595 1749 virilibus
617 1730 639 1749 et
660 1726 734 1748 virilia
759 1725 950 1753 proponentibus,

383 1771 407 1790 ut
424 1767 535 1795 splendor
552 1766 656 1788 veritatis
673 1764 816 1793 pauperibus
834 1768 856 1786 et
877 1765 950 1786 humi-

382 1807 442 1829 libus
464 1807 504 1828 128
522 1812 542 1832 3,
562 1806 577 1828 1)
594 1818 624 1821 J
646 1805 754 1833 apparuit
777 1805 798 1826 in
821 1804 950 1826 sinceritate

383 1846 510 1868 munditiae
527 1848 550 1867 et
566 1845 658 1867 lenitate
670 1844 841 1866 misericordiae
852 1844 949 1871 diligen-

384 1885 445 1907 tibus
468 1886 508 1907 1²29
527 1891 547 1911 a,
566 1884 580 1906 b
598 1897 628 1900 —
646 1887 742 1912 apparet
760 1882 898 1905 habentibus
910 1884 950 1904 hu-

385 1925 503 1946 militatem
522 1927 690 1949 venustantem,
702 1923 798 1945 odorem
811 1923 949 1948 elevantem,

383 1964 454 1986 fidem
477 1963 644 1985 illuminantem
668 1962 695 1984 ib.
715 1962 729 1983 b
747 1974 777 1978 -—
795 1968 890 1984 nascens
907 1967 949 1983 nos

385 2004 467 2025 invitat
484 2003 512 2025 ad
531 2003 630 2024 culmina
649 2003 760 2024 virtutum
778 2002 840 2023 etad
854 2007 949 2023 munera

383 2042 560 2065 delectationum
584 2042 623 2063 118
642 2048 653 2063 a

430 2094 460 2098 —
477 2081 605 2103 Adventum
623 2080 704 2103 Christi
723 2080 847 2108 praecessit
869 2080 949 2102 illumi-

383 2121 444 2143 natio
462 2121 519 2148 legis
535 2124 639 2147 naturae,
652 2120 770 2142 illustratio
783 2120 916 2147 scripturae
927 2121 950 2141 et

383 2160 531 2182 revelationis
549 2160 699 2187 propheticae
717 2159 745 2180 60
764 2158 778 2180 b
796 2171 826 2175 -
843 2160 900 2180 Ante
912 2158 949 2180 311-

382 2203 478 2222 ventum
496 2199 577 2222 Christi
596 2202 660 2221 erant
683 2199 704 2220 in
729 2199 821 2220 homine
846 2198 950 2220 defectus

384 2239 499 2267 potentiae
524 2239 547 2260 in
575 2238 717 2266 operatione,
745 2238 899 2265 eipei-ientiae
928 2238 949 2259 in

383 2278 596 2306 comprehensione,
612 2277 773 2305 intelligentiae
786 2277 807 2299 in
820 2277 950 2304 cognitione

384 2317 413 2339 45
431 2324 443 2339 a
460 2330 490 2333 —
516 2319 599 2339 Seciae
625 2317 757 2344 Scripturae
783 2316 950 2338 multiformiter

384 2358 508 2385 loquuntur
520 2357 550 2379 de
567 2356 648 2378 cni-isti
660 2356 771 2382 adventu,
784 2356 829 2377 vita
842 2359 864 2377 et
876 2358 950 2377 morte

383 2396 412 2418 52
430 2396 445 2418 b
462 2409 493 2412 —
511 2396 592 2418 Christi
619 2396 733 2417 adtentus
758 2401 770 2416 a
796 2394 901 2417 Patribus
923 2400 950 2416 ex

386 2435 467 2463 triplici
485 2436 573 2457 ratione
590 2438 639 2457 erat
655 2435 724 2457 avide
735 2434 881 2456 desideratus
893 2434 921 2455 ‘28
934 2433 949 2455 1)

384 2487 414 2491 —-
432 2475 494 2497 venit
512 2479 563 2502 post
581 2476 687 2496 loannem
706 2474 765 2496 sicut
781 2479 881 2501 sponsus
898 2476 950 2500 post

384 2516 579 2542 paranymphum,
597 2514 656 2536 sicut
672 2520 710 2535 rex
724 2516 775 2541 post
786 2513 949 2541 nuntiatorem,

383 2554 442 2576 sicut
455 2554 529 2581 fulgor
542 2553 683 2575 meridianus
696 2556 747 2580 post
759 2553 884 2574 diluculum
897 2552 927 2573 65
937 2558 948 2573 a

383 2606 413 2608 —
430 2593 514 2615 Christi
539 2593 683 2621 quadruplex
709 2592 830 2618 adventus,
855 2592 903 2613 scil.
927 2592 948 2613 in

384 2639 484 2660 carnem,
502 2633 531 2654 ad
550 2632 668 2658 iudicium,
687 2632 709 2653 in
728 2636 837 2656 mentem,
849 2632 878 2653 ad
892 2638 949 2653 mor·

385 2676 430 2694 tem
449 2673 477 2694 32
496 2679 507 2693 a
525 2684 556 2687 —
573 2672 636 2693 venit
654 2672 674 2693 in
693 2671 807 2693 mundum
819 2671 848 2692 ad
861 2671 905 2692 51111
913 2676 950 2692 en-

383 2711 439 2733 dum
458 2712 549 2733 vincula
567 2710 684 2738 originalis
701 2711 790 2737 culpae,
808 2710 829 2731 in
852 2709 948 2731 limbum

384 2751 412 2772 ad
436 2750 610 2772 dissolvendum
635 2750 726 2772 vincula
750 2752 827 2771 reatus
853 2755 949 2777 poenae,

385 2790 461 2811 veniet
477 2790 506 2812 ad
524 2790 635 2812 iudicium
647 2789 677 2811 ad
689 2789 889 2811 exterminandum
902 2788 950 2810 113-

384 2830 433 2851 cula
460 2829 586 2857 corporalis
612 2829 716 2851 miseriae
743 2828 771 2850 [16
798 2828 820 2850 l).
841 2828 869 2850 47
888 2834 908 2855 a,
927 2828 948 2849 1).

386 2868 413 2890 ts
431 2875 442 2890 a
462 2881 489 2884 —
509 2872 603 2896 propter
624 2868 807 2890 misericordiam
830 2867 949 2889 descendit

385 2908 406 2929 in
425 2914 530 2935 carnem,
550 2909 570 2930 in
590 2912 698 2935 mentem,
711 2908 740 2930 ad
752 2907 862 2930 iudicium
877 2907 921 2928 [132
934 2906 948 2928 b

432 2960 461 2964 —
478 2955 522 2970 non
541 2949 602 2971 venit
620 2952 644 2971 ut
666 2949 804 2975 dominator,
826 2948 866 2969 sed
890 2947 949 2968 sicut

386 2991 487 3012 minister
505 2990 532 3011 57
553 2989 566 3010 l»
584 3002 614 3005 —
632 2990 654 3011 in
672 2990 748 3017 primo
768 2990 868 3011 adventu
887 2989 949 3011 teuit

1250 233 1282 260 (2)

983 271 1076 293 humilis
1092 277 1135 299 pro
1152 270 1313 298 redemptione.
1329 273 1477 298 peccatorum
1493 270 1523 292 79
1535 276 1547 293 a

982 323 1013 327 —
1030 316 1076 332 non
1095 310 1157 332 venit
1174 311 1296 337 fastuosus,
1312 310 1354 332 sed
1376 310 1469 332 humilis
1488 309 1518 332 54
1535 315 1548 331 a

982 362 1013 366 —-
1029 350 1103 372 noluit
1120 350 1200 372 venire
1218 350 1340 376 fastuosus,
1357 349 1397 371 sed
1416 350 1510 371 humilis
1527 352 1549 371 et

983 392 1118 411 mansuetus
1135 389 1164 411 28
1182 395 1203 416 a,
1221 388 1235 410 b
1252 402 1282 404 —
1300 395 1346 411 non
1369 389 1432 410 venit
1453 394 1549 416 pompo-

982 434 1030 455 sus,
1046 428 1086 450 sed
1109 434 1198 456 pauper
1216 431 1238 450 et
1254 434 1343 455 egenus
1360 427 1390 450 ib.
1408 427 1422 449 1)
1442 440 1470 443 -
1488 427 1550 449 venit

983 470 1007 489 ut
1024 473 1114 495 pauper
1139 470 1218 489 contra
1244 467 1373 494 avaritiam,
1399 470 1424 489 ut
1448 467 1549 489 clemens

983 510 1062 529 contra
1081 507 1199 534 malitiam,
1215 508 1239 528 ut
1255 505 1368 528 obediens
1380 509 1459 528 contra
1471 511 1550 533 super-

984 545 1046 567 biam
1065 546 1094 567 39
1112 552 1124 567 3
1142 558 1171 561 -
1190 545 1253 567 venit
1271 551 1360 573 pauper
1376 545 1454 578 quoad
1472 548 1549 567 actum

984 584 1126 612 possidendi,
1143 584 1244 611 amandi,
1265 585 1384 612 sperandi,
1406 584 1549 612 recogitandi

983 623 1038 646 ibid.
1055 636 1086 640 —
1097 624 1162 646 venit
1173 624 1281 651 clemens,
1293 624 1347 652 quia
1361 624 1419 646 mala
1432 630 1477 646 non
1489 630 1549 646 ama-

984 663 1028 691 vit,
1045 669 1091 685 non
1111 664 1175 691 fecit,
1193 669 1238 685 non
1261 663 1407 691 procuravit,
1424 663 1467 686 sed
1484 664 1550 685 malis

984 702 1106 729 benefecit,
1117 703 1191 724 malos
1203 702 1224 724 in
1237 701 1299 724 bono
1311 703 1366 725 vicit
1380 702 1434 725 ibid.
1446 715 1476 718 —-
1488 703 1550 724 venit

983 741 1104 768 obediens,
1121 742 1175 770 quia
1192 742 1303 764 voluntati
1321 742 1392 764 l‘atris
1403 741 1514 769 obedivit,
1526 748 1550 764 se

983 781 1145 808 conformavit,
1162 781 1278 809 vituperia
1295 787 1342 803 non
1354 782 1451 810 curavit,
1463 782 1486 803 13
1498 781 1550 803 obe-

983 821 1067 843 dientia
1084 821 1156 843 vitam
1174 821 1248 843 finivit
1264 820 1318 844 ibid.

1030 873 1061 877 —-
1078 860 1099 882 in
1118 861 1194 888 primo
1211 861 1312 883 adventu
1331 861 1395 882 venit
1406 864 1431 882 ut
1442 867 1480 882 rex
1493 861 1522 882 66
1535 860 1550 882 b

984 912 1013 916 —
1031 900 1094 922 venit
1112 903 1136 922 31
1152 906 1191 922 rex
1209 903 1231 922 et
1247 906 1348 928 sponsus
1366 901 1410 922 128
1429 899 1443 922 b
1461 912 1491 916 ——
1507 900 1550 922 Α11-

982 943 1067 962 ventus
1083 939 1165 962 Christi
1183 942 1218 961 est
1234 945 1340 961 summae
1357 939 1489 966 maiestatis,
1507 940 1550 962 cla-

983 979 1062 1007 ritatis,
1086 979 1214 1005 suavitatis,
1236 979 1361 1001 sanctitatis
1379 978 1407 1000 40
1426 978 1440 1000 b
1457 991 1488 995 —
1505 978 1551 1001 Ad-

983 1022 1067 1041 ventus
1083 1018 1166 1041 Christi
1183 1019 1271 1041 cxcellit
1288 1020 1400 1046 quantum
1418 1018 1447 1040 ad
1465 1021 1550 1045 ortum,

984 1059 1121 1086 profectum,
1147 1059 1245 1080 fructum
1272 1059 1297 1080 51
1325 1057 1339 1079 b
1357 1070 1388 1074 —
1404 1058 1467 1080 venit
1485 1060 1509 1079 ut
1525 1057 1550 1079 li-

984 1104 1056 1125 gnum
1073 1098 1135 1120 111133
1152 1098 1298 1125 purissimae,
1316 1097 1493 1125 pulcherrimae,
1506 1097 1551 1124 ple-

984 1137 1101 1164 nissimae,
1120 1137 1308 1165 promptissimae
1326 1137 1353 1158 56
1373 1136 1387 1158 b
1405 1148 1435 1152 -—
1454 1136 1549 1158 venitin

984 1177 1096 1199 mundum
1107 1177 1165 1199 sicut
1175 1177 1224 1198 fons
1234 1176 1341 1198 claritatis
1350 1179 1462 1203 aeternae,
1473 1176 1549 1203 imago

983 1216 1091 1239 bonitatis
1109 1219 1225 1244 paternae,
1243 1216 1364 1243 speculum
1382 1218 1404 1237 et
1421 1216 1499 1242 regula
1517 1221 1550 1237 sa-

983 1256 1036 1278 lutis
1054 1256 1169 1277 humanae
1187 1256 1215 1277 68
1236 1255 1249 1276 h
1267 1268 1297 1270 —
1316 1256 1338 1276 ln
1356 1254 1447 1277 Christo
1464 1257 1498 1276 est
1516 1254 1549 1276 in-

983 1295 1073 1317 fluentia
1093 1295 1161 1317 t'ontis
1178 1295 1245 1320 vitae,
1259 1294 1315 1316 lucis
1328 1294 1460 1321 sapientiae,
1473 1294 1550 1315 trium-

984 1335 1022 1362 phi
1044 1334 1169 1360 victoriosi,
1193 1333 1303 1355 felicitans
1326 1336 1432 1355 aeternae
1451 1333 1479 1354 42
1497 1339 1518 1359 a,
1536 1331 1550 1354 b

983 1386 1013 1390 —
1031 1376 1097 1395 natus
1115 1374 1137 1395 in
1156 1376 1213 1395 terra
1232 1376 1256 1394 ut
1268 1373 1342 1394 viator
1353 1373 1457 1394 elevatur
1469 1372 1490 1394 in
1503 1378 1551 1394 cae·

983 1413 1039 1441 lum,
1053 1416 1076 1435 ut
1088 1413 1270 1440 comprehensor
1287 1412 1368 1439 spiritu
1387 1414 1409 1434 et
1425 1418 1494 1434 carne
1509 1412 1551 1434 cal-

983 1452 1051 1474 cabat
1068 1452 1183 1474 mundum
1196 1455 1219 1474 et
1230 1452 1349 1479 synderesi
1369 1451 1486 1473 habitabat
1502 1457 1551 1474 cae-

984 1492 1031 1513 lum
1055 1492 1095 1513 113
1113 1491 1128 1513 b

1030 1543 1061 1547 —-
1079 1531 1132 1553 Eius
1145 1531 1234 1558 primus
1246 1530 1360 1552 adventus
1371 1533 1405 1552 est
1417 1530 1550 1552 desideran-

984 1570 1028 1593 dus
1046 1570 1075 1592 65
1093 1570 1108 1592 b
1125 1582 1156 1586 -—-
1179 1570 1308 1592 Consolatio
1331 1570 1446 1592 adventus
1468 1569 1551 1591 Christi

983 1613 1018 1632 est
1042 1610 1188 1638 imploranda
1213 1612 1235 1631 et
1260 1609 1411 1631 memoranda
1438 1609 1466 1631 49
1489 1608 1503 1630 b
1520 1621 1551 1625 —-

983 1649 1065 1672 Christi
1077 1649 1222 1671 advenientis
1234 1649 1363 1677 praesentia
1376 1652 1410 1671 est
1418 1648 1551 1671 veneranda

985 1692 1079 1717 propter
1097 1689 1210 1716 originem
1228 1695 1253 1711 ex
1271 1689 1354 1716 triplici
1371 1689 1459 1710 ratione
1481 1694 1552 1715 gene-

983 1734 1059 1750 rosam
1078 1729 1107 1750 38
1125 1734 1138 1750 a
1156 1741 1185 1743 —
1204 1728 1256 1750 Eius
1273 1728 1402 1755 praesentia
1419 1727 1551 1750 05111ρεί113-

983 1768 1054 1790 randa
1074 1771 1168 1795 propter
1186 1768 1299 1795 triplicem
1317 1768 1443 1795 gratiarum
1458 1767 1551 1794 plenitu-

984 1807 1061 1830 dinem
1081 1806 1109 1829 ἰί).
1128 1806 1142 1829 b
1159 1819 1189 1823 —
1208 1807 1261 1829 Eius
1278 1807 1405 1835 praesentia
1424 1810 1458 1829 est
1476 1807 1551 1828 formi-

984 1847 1061 1869 danda
1074 1850 1169 1874 propter
1182 1847 1279 1869 iustitiae
1291 1847 1438 1868 severitatem
1451 1846 1551 1874 quadru-

985 1886 1068 1914 plicem
1087 1885 1140 1909 ibid.
1159 1898 1190 1902 —
1207 1886 1326 1908 Adventus
1344 1885 1426 1908 Christi
1444 1889 1492 1907 crat
1504 1885 1551 1907 uni-

983 1926 1102 1948 versaliter
1112 1929 1253 1953 peroptatus,
1263 1925 1408 1953 singulariter
1416 1927 1550 1952 praeoptan-

983 1965 1034 1992 dus,
1057 1965 1237 1993 praesentialiter
1255 1965 1369 1987 exhibitus
1387 1965 1415 1986 56
1434 1971 1446 1986 3
1465 1977 1495 1980 —
1512 1970 1550 1985 ve-

983 2005 1048 2026 niens
1065 2005 1160 2033 requirit
1182 2010 1263 2027 servos
1287 2004 1398 2026 nobilium
1425 2004 1550 2026 desiderio—

983 2050 1043 2071 rum,
1056 2045 1227 2072 praeclararum
1241 2043 1468 2071 contemplationum,
1481 2043 1550 2065 caele-

982 2084 1052 2106 stium
1071 2084 1213 2109 unctionum,
1231 2083 1378 2105 deiformium
1397 2082 1550 2104 conversatio-

983 2129 1037 2145 num
1056 2123 1085 2144 40
1104 2122 1118 2145 1)
1137 2135 1166 2138 -
1183 2122 1302 2145 Adventus
1314 2122 1395 2144 Christi
1408 2124 1503 2144 vocatur
1514 2127 1550 2143 re-

983 2168 1054 2190 gnum
1068 2162 1155 2190 gratiae
1164 2161 1218 2184 ibid.
1228 2174 1258 2178 —
1268 2162 1321 2183 Eius
1332 2161 1434 2183 adventu
1444 2162 1514 2182 homo
1526 2160 1549 2182 13

983 2202 1081 2230 gratiam
1099 2202 1225 2223 restituitur
1243 2201 1283 2223 401
1306 2207 1318 2222 a
1331 2213 1360 2217 —
1372 2207 1398 2223 ex
1415 2207 1462 2229 qno
1480 2201 1549 2227 venit,

984 2242 1028 2263 iam
1042 2247 1087 2263 non
1100 2246 1134 2263 est
1145 2247 1205 2268 opus
1216 2243 1329 2263 vetustate
1342 2240 1445 2267 umbrae,
1458 2240 1498 2262 sed
1513 2247 1549 2262 no-

983 2280 1054 2302 vitate
1066 2281 1153 2308 gratiae
1167 2279 1210 2301 '134
1226 2286 1237 2302 a
1247 2292 1277 2295 —
1287 2279 1407 2301 Adventus
1418 2278 1499 2301 Christi
1513 2279 1549 2301 de-

983 2319 1091 2341 scribitur
1107 2322 1130 2341 ut
1143 2318 1276 2341 mirabiliter
1287 2318 1410 2346 gratiosus,
1422 2318 1476 2347 quia
1488 2317 1550 2341 Chri-

983 2362 1032 2381 stus
1045 2359 1086 2381 fuit
1098 2358 1233 2381 benedictus
1246 2359 1266 2380 in
1281 2358 1443 2384 incarnatione,
1456 2363 1550 2380 conver-

983 2398 1079 2425 satione,
1090 2398 1258 2426 praedicatione
1270 2400 1292 2419 et
1303 2397 1439 2425 operatione
1451 2397 1479 2418 39
1493 2396 1507 2418 b
1520 2409 1548 2412 —

984 2438 1037 2460 Eius
1053 2437 1168 2460 adventus
1185 2440 1219 2459 est
1233 2436 1393 2458 venerabiliter
1411 2437 1549 2463 fructuosus,

983 2477 1036 2506 quia
1048 2477 1111 2499 venit
1124 2477 1144 2498 in
1158 2477 1206 2498 zelo
1219 2478 1327 2504 paternae
1339 2475 1420 2502 laudis,
1430 2475 1500 2503 pacis,
1512 2481 1549 2496 ve-

983 2517 1062 2543 ritatis,
1075 2516 1172 2544 pietatis,
1186 2515 1327 2543 paupertatis
1339 2518 1361 2537 et
1372 2515 1480 2536 castitatis
1495 2513 1549 2536 ibid.

1031 2568 1061 2572 ——-
1079 2557 1100 2578 ln
1119 2555 1195 2583 primo
1215 2555 1316 2577 adventu
1341 2554 1422 2576 (jin-isti
1445 2553 1549 2575 conside-

983 2596 1054 2618 randa
1072 2599 1125 2617 5331
1142 2595 1272 2622 benignitas
1295 2594 1341 2616 Filii
1366 2594 1405 2615 Dei
1428 2593 1549 2620 venientis,

983 2635 1102 2657 sinceritas
1120 2634 1201 2662 populi
1227 2633 1363 2662 appetentis,
1389 2633 1473 2654 utilitas
1498 2632 1549 2654 finis

983 2673 1148 2702 subsequentis
1166 2674 1195 2695 27
1214 2673 1229 2695 b
1247 2685 1275 2688 —
1294 2672 1413 2694 Adventus
1425 2671 1549 2693 Salvatoris

982 2713 1121 2736 describitur
1138 2716 1250 2741 quantum
1269 2712 1296 2734 ad
1316 2711 1468 2740 praesentiam
1481 2711 1549 2733 adve-

983 2753 1073 2779 nientis,
1091 2752 1209 2775 utilitatem
1226 2752 1349 2778 adventus
1367 2751 1463 2773 modum
1481 2750 1549 2772 adve-

983 2792 1059 2814 niendi
1078 2792 1106 2814 38
1124 2798 1136 2813 a
1160 2804 1190 2807 —
1213 2794 1277 2813 ortus
1302 2794 1336 2812 est
1360 2791 1420 2812 sicut
1445 2791 1495 2812 fons
1519 2789 1548 2811 ad

983 2831 1124 2853 abluendum
1159 2830 1335 2859 quadruplicem
1370 2829 1549 2856 immunditiam,

982 2871 1041 2893 sicut
1059 2871 1100 2893 iios
1117 2871 1146 2892 ad
1166 2870 1315 2898 fragrantium
1334 2876 1374 2897 per
1391 2869 1547 2897 septiforme-m

983 2911 1088 2938 gratiam,
1105 2910 1165 2933 sicut
1183 2911 1270 2932 fructus
1287 2909 1315 2931 ad
1333 2909 1484 2931 reficiendum
1509 2914 1549 2935 per

983 2950 1147 2972 multiformem
1174 2949 1309 2975 eilicaciam,
1334 2948 1392 2970 sicut
1414 2949 1447 2970 sol
1470 2947 1498 2969 ad
1517 2948 1549 2969 in-

982 2990 1100 3012 ssuendum
1124 2989 1260 3017 sapientiam
1284 2989 1314 3010 95
1338 2988 1352 3010 b
1369 3001 1399 3004 —-
1416 2988 1549 3010 desideran—

930 193 1029 222 lNDEX
1050 192 1290 222 ALPHABETICUS
1312 192 1390 221 NONI
1412 192 1600 221 vOtiUMtNts.

1814 231 1871 255 Cl-in
1889 233 1923 261 (3)

1582 270 1627 293 dus
1643 273 1676 293 est
1694 271 1753 293 sicut
1770 271 1908 298 iustificatio,
1925 271 2090 300 corroboratio,
2102 272 2150 294 illu-

1583 309 1685 337 minatio,
1699 309 1806 332 liberatio
1824 310 1852 332 56
1871 309 1886 331 1)

1630 361 1660 365 --
1677 348 1771 371 advenit
1793 349 1823 371 ad
1845 349 1975 372 curandum
2000 352 2089 377 septem
2112 350 2149 372 de-

1584 388 1656 410 fectus
1679 394 1720 415 per
1743 391 1863 415 peccatum
1885 388 1996 415 originale
2020 391 2149 411 contractos

1584 427 1608 448 5t
1631 433 1643 448 a
1665 439 1697 443 —-
1719 428 1749 449 Ex
1773 427 1807 449 his
1831 430 1920 455 septem
1943 428 2060 453 clai-escit.
2077 434 2148 456 quam

1584 466 1652 488 fuerit
1669 466 1814 488 necessarius
1837 467 1952 489 adventus
1974 467 2024 489 eius
2041 466 2097 490 ibid.
2118 479 2149 484 —

1583 505 1658 531 venit,
1680 507 1704 527 ut
1723 506 1840 527 hominem
1864 505 1971 528 liberaret
1993 509 2015 528 et
2036 507 2086 529 eius
2102 507 2150 528 vul-

1583 550 1637 566 nera
1660 548 1752 566 sanaret
1769 544 1814 567 404
1832 544 1847 566 b
1864 557 1895 561 —
1911 545 1935 567 in
1952 546 2028 573 primo
2046 546 2147 568 adventu

1583 583 1693 606 omnibus
1709 584 1751 606 fuit
1768 590 1836 606 cansa
1861 585 1955 612 triplicis
1972 585 2072 607 utilitatis
2089 586 2118 607 29
2136 591 2148 607 a

1583 634 1614 639 —
1630 623 1694 645 venit
1710 624 1733 645 in
1751 624 1865 646 mundum
1883 624 1912 646 311
1925 624 2066 647 destruenda
2078 631 2149 653 opera

1584 662 1670 684 diaboli
1698 663 1739 684 21t
1771 662 1786 685 b
1811 675 1841 679 —
1867 664 1995 686 adveniens
2022 664 2150 692 promeruit

1584 701 1692 729 gentibus
1710 702 1901 729 gratificationem
1920 703 2064 730 adoptionis,
2082 709 2149 730 aper-

1584 740 1669 763 tionem
1686 741 1790 764 caelestis
1808 741 1900 769 ianuae,
1917 742 2081 764 sublimitatem
2094 743 2149 764 fina-

1584 780 1610 802 lis
1626 780 1713 808 gloriae
1739 781 1767 803 29
1794 787 1814 809 3,
1832 780 1846 803 b
1863 793 1894 797 —
1915 781 2013 809 replevit
2035 781 2148 804 mundum

1584 819 1694 846 puritate,
1720 820 1835 847 castitate,
1856 821 2008 847 amoenitate,
2033 821 2148 847 satietate,

1584 859 1710 887 suavitate,
1728 859 1860 887 sanctitate,
1879 860 1985 882 felicitate
2002 860 2031 881 93
2049 866 2069 886 a,
2088 859 2102 881 b
2121 872 2148 875 —

1585 898 1677 925 Septem
1695 899 1789 921 effectus
1812 899 1927 921 adventus
1952 899 2002 921 eius
2019 899 2149 921 indicantur

1585 943 1626 965 pcr
1642 941 1731 965 septem
1750 938 1799 960 dies
1816 938 1939 960 creationis
1956 938 1981 960 51
2004 944 2016 960 a
2033 950 2063 954 -—
2075 938 2150 961 attulit

1584 977 1672 999 mundo
1689 980 1778 1004 septem
1798 977 1904 999 utilitates
1922 977 1950 999 93
1968 983 1989 1005 a,
2006 976 2022 999 b
2040 990 2069 993 —
2086 977 2150 999 Utili-

1585 1019 1618 1038 tas
1641 1016 1690 1038 eius
1715 1017 1831 1038 adventus
1855 1016 1991 1044 designatur
2016 1016 2059 1038 sub
2078 1019 2149 1039 meta-

1584 1057 1657 1083 phora
1682 1056 1736 1078 solis
1761 1056 1852 1082 stantis„
1880 1056 2057 1083 retrocedentis,
2075 1055 2150 1078 subla-

1585 1095 1657 1123 tenus,
1676 1097 1806 1123 regyrantis
1824 1096 1853 1117 33
1873 1095 1886 1117 b

1631 1147 1661 1150 —
1679 1135 1741 1156 venit
1766 1138 1790 1157 ut
1816 1135 1928 1157 mediator
1946 1135 2046 1162 gratiae,
2069 1134 2149 1157 doctor

1584 1174 1722 1202 sapientiae,
1740 1177 1818 1202 pastor
1834 1176 1937 1201 animae,
1954 1174 2072 1196 ordinator
2090 1174 2150 1196 ritae

1585 1213 1613 1235 49
1631 1213 1645 1235 b
1663 1226 1693 1230 —
1710 1214 1773 1236 venit
1792 1217 1816 1236 ut
1834 1214 1946 1236 mediator
1957 1214 2097 1241 diligendus.
2109 1214 2149 1236 do-

1583 1256 1632 1275 ctor
1644 1254 1799 1280 reverendus,
1812 1258 1946 1280 praecessor
1959 1253 2086 1275 imitandus
2095 1252 2150 1275 ibid.

1583 1305 1613 1308 —
1631 1292 1693 1314 veuit
1711 1296 1830 1321 tamquam
1849 1293 1961 1314 mediator
1973 1293 2002 1314 ad
2020 1292 2149 1314 exhibenda

1584 1332 1699 1358 remedia,
1718 1334 1836 1360 tamquam
1855 1332 1936 1353 doctor
1961 1332 1991 1353 ad
2009 1331 2085 1354 (landa
2111 1331 2150 1354 do-

1584 1374 1705 1398 cumenta,
1723 1374 1842 1399 tamquam
1866 1377 1903 1393 rex
1922 1371 1951 1393 ad
1968 1371 2148 1393 demonstranda

1584 1411 1688 1438 exempla
1708 1411 1735 1432 27
1754 1410 1769 1432 b
1787 1423 1817 1426 —
1833 1410 1897 1432 venit
1914 1417 1955 1433 nes
1972 1411 2056 1433 docere
2073 1411 2118 1433 525
2136 1416 2148 1432 a

1585 1462 1615 1466 —
1632 1450 1695 1472 venit
1713 1450 1734 1472 in
1753 1450 1866 1472 mundum
1894 1452 1918 1472 ut
1935 1450 2027 1477 regula,
2045 1450 2148 1472 doctrina

1585 1491 1671 1516 forma,
1689 1496 1740 1512 rosa
1759 1490 1803 1512 314
1821 1496 1834 1511 3
1852 1503 1881 1505 -
1899 1492 1933 1512 cst
1950 1491 2000 1511 fons
2017 1490 2087 1516 lucis,
2106 1490 2150 1511 vir-

1584 1530 1650 1558 tutis,
1664 1530 1801 1556 sanctitatis,
1815 1529 1884 1557 tegis,
1897 1529 2080 1556 immortalitatis,
2093 1535 2149 1556 opu-

1584 1569 1678 1595 lentiae,
1697 1569 1807 1591 felicitatis
1825 1569 1850 1590 5t
1873 1568 1888 1590 b
1907 1581 1934 1584 —
1953 1569 2020 1590 datus
2032 1572 2065 1590 est
2078 1568 2149 1595 gratis

1584 1608 1692 1636 gentibus
1714 1608 1744 1630 ad
1767 1608 1974 1630 demonstrandum
1998 1607 2064 1629 devia
2089 1613 2150 1629 erro-

1584 1654 1636 1670 rum
1659 1648 1699 1669 189
1718 1647 1732 1669 b
1750 1659 1781 1663 —
1797 1647 1858 1669 venit
1876 1650 1900 1669 ut
1925 1647 1961 1669 lux
1978 1647 2148 1674 ignorantium,

1584 1687 1657 1709 virtus
1674 1687 1818 1709 infirmorum
1827 1704 1832 1713 ,
1845 1687 1952 1708 sanctitas
1964 1686 2149 1713 immundorum,

1584 1726 1700 1754 legislator
1717 1725 1913 1752 inobedientium,
1931 1726 1976 1747 vita
1996 1728 2149 1753 mortuorum,

1584 1766 1650 1793 copia
1669 1772 1808 1793 pauperum,
1826 1765 1944 1787 beatitudo
1963 1765 2101 1787 miserorum
2120 1764 2144 1786 511

1583 1811 1604 1832 a,
1622 1805 1637 1827 b
1650 1818 1678 1820 —
1696 1805 1758 1827 venit
1775 1805 1798 1827 in
1816 1804 1929 1827 mundum
1942 1804 1970 1826 311
1989 1803 2148 1826 illustrandum

1584 1845 1704 1867 credentes
1728 1850 1768 1872 per
1790 1844 1919 1866 testimonia
1946 1843 2060 1870 veritatis,
2083 1843 2149 1870 vigo-

1584 1884 1683 1910 randum
1701 1888 1821 1912 sperantes
1838 1889 1879 1911 per
1897 1883 2010 1911 promissa
2028 1883 2148 1905 aeternita-

1584 1924 1623 1951 tis,
1651 1923 1841 1946 inssammandum
1870 1925 1974 1945 amantes
2003 1928 2044 1950 per
2073 1922 2149 1944 incita-

1584 1966 1659 1985 menta
1677 1963 1806 1985 dilectionis
1823 1963 1867 1984 317
1886 1969 1898 1984 3
1916 1974 1946 1978 -
1964 1962 2026 1984 venit
2051 1962 2080 1984 ad
2107 1967 2149 1984 nos

1582 2003 1641 2025 sicut
1667 2003 1747 2030 regula
1777 2003 1849 2029 vitae,
1875 2002 1978 2024 doctrina
2006 2001 2146 2029 sapientiae,

1583 2043 1655 2064 forma
1675 2042 1773 2064 iustitiae
1791 2041 1819 2063 50
1837 2048 1849 2063 a

1629 2094 1660 2098 —
1671 2081 1734 2103 venit
1746 2081 1769 2103 in
1782 2081 1894 2103 mundum
1903 2098 1908 2108 ,
1921 2084 1945 2103 ut
1956 2080 2054 2102 humiles
2066 2080 2149 2102 exalta-

1582 2123 1616 2143 ret
1632 2123 1654 2142 et
1665 2120 1779 2148 superbos
1791 2121 1928 2148 reprimeret
1944 2119 1972 2142 77
1987 2125 2000 2141 a
2012 2132 2042 2136 —
2054 2122 2149 2141 venerat

1582 2160 1723 2182 confundere
1735 2159 1869 2187 superbiam
1883 2159 1911 2181 99
1924 2165 1935 2181 a
1948 2171 1979 2175 —
1991 2158 2061 2186 venit,
2074 2161 2099 2180 ut
2111 2159 2149 2180 ho-

1582 2200 1668 2221 minem
1685 2202 1805 2221 revocaret
1822 2199 1852 2220 ab
1869 2204 1948 2220 amore
1966 2202 2109 2220 terrenorum
2127 2200 2149 2220 et

1582 2242 1720 2267 provocaret
1737 2238 1767 2260 ad
1784 2244 1887 2260 amorem
1902 2237 1940 2259 Dei
1960 2238 1987 2259 28
2007 2236 2021 2259 b
2034 2249 2062 2253 —-
2076 2237 2148 2263 venit,

1584 2281 1605 2300 ut
1625 2284 1666 2300 nos
1683 2278 1711 2300 ad
1725 2278 1833 2300 interiora
1846 2280 1973 2303 revocaret,
1986 2276 2014 2298 ad
2027 2276 2147 2304 superiora

1582 2318 1695 2346 elevaret,
1713 2316 1742 2339 ab
1759 2323 1839 2339 amore
1861 2320 1979 2338 creaturae
1997 2316 2024 2338 ad
2043 2321 2146 2337 amorem

1584 2357 1623 2379 Dei
1641 2357 1768 2379 retraheret
1786 2356 1830 2378 196
1848 2355 1863 2378 1)
1875 2368 1904 2372 -
1917 2356 1981 2378 venit
1997 2355 2019 2377 in
2033 2354 2145 2376 mundum

1582 2399 1604 2418 et
1620 2396 1751 2418 reaccendit
1767 2396 1855 2423 ignem,
1868 2398 1892 2417 ut
1908 2401 1950 2417 nos
1967 2394 1997 2416 ab
2009 2400 2088 2416 amore
2101 2399 2148 2416 car·

1582 2436 1668 2458 nalium
1686 2438 1806 2458 revocaret
1823 2434 1885 2457 etad
1898 2440 2001 2456 amorem
2014 2433 2146 2456 caelestium

1582 2475 1716 2497 informaret
1733 2474 1777 2496 317
1796 2473 1811 2496 1)

1631 2526 1658 2529 —-
1670 2519 1743 2542 prope
1754 2517 1788 2536 est
1799 2512 1959 2535 reverentibus
1971 2518 2036 2534 suam
2049 2512 2149 2534 Maiesta-

1582 2556 1639 2580 tem,
1656 2552 1804 2575 credentibus
1821 2558 1887 2575 suam
1900 2551 2028 2577 veritatem,
2040 2551 2148 2573 invocan-

1582 2592 1643 2614 tibus
1659 2598 1725 2614 suam
1745 2592 1860 2619 pietatem,
1876 2590 2062 2619 exspectantibus
2081 2596 2147 2612 suam

1582 2632 1739 2654 aeternitatem
1768 2631 1795 2653 112
1813 2638 1834 2653 a.
1850 2631 1880 2653 70
1898 2637 1910 2652 a
1927 2643 1958 2646 —
1976 2636 2049 2658 prope
2066 2633 2100 2652 est
2116 2629 2147 2651 ad

1582 2671 1741 2698 liberandum,
1759 2670 1929 2697 auxiliandum,
1950 2668 2145 2691 remunerandum

1581 2711 1606 2733 ’11
1623 2717 1644 2737 a,
1658 2711 1711 2732 b—
1721 2710 1817 2732 surrexit
1830 2710 1850 2731 in
1864 2708 1929 2731 nobis
1942 2709 1970 2731 ad
1983 2708 2146 2736 poenitentiam

1582 2750 1753 2776 renovandam,
1771 2748 1937 2776 indulgentiam
1963 2747 2146 2775 impetrandam,

1582 2789 1732 2816 petulantiam
1745 2788 1936 2816 prosternendam
1947 2787 1991 2809 413
2004 2786 2019 2809 b
2033 2799 2062 2803 -
2074 2792 2147 2814 prope

1582 2831 1616 2850 est
1629 2829 1652 2850 in
1665 2834 1735 2850 carne
1746 2828 1776 2850 ad
1788 2828 1935 2854 salvandum,
1948 2827 1968 2848 in
1982 2829 2056 2848 mente
2068 2826 2097 2848 ad
2110 2832 2146 2848 cu-

1582 2868 1688 2895 randum,
1707 2868 1728 2889 in
1748 2868 1896 2889 Suc-ramento
1908 2866 1983 2888 altaris
2000 2866 2030 2888 ad
2047 2865 2147 2888 reficien-

1582 2908 1647 2935 dum,
1666 2908 1689 2929 in
1708 2906 1792 2929 iudicio
1812 2906 1842 2928 ad
1857 2905 2034 2928 discernendum
2052 2905 2081 2926 72
2095 2910 2116 2932 a,
2131 2903 2146 2926 l)

1614 2947 1627 2968 3
1648 2959 1674 2962 —
1692 2946 1855 2973 interpretatur
1873 2948 1955 2967 unctus
1973 2944 2017 2966 6116
2036 2943 2051 2966 b
2068 2956 2095 2959 —
2113 2946 2147 2965 est

1583 2987 1679 3008 Sanctus
1697 2986 1762 3008 lsrael
1782 2985 1825 3007 437
1844 2991 1855 3007 a
1878 2997 1908 3001 -—
1930 2986 2025 3006 vocatur
2045 2986 2146 3014 Angelus
