2269 3448
645 209 743 238 1NDEX
765 208 1005 238 ALl’llABE'l'iCUS
1027 208 1104 237 NONi
1128 208 1314 237 VOLUMlNlS.

318 250 377 271 1111111
406 250 419 270 8

98 302 127 305 -
145 289 212 318 Quod
231 289 277 311 Deo
296 289 379 311 femina
396 250 540 316 (principetur
557 290 591 310 est
607 287 662 309 sub-

97 329 181 351 1imitas
198 328 247 350 siue
264 328 326 350 socio
344 327 390 350 664
408 334 420 349 3
437 340 468 344 -
486 328 560 355 ipsam
574 327 661 354 Agnus,

97 373 246 396 quocumque
271 367 340 394 ierat,
363 366 504 395 sequebatur
526 365 572 388 704
595 365 609 388 b
632 378 662 382 —

144 418 174 423 —
191 406 259 434 Quod
278 406 426 433 Pati-iarchis,
439 405 558 433 Prophetis
570 407 593 427 et
604 405 662 432 Apo-

96 445 160 468 510115
178 445 218 467 tuit
235 446 377 471 revelatum,
396 445 416 467 in
435 451 461 466 ea
481 447 514 466 est
540 444 660 471 impletum

98 486 142 507 688
161 484 176 507 b
192 484 357 513 —.Quidquid
376 484 464 511 gratiae
481 484 503 505 111
522 484 578 505 istos
596 483 662 505 101111-

97 524 128 547 xit
144 523 174 546 ab
192 524 240 552 ipsa
258 524 376 546 derivatur
398 522 451 545 ibid.
476 535 504 538 —
527 522 570 550 ipsi
588 522 662 544 nullus

98 564 247 590 Sanctorum,
260 563 330 585 immo
348 569 390 585 nec
403 563 543 590 Angelorum
556 565 590 584 est
601 567 662 584 com-

98 603 215 631 parandus
240 602 286 625 545
311 608 322 624 3
349 614 380 618 -
402 601 491 624 excellit
508 601 662 628 Patriarchas,

97 642 218 670 Apostolos
241 646 263 664 et
289 642 414 669 Prophetas
436 641 481 662 688
500 640 521 662 b.
539 641 584 662 689
602 646 614 662 a
634 652 662 655 —

98 678 203 704 Notatur‘
226 681 385 709 praecellentia
421 680 522 707 Virginis
555 682 661 707 respectu

98 721 201 743 omnium
215 722 283 743 etiam
296 720 409 742 iustorum
422 722 445 742 et
457 720 578 741 Beatorum
592 719 637 740 682
648 718 662 740 b

144 772 175 776 —
193 761 214 782 lu
232 766 259 782 03
277 762 311 781 est
328 759 459 787 pulcritudo
477 758 663 781 multiformitatis

98 799 143 821 708
162 806 173 821 a
191 811 222 815 —
239 801 287 820 crat
309 798 436 820 incredibili
462 797 617 825 pulcritudine
641 799 663 819 et

98 838 202 861 omnium
221 838 293 860 oculis
310 838 409 865 gratiosa
434 837 474 859 611
498 836 512 858 b
529 849 558 853 —
577 836 664 864 gaudet

97 877 200 900 omnium
228 877 408 899 hierarchiarum
430 875 529 898 tinentiis
545 878 568 897 et
584 875 663 903 gratiis

98 916 142 938 1122
160 922 172 938 3
185 928 215 932 -
228 916 357 943 Proprietas
370 915 518 937 Thronorum
531 914 551 936 ei
564 914 663 937 maxime

97 955 191 984 proprie
208 955 315 977 convenit
331 954 377 976 701.
395 961 406 976 3

146 1007 175 1011 —-
188 993 257 1016 habet
269 994 291 1016 in
304 1000 329 1016 se
341 993 508 1016 ecclesiasticae
520 993 663 1015 hierarchiae

97 1034 206 1057 decorem
229 1037 251 1056 et
275 1036 309 1055 est
334 1033 404 1055 decor
427 1032 569 1054 hierarchiae
593 1032 663 1054 caele*

97 1073 137 1096 stis
154 1074 199 1095 636
218 1072 232 1094 b
255 1085 283 1088 —
308 1072 403 1095 decorat
421 1071 524 1094 membra
550 1071 663 1094 Ecclesiae

98 1112 215 1135 militantis
239 1115 261 1134 et
287 1111 450 1139 triumphantis
470 1111 516 1133 712
540 1117 552 1133 3
570 1124 599 1126 -
617 1111 663 1133 illu-

98 1154 154 1174 strat
171 1154 241 1174 totam
260 1151 383 1173 Ecclesiam
402 1153 424 1172 et
445 1150 576 1172 machinam
599 1156 663 1172 mun·

98 1191 183 1214 danam
201 1191 246 1213 710
266 1190 288 1213 b.
309 1190 355 1212 714
373 1196 386 1212 3
403 1202 433 1205 —
450 1193 485 1212 est
507 1195 549 1211 vas
566 1189 663 1212 admira·

98 1230 156 1259 bile,
173 1230 266 1252 luminis
282 1230 441 1252 contentivum
459 1229 505 1251 709
522 1235 534 1251 a
552 1242 581 1244 —
595 1229 613 1251 si
627 1229 664 1251 toi-

97 1270 162 1297 litur,
180 1270 323 1298 deformatur
341 1272 413 1291 totum
432 1269 567 1291 universum
586 1267 639 1291 ibid.

145 1321 175 1325 —
201 1312 235 1331 est
260 1308 420 1331 universaliter
445 1308 545 1335 gratiosa
571 1310 593 1329 et
618 1308 665 1329 fru-

98 1352 178 1371 ctuosa
200 1348 240 1370 117
259 1348 274 1370 1)
296 1360 327 1364 -
349 1348 434 1375 placuit
459 1347 552 1375 Angelis
577 1347 617 1369 Dei
643 1350 665 1368 et

98 1388 170 1411 oculis
187 1387 291 1410 caelestis
308 1387 390 1415 Spousi
407 1387 452 1409 709
471 1393 483 1408 3
501 1399 531 1403 -—
550 1387 621 1414 Virgo
632 1392 665 1408 re-

99 1427 149 1455 gia,
167 1427 267 1455 gemmis
284 1429 363 1448 ornata
386 1426 497 1448 virtutum
523 1426 665 1454 geminoque

99 1467 183 1489 01011115
210 1470 233 1489 01
260 1466 365 1494 corporis
393 1466 477 1488 decore
506 1465 664 1493 praefulgida,

99 1506 154 1528 caeli
167 1506 253 1528 civium
268 1505 290 1527 in
303 1511 327 1527 se
341 1504 478 1533 provocavit
489 1507 608 1532 aspectum
619 1504 664 1526 679

99 1551 119 1567 a.
137 1545 177 1567 691
204 1545 227 1567 b.
252 1544 297 1566 709
322 1550 346 1573 a,
369 1544 391 1566 b.
414 1544 460 1566 714
478 1550 498 1571 a,
516 1543 530 1566 1)
548 1556 579 1560 -
596 1543 665 1571 Regis

99 1585 201 1607 animum
220 1584 241 1606 iu
259 1584 294 1606 sui
317 1583 529 1611 concupiscentiam
548 1583 666 1605 inclinavit

99 1627 120 1647 et
132 1624 253 1646 caelestem
271 1623 377 1645 nuntium
389 1623 419 1645 ad
431 1629 456 1645 se
468 1622 497 1645 de
509 1622 616 1650 supernis
628 1622 665 1644 ad-

99 1663 163 1686 duxit
180 1662 236 1685 ibid.
254 1675 282 1678 —
299 1663 358 1685 Nihil
375 1665 409 1685 est
426 1662 529 1689 virtutis,
542 1662 598 1684 nihil
615 1668 665 1689 spe-

99 1703 222 1729 ciositatis,
240 1702 293 1724 nihil
311 1701 418 1724 candoris
440 1704 462 1723 et
486 1701 583 1729 gloriae,
601 1701 663 1729 quod

99 1743 121 1764 in
139 1749 165 1764 03
183 1748 230 1764 0011
247 1741 393 1769 resplendeat
410 1741 453 1763 679
467 1747 487 1763 a.
500 1741 546 1763 710
559 1740 581 1763 b.
594 1741 639 1762 716
652 1746 664 1762 3

146 1793 178 1798 -—
195 1781 364 1803 Patriarehatus
390 1781 452 1803 Evae
476 1780 505 1802 ad
531 1780 606 1808 ipsam
632 1782 665 1802 est

101 1821 223 1843 translatus
248 1821 293 1843 695
311 1826 323 1842 a
341 1832 371 1836 —
393 1819 576 1842 communicavit
592 1819 615 1841 in
632 1825 665 1841 re⁴

99 1860 233 1888 demptione
250 1860 342 1887 generis
359 1859 454 1882 humani
469 1858 515 1881 704
528 1858 543 1880 b
556 1871 583 1874 —
596 1859 665 1885 Deus,

100 1899 236 1929 (1111001013
254 1899 317 1927 feeit,
335 1899 384 1927 ipse
402 1904 427 1921 50
444 1904 470 1921 ex
488 1898 556 1920 Maria
575 1898 627 1920 fecit
644 1901 666 1920 et

100 1939 132 1962 sic
144 1939 234 1966 omnia,
252 1945 312 1967 quae
330 1939 425 1965 fecerat,
443 1938 523 1960 refecit
539 1937 584 1959 714
603 1937 618 1959 b
635 1950 665 1953 —

99 1979 122 2000 ln
140 1984 165 2000 ea
184 1982 206 2000 et
223 1978 253 2000 de
270 1984 296 2000 ea
314 1984 396 2000 manus
413 1977 582 2005 Omnipotentis
601 1976 667 2005 quid-

101 2017 157 2047 quid
182 2021 301 2039 creaverat
325 2017 437 2039 recreavit
459 2017 505 2038 672
528 2016 552 2038 b.
574 2016 620 2038 693
643 2015 666 2038 1).

100 2057 145 2079 706
163 2056 178 2079 b
195 2069 226 2073 —
243 2056 328 2079 Omnes
348 2059 467 2079 creaturae
489 2056 539 2078 eius
561 2056 666 2083 potestati

101 2095 255 2119 subiiciuntur
272 2095 313 2118 701
337 2095 351 2118 1)

148 2147 179 2152 -—
196 2136 258 2157 Deus
274 2135 329 2157 1111111
347 2141 390 2157 nos
407 2134 493 2157 habere
505 2135 585 2163 voluit,
603 2134 667 2164 quod

100 2181 142 2203 per
159 2181 241 2197 manus
258 2174 342 2196 Mariae
359 2180 403 2196 non
422 2174 537 2196 transierit
555 2174 599 2196 103
612 2180 624 2196 a
637 2186 668 2190 —

100 2214 233 2236 Benedictio
251 2214 301 2236 eius
326 2214 442 2236 redundat
464 2214 486 2235 in
504 2216 575 2235 totam
595 2214 667 2235 Eccle-

101 2253 159 2276 siam
177 2253 217 2275 651
240 2253 262 2275 1).
281 2253 325 2274 683
344 2259 356 2274 3
375 2265 404 2269 -
422 2258 464 2280 1101·
486 2253 599 2280 triplicem
618 2258 668 2280 gra-

101 2292 156 2315 tiam
182 2292 294 2314 Ecclesiae
315 2292 380 2314 dedit
404 2291 532 2319 originem,
555 2291 669 2314 celsitudi-

101 2338 155 2354 nem
173 2335 195 2353 et
211 2331 357 2353 stabilitatem
376 2331 421 2352 688
439 2336 459 2357 a,
478 2330 492 2352 b
510 2343 540 2346 -—
559 2331 600 2352 Per
616 2336 667 2352 eam

102 2371 164 2393 Deus
181 2371 275 2393 effectus
292 2373 326 2392 est
342 2372 420 2392 noster
438 2373 502 2398 pater
514 2372 536 2392 et
547 2370 615 2392 Filius
627 2369 682 2392 no-‘

101 2413 147 2432 ster
164 2411 232 2432 frater
250 2409 294 2431 672
312 2408 327 2431 b

150 2462 179 2465 —
196 2449 250 2478 quia
269 2449 376 2477 concepit
392 2452 462 2477 caput
479 2449 613 2475 electorum,
631 2449 668 2471 de-

102 2488 153 2511 buit
169 2492 265 2511 cunctos
281 2489 365 2510 electos
390 2489 473 2510 affectu
500 2491 603 2510 materno
621 2488 669 2510 dili·

103 2534 157 2556 gere
179 2528 220 2550 125
239 2534 250 2549 3
269 2540 299 2544 -
316 2527 474 2556 copiosissima
492 2527 586 2549 caritate
598 2527 669 2549 omni-

102 2567 147 2589 bus
164 2567 240 2589 omnia
257 2568 315 2589 facta
333 2570 367 2589 est
384 2566 439 2589 ibid.
456 2579 487 2583 —
510 2566 597 2594 gratiae
613 2572 669 2589 suae

103 2607 187 2629 fluenta
206 2606 364 2629 liberalissime
388 2606 569 2628 communicavit
594 2606 638 2628 658
657 2612 668 2628 3

103 2658 133 2661 -
150 2645 259 2668 omnibus
275 2649 310 2668 est
335 2645 441 2667 amabilis
457 2645 502 2667 708
521 2651 533 2667 3
551 2657 581 2661 -
598 2645 669 2674 loqui-

105 2689 141 2707 tur
158 2690 251 2713 semper
276 2684 348 2707 verba
374 2685 438 2712 pacis
460 2687 483 2706 01
505 2684 596 2712 pietatis
613 2683 668 2707 ibid.

103 2736 134 2740 ——
151 2724 245 2746 caritate
262 2724 372 2746 omnibus
390 2730 415 2746 se
438 2724 573 2746 debitricem
597 2724 672 2746 0110011

105 2763 150 2785 658
169 2769 181 2785 3

152 2815 181 2818 -
199 2805 233 2825 051
251 2803 317 2830 plena
335 2802 406 2830 gratia
420 2806 442 2825 et
455 2802 613 2825 misericordia
626 2802 670 2825 1157

105 2848 117 2864 a
137 2854 165 2857 —
182 2845 217 2864 est.
234 2844 279 2864 tota
303 2841 384 2868 duleis,
402 2841 481 2864 suavis
497 2845 519 2864 et
539 2842 671 2864 misericors

106 2881 149 2903 679
168 2880 183 2903 b
201 2893 231 2896 —
248 2881 337 2902 invenit
355 2881 451 2908 gratiam
468 2883 490 2903 et
507 2881 554 2903 sola
569 2884 603 2903 est
620 2887 672 2908 gra-

106 2920 143 2947 tia,
160 2926 206 2949 qua
232 2926 330 2948 egemus
353 2920 397 2942 673
424 2919 439 2941 b
464 2932 494 2937 —-
518 2920 671 2942 Misericordia

106 2959 156 2981 eius
173 2959 283 2981 omnibus
300 2962 334 2981 est
350 2959 479 2981 necessaria
497 2959 542 2981 690
555 2958 570 2981 b
581 2972 611 2975 —
626 2960 672 2981 Hoc

106 2999 231 3027 explicatur
249 2999 278 3021 de
295 3005 334 3021 sex
346 2998 471 3027 generibus
483 2999 605 3021 hominum
617 2998 671 3021 ibid.

962 247 995 276 (1)

695 298 726 303 —-
743 286 818 308 sinum
842 287 1014 309 misericordiae
1039 286 1148 309 omnibus
1172 287 1263 314 aperuit

696 326 725 347 98
744 325 767 347 b.
783 326 809 347 71
817 326 825 347 .1
847 332 859 348 a

743 376 773 381 —·
789 367 823 386 est
841 365 971 386 universale
989 364 1098 387 auxilium
1121 368 1143 386 ct
1166 371 1262 392 praepa-

696 406 743 426 rata
762 405 873 431 protectio
896 403 924 425 ad
948 410 999 425 eam
1022 403 1179 431 vigilantium,
1197 403 1262 425 Chri-

695 443 822 465 stianorum
841 443 957 470 refugium
975 445 996 465 et
1019 443 1144 465 consolatio
1171 442 1262 465 tribula-

697 485 773 504 torum
799 481 844 503 679
871 481 885 503 b
903 494 932 497 —
955 484 989 504 cst
1014 482 1138 503 errantium
1163 482 1213 509 via,
1230 488 1262 503 re-

696 521 799 548 demptio
816 521 962 548 captivorum
980 523 1003 543 et
1020 521 1140 543 mediatrix
1157 521 1262 543 omnium

695 560 758 588 apud
777 561 850 582 Deum
868 559 922 582 ibid.

743 611 774 615 —
791 600 870 622 ellectu
888 602 922 622 est
938 599 1043 621 omnium
1061 600 1198 621 Sanctorum
1217 605 1263 621 ma-

697 641 730 660 ter
748 638 792 660 672
811 638 826 660 b
844 651 873 654 —-
890 638 941 661 ssliis
953 638 1001 660 suis
1018 639 1173 666 111-0111031130
1184 639 1263 660 011001

697 678 718 700 in
736 684 776 700 5113
797 678 860 700 1‘r01e
885 677 930 699 708
949 684 960 699 a
979 690 1009 694 —
1026 684 1108 699 01111105
1126 684 1167 699 uos
1184 678 1263 705 genuit

696 718 760 739 03010
785 717 830 739 706
849 716 864 739 b
881 729 912 733 —
928 716 1038 739 erunibus
1063 717 1160 744 gloriam
1183 717 1264 745 genuit

697 756 742 778 672
760 756 774 778 b

744 808 773 811 —
792 801 834 823 pro
853 794 919 817 nobis
945 795 1074 823 interpellat
1096 798 1117 817 et
1139 796 1196 817 iram
1223 796 1262 817 Dei

697 834 787 862 mitigat
803 834 848 856 718
867 841 878 856 a
899 847 926 850 —
945 840 990 856 non
1008 837 1096 857 tantum
1119 837 1262 863 opportune,

697 874 736 896 sed
755 874 823 896 etiam
842 873 974 901 importune
991 874 1119 901 interpellat
1136 880 1178 901 pro
1196 874 1263 896 nobis

697 913 742 935 713
755 919 767 934 a
779 924 810 929 —-
822 915 855 935 est
873 913 963 935 lucerua
976 912 1036 934 bene
1047 912 1209 940 operantibus,
1222 919 1262 940 pa<

698 952 818 974 trocinium
844 951 963 974 orantibus
980 954 1002 974 01
1019 952 1140 979 speculum
1164 955 1263 974 contem-

698 991 816 1019 plantibus
833 991 874 1013 721
897 997 909 1012 3

744 1042 776 1047 —-
794 1030 867 1057 ipsius
884 1030 1025 1052 adiutorium
1044 1033 1078 1052 est
1094 1030 1174 1052 efficax
1191 1030 1213 1052 in
1231 1030 1262 1052 di-

697 1070 795 1098 rigendo
821 1069 980 1098 proficientes,
1006 1070 1029 1091 in
1056 1069 1198 1091 defensando
1224 1076 1263 1097 pu-

697 1112 806 1137 gnantes,
824 1109 845 1131 iu
863 1109 1030 1131 reconciliando
1048 1109 1190 1136 poenitentes
1207 1109 1263 1130 etin

698 1149 866 1176 prosternendo
891 1148 988 1170 rebelles
1009 1148 1054 1170 717
1078 1147 1100 1170 b.
1126 1148 1171 1169 718
1196 1154 1208 1169 3
1234 1160 1264 1163 -

698 1188 845 1216 proficientes
867 1187 985 1215 praecedit
1007 1190 1029 1209 et
1051 1187 1158 1215 perducit
1181 1187 1202 1209 in
1222 1190 1263 1209 ter-

698 1234 747 1249 ram
774 1227 935 1255 promissionis
957 1226 1002 1248 717
1021 1226 1036 1248 b
1053 1239 1084 1242 —
1103 1227 1142 1249 Per
1159 1227 1210 1249 01115
1226 1227 1264 1248 ad-

697 1266 821 1294 iutorium,
838 1273 898 1295 (11130
923 1265 1063 1288 videbantur
1085 1266 1184 1288 diflicilia
1208 1266 1265 1288 61101

698 1306 770 1328 facilia
789 1305 843 1329 ibid.

745 1358 775 1362 —
797 1345 909 1367 beneficia
935 1345 1047 1373 impendit
1072 1348 1149 1367 contra
1176 1345 1263 1367 malum

698 1386 793 1414 culpae,
812 1391 905 1413 pugnae
921 1389 943 1407 et
961 1390 1050 1412 poenae
1061 1385 1107 1406 720
1121 1384 1135 1406 b
1147 1397 1177 1401 --
1190 1384 1263 1406 Deum

698 1424 839 1447 offendentes
857 1424 987 1446 reconciliat
1016 1425 1058 1446 125
1076 1430 1087 1445 3
1114 1436 1145 1440 -
1170 1430 1263 1446 omnem

699 1464 818 1486 cadentem
844 1464 926 1491 recipit
948 1467 970 1486 et
992 1465 1103 1485 sustentat
1124 1463 1169 1485 720
1194 1462 1209 1485 b
1234 1476 1262 1478 —

697 1502 765 1525 nobis
789 1503 898 1531 impetrat
921 1503 1018 1530 gratiam
1043 1503 1197 1530 lacrymarum
1222 1508 1264 1530 pro

698 1543 799 1570 peccatis
816 1546 838 1565 et
863 1549 905 1570 pro
932 1542 999 1564 bonis
1022 1542 1121 1564 aeternis
1138 1542 1183 1563 669
1203 1541 1217 1563 b
1234 1554 1262 1557 -

697 1581 765 1604 nobis
782 1582 869 1604 01111001
886 1582 992 1609 veniam,
1009 1582 1117 1609 impetrat
1134 1581 1230 1609 gratiam
1243 1583 1265 1603 et

698 1622 805 1650 perducit
822 1621 850 1644 ad
869 1621 967 1649 gloriam
985 1621 1025 1642 721
1049 1620 1063 1642 b

745 1673 775 1677 —
792 1660 928 1688 virtutibus,
946 1660 1055 1688 praemiis
1073 1663 1094 1682 et
1112 1659 1179 1682 donis
1200 1666 1265 1681 mun-

698 1701 754 1723 dum
772 1701 828 1723 ditat
854 1700 988 1722 universum
1008 1700 1051 1721 692
1078 1705 1089 1721 3
1108 1711 1137 1715 —-
1155 1699 1203 1721 aliis
1225 1699 1265 1720 mi-

699 1740 778 1762 nistrat
803 1740 913 1768 gloriam,
939 1739 988 1761 31ῐί5
1016 1739 1127 1767 gratiam,
1153 1739 1202 1760 aliis
1230 1744 1264 1760 re-

700 1780 832 1811 missionem
859 1779 996 1806 criminum,
1022 1778 1071 1801 aliis
1096 1779 1193 1800 virtutes
1210 1777 1265 1800 ibid.

700 1832 729 1835 —
746 1818 815 1841 nobis
833 1819 907 1841 influit
928 1819 999 1840 vitam
1025 1820 1137 1847 quantum
1161 1818 1191 1840 ad
1216 1823 1266 1839 sen-

698 1865 750 1881 sum
768 1862 790 1881 et
808 1862 896 1881 motum
914 1858 955 1880 711
978 1864 990 1879 a
1009 1870 1039 1874 —
1061 1857 1181 1886 quomodo
1207 1858 1266 1879 hanc

699 1899 770 1920 vitam
788 1900 911 1920 conservet
928 1897 983 1920 ibid.
997 1910 1027 1913 —
1040 1897 1128 1919 ratione
1145 1902 1201 1919 suae
1213 1902 1266 1923 gra-

700 1938 744 1960 tiae
762 1937 878 1966 perfundit
896 1940 980 1959 terram
998 1937 1087 1959 aridam
1099 1936 1177 1958 cordis
1194 1936 1266 1958 nostri

700 1977 744 1998 669
763 1976 777 1998 b

747 2029 775 2032 -
790 2016 831 2038 Per
843 2022 894 2038 0301
907 2015 996 2038 sublata
1008 2018 1043 2037 est
1055 2015 1185 2037 maledictio
1197 2020 1267 2043 quan-

700 2059 748 2078 tum
766 2055 796 2078 ad
814 2062 922 2083 causam,
940 2055 1032 2083 culpam
1049 2058 1071 2077 et
1083 2060 1183 2082 poenam
1197 2054 1241 2076 683
1254 2059 1266 2075 a

700 2109 730 2111 —
749 2095 770 2117 ln
789 2095 880 2117 mortali
897 2098 978 2116 natura
997 2097 1067 2122 caput
1092 2094 1200 2116 draconis
1216 2099 1268 2116 con-

702 2135 764 2156 trivit
780 2134 825 2156 702
843 2140 855 2156 3
873 2146 904 2150 —
921 2134 1028 2156 contrivit
1050 2133 1211 2155 adversarium
1229 2139 1267 2155 no·

701 2177 773 2196 strum
791 2174 837 2196 713
851 2173 865 2195 b
877 2186 908 2190 —
920 2176 1014 2195 cunctas
1030 2174 1136 2195 haereses
1154 2172 1269 2195 interemit

701 2214 723 2235 in
742 2213 851 2235 universo
870 2212 958 2235 mundo
975 2211 1030 2235 ibid.
1047 2224 1078 2228 —
1095 2212 1143 2234 sola
1160 2211 1267 2234 contrivit

702 2252 835 2274 universam
861 2251 999 2273 haereticam
1025 2251 1163 2278 pravitatem
1182 2250 1226 2272 664
1245 2249 1268 2272 b.

703 2291 746 2313 678
766 2290 781 2312 b
799 2304 829 2306 —
846 2290 993 2313 adversarios
1018 2296 1073 2312 suos
1096 2293 1118 2311 et
1135 2289 1216 2312 Christi
1234 2289 1268 2311 di-

702 2330 791 2358 spergit
807 2330 853 2352 718
871 2336 883 2351 3
903 2342 931 2346 —
948 2332 982 2351 est
999 2328 1104 2351 hostibus
1126 2328 1209 2350 nostris
1227 2332 1268 2350 ter-

702 2376 741 2392 ror
758 2368 812 2392 ibid.
832 2381 859 2385 ——
872 2368 980 2391 terribilis
992 2371 1025 2390 est
1038 2368 1067 2390 ad
1084 2367 1267 2390 succurrendum

703 2409 790 2431 mundo
802 2412 824 2430 et
835 2408 863 2431 ad
876 2408 1002 2430 daemones
1019 2407 1186 2435 expugnandos
1199 2406 1243 2428 695
1255 2412 1268 2428 a

748 2460 780 2464 —
797 2448 910 2476 triplicem
923 2446 992 2469 habet
1003 2449 1080 2469 actum
1093 2447 1117 2468 in
1129 2445 1269 2468 hierarchias

702 2487 845 2515 Angelorum
863 2489 885 2509 et
902 2487 1021 2508 hominum
1040 2486 1085 2508 689
1105 2485 1119 2507 b
1136 2497 1166 2502 -—
1184 2488 1269 2513 purgat

702 2530 724 2550 et
741 2526 823 2549 liberat
840 2527 934 2548 Sanctos
951 2532 963 2547 a
982 2525 1063 2553 triplici
1081 2525 1142 2547 malo
1154 2525 1199 2546 697
1212 2523 1227 2546 b
1241 2537 1269 2539 —

703 2567 758 2588 Eam
768 2566 890 2593 diligentes
899 2565 1038 2587 illustrantur
1045 2565 1066 2586 in
1075 2564 1170 2586 veritate
1179 2564 1268 2586 etfama

706 2609 728 2628 et
745 2605 847 2627 ditantur
864 2605 886 2627 in
904 2603 1013 2627 omnibus
1031 2603 1098 2626 bonis
1115 2603 1159 2625 698
1177 2602 1192 2624 b
1203 2615 1234 2619 --
1245 2603 1271 2624 il—

704 2646 784 2667 lustrat
801 2648 891 2667 nostras
908 2644 1023 2672 potentias
1039 2643 1217 2670 cognoscitivas,
1229 2642 1271 2664 lae-

704 2684 774 2706 tificat
795 2684 919 2711 affectivas,
942 2681 1077 2705 corroborat
1101 2681 1233 2709 operativas
1250 2684 1271 2703 et

704 2724 815 2746 salvificat
841 2723 951 2750 regitivas
976 2722 1021 2743 697
1048 2721 1071 2744 b.
1096 2722 1140 2743 698
1166 2727 1186 2749 a,
1209 2720 1224 2742 b
1241 2732 1272 2737 —

704 2762 740 2785 Ab
752 2763 801 2790 ipsa
813 2762 921 2784 continue
939 2762 988 2783 fluit
1004 2761 1135 2788 exemplum
1148 2760 1272 2782 sanctitica-

706 2802 773 2825 tionis
791 2802 835 2823 696
854 2801 869 2823 b

752 2854 783 2857 —
801 2842 842 2863 Per
859 2841 909 2862 eius
931 2839 1091 2862 sufficientiam
1114 2838 1163 2861 dies
1185 2838 1273 2866 gratiae

707 2880 889 2908 multiplicantur
905 2879 951 2901 718
969 2885 981 2900 3
999 2891 1029 2895 -
1047 2879 1088 2900 Per
1108 2878 1182 2906 ipsam
1204 2877 1272 2899 nohis

705 2923 784 2948 aperta
802 2922 836 2941 est
849 2922 914 2947 porta
932 2918 987 2940 caeli
1004 2918 1050 2939 713
1069 2916 1083 2939 b
1099 2929 1131 2933 —
1148 2917 1225 2939 Nullus
1242 2916 1272 2938 in-

706 2962 749 2981 trat
767 2959 855 2981 caelum
873 2957 915 2980 nisi
933 2963 974 2985 per
992 2963 1052 2983 eam,
1069 2958 1091 2978 et
1108 2956 1156 2978 sine
1173 2962 1199 2978 ea
1217 2961 1272 2977 nun-

706 3004 776 3027 quam
790 2997 876 3026 aliquid
889 2997 977 3024 gratiae
989 3002 1110 3023 egressum
1122 2998 1156 3017 est
1168 2995 1197 3017 de
1209 2995 1271 3017 caelo

1806 212 1854 239 1111

1529 249 1585 271 man
1606 249 1638 277 (a)

1295 287 1341 308 705
1359 286 1374 308 b
1392 300 1421 303 —-
1438 289 1525 309 (11111105
1542 288 1617 310 Sancti
1636 295 1675 315 per
1693 295 1743 310 cain
1767 295 1859 311 corona-

1296 329 1331 348 tos
1347 332 1371 347 se
1389 332 1440 348 esse
1457 330 1627 354 recognoscunt
1644 328 1688 349 702
1707 334 1718 349 a

1343 377 1372 381 —
1391 366 1413 387 ln
1431 372 1456 387 ea
1475 366 1555 393 Angcli
1569 366 1684 393 laetitiam,
1697 366 1749 388 iusti
1762 367 1860 393 gratiam

1295 406 1317 426 et
1335 407 1468 431 peccatores
1484 404 1575 426 veniam
1595 405 1730 427 invenerunt
1747 406 1791 427 (172
1805 406 1819 428 11
1832 418 1861 422 —

1296 443 1328 464 De
1354 443 1494 470 plenitudino
1519 444 1568 465 cius
1594 448 1733 471 acceperuut
1760 445 1860 467 universi

1300 482 1341 504 125
1359 488 1379 503 a.
1403 482 1447 504 673
1465 488 1486 504 3.
1508 483 1553 504 679
1572 482 1593 504 b.
1612 483 1652 504 711
1676 490 1687 504 3
1707 495 1734 498 ἡ
1753 483 1805 505 iiius
1823 483 1862 506 110-

1296 520 1376 543 0011013
1394 520 1481 543 interna
1504 524 1632 549 penetrant,
1654 523 1730 543 caelos
1753 525 1862 550 superant

1296 560 1342 582 665
1359 566 1380 581 3.
1397 560 1442 581 673
1460 567 1471 582 3
1489 572 1520 576 —-
1537 561 1579 582 Per
1596 560 1762 588 plenitudinem
1776 561 1862 588 gratiae

1296 599 1345 621 eius
1363 602 1384 620 ct
1401 606 1462 628 (11130
1478 606 1549 627 super
1567 600 1680 621 muudum
1698 603 1750 621 suut
1766 606 1791 622 50
1808 606 1863 627 gau-

1297 638 1351 660 dent
1367 641 1494 661 restaurata
1512 641 1535 661 et
1551 645 1612 667 quae
1630 638 1651 660 in
1670 639 1757 661 interno
1773 642 1826 661 sunt
1837 645 1862 661 se

1297 678 1409 700 laetantur
1427 678 1520 700 liberata
1540 678 1585 700 665
1602 684 1622 700 a.
1641 678 1685 700 673
1703 684 1724 700 a.
1741 678 1786 699 716
1805 678 1819 699 b
1834 691 1862 694 —

1297 717 1338 739 Per
1355 723 1406 739 eam
1433 717 1519 739 inferna
1548 717 1712 745 remediantur,
1736 717 1862 739 daemones

1296 756 1467 783 conculcantur,
1478 756 1583 778 homines
1592 756 1803 785 salvantia—,Augen
1813 756 1863 779 red-

1297 795 1439 823 integrantur
1456 796 1501 817 673
1519 802 1530 817 3

1342 846 1374 851 —
1386 835 1439 857 Eius
1451 834 1523 862 gratia
1536 835 1651 857 redundat
1661 835 1683 857 111
1697 841 1777 857 omnes
1790 841 1862 863 quan-

1297 876 1344 895 tum
1364 874 1393 896 ad
1410 873 1578 901 sufficientiam,
1590 874 1631 896 sed
1644 880 1690 896 non
1707 877 1819 902 quantum
1832 874 1862 896 ad

1297 913 1434 935 infusionem
1458 916 1480 935 et
1502 913 1627 935 efficaciam
1646 913 1690 935 679
1710 913 1723 935 b
1741 925 1771 929 —-
1788 913 1863 935 omni-

1297 952 1341 974 bus
1358 958 1383 974 se
1399 952 1498 979 exhibet,
1515 952 1555 974 sed
1574 952 1664 980 prolicit
1682 952 1707 974 iis
1724 953 1806 979 solum,
1822 952 1862 981 qui

1298 991 1326 1013 ad
1345 991 1394 1013 01115
1411 991 1552 1013 influentiam
1571 998 1595 1013 se
1613 991 1789 1019 (1151101111111711
1806 990 1821 1012 b
1832 1003 1862 1007 —

1298 1030 1333 1052 isti
1352 1033 1517 1052 enumerantur
1534 1029 1588 1053 ibid.
1608 1042 1635 1045 —
1653 1036 1699 1052 non
1717 1032 1751 1052 est
1772 1032 1821 1052 orta
1839 1033 1863 1052 ut

1297 1070 1333 1092 lux
1350 1069 1391 1091 nisi
1403 1069 1535 1091 volentibus
1547 1069 1658 1097 praebere
1670 1075 1808 1091 consensum
1822 1074 1863 1096 per

1297 1108 1452 1131 obedientiam
1470 1108 1515 1130 707
1534 1108 1549 1130 1)
1568 1122 1595 1124 —
1613 1108 1762 1131 rationalibus
1779 1112 1800 1131 et
1812 1108 1865 1130 sim-

1297 1147 1397 1176 plicibus
1413 1154 1437 1170 se
1455 1148 1611 1170 communicat
1629 1148 1673 1169 697
1692 1147 1706 1169 b

1329 1188 1342 1209 9
1360 1199 1390 1203 —-
1408 1193 1489 1209 omues
1507 1187 1582 1209 Sancti
1600 1186 1730 1209 habueruut
1741 1187 1864 1214 specialem

1297 1226 1445 1248 devotionem
1469 1226 1498 1248 ad
1521 1226 1593 1253 ipsam
1613 1226 1657 1247 642
1676 1232 1687 1247 3
1706 1238 1736 1242 -
1753 1226 1822 1248 Electi
1841 1226 1863 1247 in

1297 1271 1322 1287 ea
1341 1265 1472 1288 radicantur
1490 1271 1531 1293 per
1548 1271 1651 1287 amorem
1669 1268 1692 1287 et
1714 1265 1863 1287 devotionem

1298 1304 1351 1327 ibid.
1369 1318 1398 1321 —
1416 1305 1450 1327 Ad
1469 1305 1542 1332 ipsam
1561 1304 1674 1326 habemus
1690 1304 1805 1332 refugium
1819 1304 1859 1326 641

1298 1344 1313 1366 b
1330 1356 1361 1360 —
1378 1344 1420 1366 Per
1437 1344 1511 1371 ipsam
1538 1343 1671 1366 accedimus
1693 1344 1721 1365 ad
1748 1343 1864 1366 Christum

1297 1383 1343 1405 718
1362 1389 1374 1405 3
1392 1396 1421 1399 -—
1440 1383 1462 1405 Si
1480 1383 1596 1409 volumus,
1613 1383 1677 1411 quod
1696 1383 1755 1405 Deus
1778 1383 1866 1405 habitet

1298 1423 1321 1444 in
1338 1422 1413 1450 nobis,
1425 1421 1539 1445 debemus
1554 1422 1664 1444 accedere
1677 1422 1705 1444 ad
1718 1422 1810 1444 Mariam
1824 1428 1866 1449 per

1297 1462 1446 1484 devotionem
1464 1462 1532 1490 eique
1549 1462 1687 1483 conformari
1705 1467 1746 1489 per
1760 1461 1865 1483 imitatio—

1299 1507 1353 1523 nem
1375 1501 1417 1523 125
1435 1507 1455 1527 3,
1474 1501 1488 1523 b
1508 1513 1535 1516 —-
1549 1500 1666 1523 Debemus
1677 1500 1771 1523 accendi
1783 1506 1810 1523 ex
1823 1501 1865 1522 for-

1298 1546 1355 1562 nace
1373 1540 1445 1568 ipsius
1462 1540 1562 1562 caritatis
1579 1543 1601 1562 et
1618 1546 1630 1562 a
1649 1540 1745 1562 terrenis
1756 1540 1867 1567 concupi-

1298 1580 1389 1602 scentiis
1401 1580 1487 1602 elevari
1498 1580 1527 1601 98
1538 1586 1550 1602 a
1565 1592 1592 1595 m
1605 1580 1659 1601 Eam
1673 1579 1817 1601 inveniemus
1829 1585 1867 1601 cu-

1298 1619 1385 1646 rialem,
1397 1619 1591 1648 quotiescumque
1608 1618 1803 1646 interpellabimus
1814 1624 1866 1641 eam

1299 1658 1343 1680 697
1363 1658 1377 1680 b

1346 1710 1375 1713 —
1393 1697 1478 1720 Omnes
1494 1697 1522 1720 ad
1541 1697 1615 1725 ipsam
1633 1700 1753 1719 recurrant
1770 1703 1812 1725 pro
1828 1697 1867 1719 im-

1298 1737 1410 1764 petranda
1437 1737 1508 1764 gratia
1532 1737 1577 1758 716
1602 1736 1616 1758 b
1635 1749 1663 1752 -—
1682 1737 1715 1759 Ad
1734 1742 1785 1758 eam
1803 1742 1868 1758 acce—

1298 1777 1354 1799 dere
1377 1775 1491 1798 dehemus
1514 1782 1567 1798 cum
1586 1775 1670 1797 fiducia
1688 1776 1733 1797 673
1751 1775 1773 1797 b.
1792 1776 1836 1797 680
1854 1781 1867 1797 a

1298 1828 1329 1832 —
1348 1816 1388 1838 Per
1405 1821 1456 1837 eam
1475 1815 1589 1844 quidquid
1608 1815 1742 1842 petierimus
1759 1815 1868 1842 impetra-

1300 1861 1360 1881 mus,
1376 1855 1394 1877 si
1412 1860 1452 1877 cor
1468 1858 1573 1876 nostrum
1592 1854 1659 1876 fuerit
1676 1854 1698 1876 111
1716 1854 1766 1876 0105
1787 1859 1867 1876 amore

1300 1894 1426 1917 stabilitum
1444 1894 1489 1915 680
1507 1900 1518 1915 a
1536 1905 1567 1910 —
1584 1893 1743 1915 Fortissimum
1761 1893 1867 1915 solatium

1300 1933 1414 1956 habemus
1433 1939 1473 1961 per
1491 1933 1584 1955 Matrem
1603 1935 1625 1954 et
1642 1933 1723 1954 Filium
1742 1932 1786 1954 673
1805 1932 1820 1954 b
1838 1944 1867 1947 —

1300 1972 1445 2001 impossibile
1462 1975 1503 2000 est,
1530 1974 1553 1994 ut
1578 1972 1646 1994 Filius
1671 1972 1773 1998 illati-em,
1799 1972 1869 1994 Mater

1302 2012 1360 2035 tilios
1382 2012 1412 2035 de
1435 2018 1507 2040 regno
1530 2012 1627 2040 expellat
1644 2012 1690 2033 688
1708 2011 1723 2033 b
1739 2023 1770 2027 —
1787 2013 1821 2033 est
1839 2011 1871 2033 in-

1301 2052 1407 2074 vocanda
1424 2052 1445 2074 in
1464 2051 1578 2079 periculiS,
1597 2051 1617 2072 in
1630 2051 1750 2079 angustiis,
1763 2051 1785 2072 in
1798 2050 1869 2072 rebus

1301 2091 1380 2114 dubiis
1398 2091 1442 2113 432
1461 2097 1481 2113 a.
1499 2090 1544 2112 665
1561 2096 1582 2112 a.
1599 2090 1644 2112 673
1662 2089 1684 2112 1).
1698 2090 1742 2112 680
1755 2096 1776 2112 a.
1788 2090 1833 2112 690
1846 2088 1870 2112 b.

1301 2131 1347 2152 710
1367 2130 1388 2152 1).
1405 2130 1450 2152 718
1469 2136 1481 2152 a
1499 2142 1529 2146 —
1546 2130 1574 2152 Ut
1592 2130 1743 2157 impetremus
1760 2129 1809 2151 eius
1826 2129 1870 2151 suf-

1303 2169 1411 2197 fragium,
1428 2169 1543 2191 debemus
1560 2169 1643 2191 imitari
1666 2169 1716 2190 eius
1736 2168 1868 2196 exemplum

1302 2207 1356 2231 ibid.
1376 2221 1404 2224 —
1422 2209 1455 2231 Ad
1475 2208 1548 2236 ipsam
1575 2207 1742 2230 recurrendum
1768 2210 1814 2234 est,
1839 2213 1869 2229 ne

1302 2247 1431 2274 deviemus,
1443 2248 1603 2275 desperemus,
1615 2253 1719 2269 erremus
1732 2247 1768 2268 vel
1778 2252 1869 2268 corrua⁷

1303 2293 1354 2309 mus
1371 2287 1416 2309 673
1435 2287 1458 2309 b.
1475 2287 1516 2309 711
1540 2286 1553 2308 b

1349 2339 1379 2341 —
1397 2326 1441 2354 Qui
1459 2326 1481 2347 in
1504 2325 1627 2348 devotione
1645 2325 1693 2347 vuit
1714 2324 1799 2347 habere
1818 2325 1869 2347 Vir-

1302 2364 1379 2393 ginem
1393 2365 1526 2393 gloriosam,
1538 2364 1608 2387 debet
1619 2370 1715 2392 surgere
1727 2364 1756 2386 ad
1769 2366 1869 2392 quatuor

1304 2404 1348 2426 Ἰ1114
1365 2410 1378 2426 3
1394 2416 1425 2420 -
1442 2404 1464 2426 Si
1482 2404 1591 2426 volumus
1607 2403 1638 2426 ad
1649 2404 1724 2431 ipsam
1736 2404 1869 2431 confugere,

1302 2443 1376 2466 simus
1401 2443 1563 2465 misericordes
1588 2443 1631 2464 697
1655 2442 1670 2464 b
1689 2455 1717 2458 —
1734 2442 1768 2464 Ad
1795 2443 1868 2470 ipsam

1303 2483 1411 2505 transitur
1429 2489 1469 2510 per
1491 2485 1649 2510 contemptum
1673 2482 1824 2509 temporalem
1847 2484 1869 2503 et

1304 2522 1411 2545 fiduciam
1429 2522 1453 2544 in
1472 2522 1543 2544 Deum
1561 2521 1607 2543 717
1624 2528 1636 2543 3
1649 2534 1678 2536 -
1690 2520 1808 2542 Debemus
1820 2526 1870 2548 par-

1304 2564 1349 2584 tem
1375 2561 1461 2583 habere
1486 2561 1509 2583 in
1534 2561 1613 2583 dolore
1639 2560 1721 2582 Mariae
1745 2560 1788 2581 172
1807 2558 1822 2581 b
1839 2571 1870 2575 —

1304 2602 1358 2624 Eam
1376 2601 1442 2630 sequi
1455 2600 1568 2623 debemus
1581 2606 1622 2628 per
1634 2600 1746 2627 gemitum
1759 2604 1871 2626 compun-

1304 2641 1391 2668 ctionis,
1409 2647 1450 2668 per
1467 2640 1570 2662 studium
1588 2639 1679 2661 virtutis
1696 2641 1718 2660 et
1735 2644 1775 2666 per
1787 2642 1868 2660 votum

1305 2679 1451 2708 perfeetionis
1468 2680 1512 2701 636
1531 2678 1553 2701 b.
1571 2678 1615 2700 637
1634 2684 1655 2705 3,
1672 2677 1695 2700 b.
1713 2678 1757 2699 638
1775 2683 1787 2699 3

1353 2732 1382 2734 -
1399 2719 1453 2741 Eius
1470 2718 1566 2740 ministri
1579 2717 1664 2740 debent
1676 2716 1762 2739 habere
1774 2716 1870 2739 virtutes

1305 2759 1393 2781 activas
1409 2761 1432 2780 et
1449 2757 1638 2785 contemplativas
1655 2757 1700 2778 638
1719 2756 1733 2778 b
1745 2768 1774 2772 —
1787 2762 1872 2784 propo-

1306 2798 1366 2820 nitur
1383 2797 1493 2820 imitanda
1512 2797 1532 2818 in
1551 2800 1650 2825 quatuor
1667 2795 1723 2818 actis
1745 2795 1775 2817 ad
1798 2796 1870 2823 perfe-

1306 2837 1405 2859 ctionem
1424 2836 1484 2858 vitae
1501 2836 1589 2858 activae
1606 2835 1741 2857 necessariis
1759 2834 1803 2856 649
1821 2840 1842 2861 3,
1854 2833 1870 2856 b

1305 2889 1335 2892 —
1353 2875 1470 2903 Coniuges
1487 2877 1624 2897 venerentur
1641 2874 1691 2896 eius
1708 2874 1871 2902 integritatem,

1307 2915 1410 2942 virgines
1427 2915 1537 2936 mirentur
1554 2914 1604 2935 eius
1621 2913 1783 2936 secunditatem
1797 2912 1842 2935 664
1855 2911 1870 2934 b

1305 2967 1336 2971 —
1353 2954 1383 2976 ab
1400 2953 1533 2976 hominibus
1550 2956 1584 2975 est
1600 2953 1719 2980 imitanda,
1736 2952 1765 2974 ab
1778 2952 1871 2980 Angelis

1306 2993 1439 3016 veneranda
1465 2992 1519 3016 ibid.
1535 3005 1566 3009 —
1590 2992 1690 3020 Vestigia
1716 2992 1765 3014 eius
1790 2998 1871 3014 omnes
