<?xml version="1.0" encoding="UTF-8"?>
<!DOCTYPE html PUBLIC "-//W3C//DTD XHTML 1.0 Transitional//EN"
    "http://www.w3.org/TR/xhtml1/DTD/xhtml1-transitional.dtd">
<html xmlns="http://www.w3.org/1999/xhtml" xml:lang="en" lang="en">
 <head>
  <title>
</title>
<meta http-equiv="Content-Type" content="text/html;charset=utf-8" />
  <meta name='ocr-system' content='tesseract 3.04.00' />
  <meta name='ocr-capabilities' content='ocr_page ocr_carea ocr_par ocr_line ocrx_word'/>
</head>
<body>
  <div class='ocr_page' id='page_1' title='image "./doctorisseraphic10bona_0021.png"; bbox 0 0 2269 3448; ppageno 0'>
   <div class='ocr_carea' id='block_1_1' title="bbox 705 229 1872 259">
    <p class='ocr_par' dir='ltr' id='par_1_1' title="bbox 705 229 1872 259">
     <span class='ocr_line' id='line_1_1' title="bbox 705 229 1872 259; baseline 0.002 -2"><span class='ocrx_word' id='word_1_1' title='bbox 705 229 745 257; x_wconf 69' lang='lat' dir='ltr'>nti</span> <span class='ocrx_word' id='word_1_2' title='bbox 767 229 909 258; x_wconf 65' lang='lat' dir='ltr'>§Clur&#39;t&#39;ts</span> <span class='ocrx_word' id='word_1_3' title='bbox 930 229 1096 258; x_wconf 75' lang='lat' dir='ltr'>SERAPtttCt</span> <span class='ocrx_word' id='word_1_4' title='bbox 1119 229 1291 258; x_wconf 72' lang='lat' dir='ltr'>DOC&#39;t&#39;Ottts.</span> <span class='ocrx_word' id='word_1_5' title='bbox 1856 233 1872 259; x_wconf 90' lang='lat'><strong>7</strong></span> 
     </span>
    </p>
   </div>
   <div class='ocr_carea' id='block_1_2' title="bbox 126 307 971 339">
    <p class='ocr_par' dir='ltr' id='par_1_2' title="bbox 126 307 971 339">
     <span class='ocr_line' id='line_1_2' title="bbox 126 307 971 339; baseline -0.005 -6"><span class='ocrx_word' id='word_1_6' title='bbox 126 311 179 339; x_wconf 80' lang='lat' dir='ltr'>Pag.</span> <span class='ocrx_word' id='word_1_7' title='bbox 196 311 250 333; x_wconf 84' lang='lat'>710.</span> <span class='ocrx_word' id='word_1_8' title='bbox 274 310 305 332; x_wconf 79' lang='lat' dir='ltr'>De</span> <span class='ocrx_word' id='word_1_9' title='bbox 330 309 460 332; x_wconf 74' lang='lat' dir='ltr'>causalitate</span> <span class='ocrx_word' id='word_1_10' title='bbox 485 308 576 330; x_wconf 80' lang='lat' dir='ltr'>divinae</span> <span class='ocrx_word' id='word_1_11' title='bbox 605 307 819 336; x_wconf 80' lang='lat' dir='ltr'>praedestinationis</span> <span class='ocrx_word' id='word_1_12' title='bbox 847 309 971 335; x_wconf 70' lang='lat' dir='ltr'>systemata</span> 
     </span>
    </p>
   </div>
   <div class='ocr_carea' id='block_1_3' title="bbox 149 514 159 525">
    <p class='ocr_par' dir='ltr' id='par_1_3' title="bbox 149 514 159 525">
     <span class='ocr_line' id='line_1_3' title="bbox 149 514 159 525; baseline 0 0"><span class='ocrx_word' id='word_1_13' title='bbox 149 514 159 525; x_wconf 87' lang='grc'>11</span> 
     </span>
    </p>
   </div>
   <div class='ocr_carea' id='block_1_4' title="bbox 151 1572 161 1583">
    <p class='ocr_par' dir='ltr' id='par_1_4' title="bbox 151 1572 161 1583">
     <span class='ocr_line' id='line_1_4' title="bbox 151 1572 161 1583; baseline 0 0"><span class='ocrx_word' id='word_1_14' title='bbox 151 1572 161 1583; x_wconf 91' lang='grc'>))</span> 
     </span>
    </p>
   </div>
   <div class='ocr_carea' id='block_1_5' title="bbox 152 1728 163 1740">
    <p class='ocr_par' dir='ltr' id='par_1_5' title="bbox 152 1728 163 1740">
     <span class='ocr_line' id='line_1_5' title="bbox 152 1728 163 1740; baseline -0.091 0"><span class='ocrx_word' id='word_1_15' title='bbox 152 1728 163 1740; x_wconf 70' lang='lat'>11</span> 
     </span>
    </p>
   </div>
   <div class='ocr_carea' id='block_1_6' title="bbox 151 1924 163 1936">
    <p class='ocr_par' dir='ltr' id='par_1_6' title="bbox 151 1924 163 1936">
     <span class='ocr_line' id='line_1_6' title="bbox 151 1924 163 1936; baseline -0.083 0"><span class='ocrx_word' id='word_1_16' title='bbox 151 1924 163 1936; x_wconf 70' lang='grc'>1)</span> 
     </span>
    </p>
   </div>
   <div class='ocr_carea' id='block_1_7' title="bbox 152 1963 164 1975">
    <p class='ocr_par' dir='ltr' id='par_1_7' title="bbox 152 1963 164 1975">
     <span class='ocr_line' id='line_1_7' title="bbox 152 1963 164 1975; baseline 0 0"><span class='ocrx_word' id='word_1_17' title='bbox 152 1963 164 1975; x_wconf 85' lang='grc'>))</span> 
     </span>
    </p>
   </div>
   <div class='ocr_carea' id='block_1_8' title="bbox 161 2986 170 2996">
    <p class='ocr_par' dir='ltr' id='par_1_8' title="bbox 161 2986 170 2996">
     <span class='ocr_line' id='line_1_8' title="bbox 161 2986 170 2996; textangle 90"><span class='ocrx_word' id='word_1_18' title='bbox 161 2986 170 2996; x_wconf 63' lang='grc' dir='ltr'>υ</span> 
     </span>
    </p>
   </div>
   <div class='ocr_carea' id='block_1_9' title="bbox 194 346 974 1154">
    <p class='ocr_par' dir='ltr' id='par_1_9' title="bbox 250 346 971 454">
     <span class='ocr_line' id='line_1_9' title="bbox 250 346 970 377; baseline -0.006 -6"><span class='ocrx_word' id='word_1_19' title='bbox 250 349 360 371; x_wconf 85' lang='lat' dir='ltr'>catholica</span> <span class='ocrx_word' id='word_1_20' title='bbox 379 348 452 377; x_wconf 89' lang='lat' dir='ltr'>(nota,</span> <span class='ocrx_word' id='word_1_21' title='bbox 470 348 493 370; x_wconf 83' lang='lat' dir='ltr'>itl</span> <span class='ocrx_word' id='word_1_22' title='bbox 510 347 574 376; x_wconf 81' lang='grc'>(10011</span> <span class='ocrx_word' id='word_1_23' title='bbox 592 347 623 369; x_wconf 88' lang='lat' dir='ltr'>ibi</span> <span class='ocrx_word' id='word_1_24' title='bbox 641 346 675 376; x_wconf 85' lang='lat' dir='ltr'>[n.</span> <span class='ocrx_word' id='word_1_25' title='bbox 688 346 724 376; x_wconf 94' lang='grc'>11.]</span> <span class='ocrx_word' id='word_1_26' title='bbox 739 346 768 368; x_wconf 82' lang='lat' dir='ltr'>de</span> <span class='ocrx_word' id='word_1_27' title='bbox 785 346 878 369; x_wconf 74' lang='lat' dir='ltr'>scientia</span> <span class='ocrx_word' id='word_1_28' title='bbox 896 346 970 369; x_wconf 86' lang='lat' dir='ltr'>media</span> 
     </span>
     <span class='ocr_line' id='line_1_10' title="bbox 252 385 971 414; baseline -0.004 -4"><span class='ocrx_word' id='word_1_29' title='bbox 252 389 381 411; x_wconf 83' lang='lat' dir='ltr'>inaccurate</span> <span class='ocrx_word' id='word_1_30' title='bbox 398 387 489 414; x_wconf 81' lang='lat' dir='ltr'>dicitur,</span> <span class='ocrx_word' id='word_1_31' title='bbox 507 387 528 409; x_wconf 91' lang='lat' dir='ltr'>in</span> <span class='ocrx_word' id='word_1_32' title='bbox 547 390 602 409; x_wconf 92' lang='lat' dir='ltr'>tom.</span> <span class='ocrx_word' id='word_1_33' title='bbox 620 387 643 408; x_wconf 89' lang='lat' dir='ltr'>tt.</span> <span class='ocrx_word' id='word_1_34' title='bbox 666 392 719 414; x_wconf 77' lang='lat' dir='ltr'>pag.</span> <span class='ocrx_word' id='word_1_35' title='bbox 737 385 781 407; x_wconf 78' lang='lat'>647</span> <span class='ocrx_word' id='word_1_36' title='bbox 805 386 875 408; x_wconf 83' lang='lat' dir='ltr'>schol.</span> <span class='ocrx_word' id='word_1_37' title='bbox 896 391 918 407; x_wconf 91' lang='lat' dir='ltr'>n.</span> <span class='ocrx_word' id='word_1_38' title='bbox 939 385 971 407; x_wconf 89' lang='lat' dir='ltr'>lll.</span> 
     </span>
     <span class='ocr_line' id='line_1_11' title="bbox 251 425 554 454; baseline -0.007 -5"><span class='ocrx_word' id='word_1_39' title='bbox 251 427 333 449; x_wconf 83' lang='lat' dir='ltr'>melius</span> <span class='ocrx_word' id='word_1_40' title='bbox 349 427 486 454; x_wconf 80' lang='lat' dir='ltr'>explicatum</span> <span class='ocrx_word' id='word_1_41' title='bbox 504 425 554 454; x_wconf 87' lang='lat' dir='ltr'>est).</span> 
     </span>
    </p>

    <p class='ocr_par' dir='ltr' id='par_1_10' title="bbox 194 465 799 496">
     <span class='ocr_line' id='line_1_12' title="bbox 194 465 799 496; baseline -0.003 -8"><span class='ocrx_word' id='word_1_42' title='bbox 194 466 248 488; x_wconf 82' lang='grc'>715.</span> <span class='ocrx_word' id='word_1_43' title='bbox 267 466 297 488; x_wconf 83' lang='lat' dir='ltr'>De</span> <span class='ocrx_word' id='word_1_44' title='bbox 315 466 393 488; x_wconf 77' lang='lat' dir='ltr'>divina</span> <span class='ocrx_word' id='word_1_45' title='bbox 411 465 529 488; x_wconf 72' lang='lat' dir='ltr'>electione.</span> <span class='ocrx_word' id='word_1_46' title='bbox 797 494 799 496; x_wconf 20' lang='lat' dir='ltr'>q</span> 
     </span>
    </p>

    <p class='ocr_par' dir='ltr' id='par_1_11' title="bbox 195 502 971 567">
     <span class='ocr_line' id='line_1_13' title="bbox 195 502 971 532; baseline -0.004 -5"><span class='ocrx_word' id='word_1_47' title='bbox 195 505 248 527; x_wconf 82' lang='lat'>730.</span> <span class='ocrx_word' id='word_1_48' title='bbox 267 505 384 527; x_wconf 81' lang='lat' dir='ltr'>Generalia</span> <span class='ocrx_word' id='word_1_49' title='bbox 402 505 431 527; x_wconf 86' lang='lat' dir='ltr'>de</span> <span class='ocrx_word' id='word_1_50' title='bbox 449 504 526 526; x_wconf 74' lang='lat' dir='ltr'>divina</span> <span class='ocrx_word' id='word_1_51' title='bbox 546 503 766 532; x_wconf 73' lang='lat' dir='ltr'>praedestinatione,</span> <span class='ocrx_word' id='word_1_52' title='bbox 785 502 919 530; x_wconf 81' lang='lat' dir='ltr'>pracsertim</span> <span class='ocrx_word' id='word_1_53' title='bbox 937 502 971 525; x_wconf 92' lang='lat' dir='ltr'>di-</span> 
     </span>
     <span class='ocr_line' id='line_1_14' title="bbox 251 541 914 567; baseline -0.005 0"><span class='ocrx_word' id='word_1_54' title='bbox 251 544 341 567; x_wconf 77' lang='lat' dir='ltr'>stinctio</span> <span class='ocrx_word' id='word_1_55' title='bbox 359 544 416 567; x_wconf 87' lang='lat' dir='ltr'>inter</span> <span class='ocrx_word' id='word_1_56' title='bbox 434 544 546 566; x_wconf 83' lang='lat' dir='ltr'>rationem</span> <span class='ocrx_word' id='word_1_57' title='bbox 566 542 658 566; x_wconf 76' lang='lat' dir='ltr'>volendi</span> <span class='ocrx_word' id='word_1_58' title='bbox 673 546 694 564; x_wconf 92' lang='lat' dir='ltr'>et</span> <span class='ocrx_word' id='word_1_59' title='bbox 711 542 823 564; x_wconf 82' lang='lat' dir='ltr'>rationem</span> <span class='ocrx_word' id='word_1_60' title='bbox 843 541 914 565; x_wconf 77' lang='lat' dir='ltr'>relt‘li.</span> 
     </span>
    </p>

    <p class='ocr_par' dir='ltr' id='par_1_12' title="bbox 195 581 971 649">
     <span class='ocr_line' id='line_1_15' title="bbox 195 581 971 606; baseline -0.003 -1"><span class='ocrx_word' id='word_1_61' title='bbox 195 584 306 606; x_wconf 77' lang='grc'>731-736.</span> <span class='ocrx_word' id='word_1_62' title='bbox 326 584 435 605; x_wconf 71' lang='lat' dir='ltr'>Diversae</span> <span class='ocrx_word' id='word_1_63' title='bbox 457 583 583 605; x_wconf 80' lang='lat' dir='ltr'>sententiae</span> <span class='ocrx_word' id='word_1_64' title='bbox 606 583 772 604; x_wconf 78' lang='lat' dir='ltr'>catholicorum</span> <span class='ocrx_word' id='word_1_65' title='bbox 795 582 854 604; x_wconf 86' lang='lat' dir='ltr'>circa</span> <span class='ocrx_word' id='word_1_66' title='bbox 878 581 971 603; x_wconf 78' lang='lat' dir='ltr'>causali-</span> 
     </span>
     <span class='ocr_line' id='line_1_16' title="bbox 251 621 668 649; baseline -0.005 -5"><span class='ocrx_word' id='word_1_67' title='bbox 251 625 318 645; x_wconf 89' lang='lat' dir='ltr'>tatem</span> <span class='ocrx_word' id='word_1_68' title='bbox 337 622 429 644; x_wconf 83' lang='lat' dir='ltr'>divinae</span> <span class='ocrx_word' id='word_1_69' title='bbox 448 621 668 649; x_wconf 68' lang='lat' dir='ltr'>sii-acdestinationis.</span> 
     </span>
    </p>

    <p class='ocr_par' dir='ltr' id='par_1_13' title="bbox 195 658 972 730">
     <span class='ocr_line' id='line_1_17' title="bbox 195 658 972 690; baseline -0.003 -7"><span class='ocrx_word' id='word_1_70' title='bbox 195 661 249 684; x_wconf 64' lang='lat'>7:559.</span> <span class='ocrx_word' id='word_1_71' title='bbox 268 662 395 689; x_wconf 65' lang='lat' dir='ltr'>Explicatur</span> <span class='ocrx_word' id='word_1_72' title='bbox 409 660 521 690; x_wconf 70' lang='lat' dir='ltr'>possibile</span> <span class='ocrx_word' id='word_1_73' title='bbox 538 659 676 690; x_wconf 72' lang='lat' dir='ltr'>simpliciter</span> <span class='ocrx_word' id='word_1_74' title='bbox 689 658 831 689; x_wconf 69' lang='lat' dir='ltr'>etpossitu&#39;te</span> <span class='ocrx_word' id='word_1_75' title='bbox 841 658 972 682; x_wconf 71' lang='lat' dir='ltr'>secuudum</span> 
     </span>
     <span class='ocr_line' id='line_1_18' title="bbox 251 700 315 730; baseline 0 -7"><span class='ocrx_word' id='word_1_76' title='bbox 251 700 315 730; x_wconf 69' lang='lat' dir='ltr'>quill.</span> 
     </span>
    </p>

    <p class='ocr_par' dir='ltr' id='par_1_14' title="bbox 196 739 615 767">
     <span class='ocr_line' id='line_1_19' title="bbox 196 739 615 767; baseline -0.002 -5"><span class='ocrx_word' id='word_1_77' title='bbox 196 740 250 762; x_wconf 90' lang='lat'>767.</span> <span class='ocrx_word' id='word_1_78' title='bbox 269 741 331 762; x_wconf 71' lang='lat' dir='ltr'>Plura</span> <span class='ocrx_word' id='word_1_79' title='bbox 350 740 378 762; x_wconf 77' lang='lat' dir='ltr'>do</span> <span class='ocrx_word' id='word_1_80' title='bbox 396 742 509 767; x_wconf 79' lang='lat' dir='ltr'>conceptu</span> <span class='ocrx_word' id='word_1_81' title='bbox 527 739 615 761; x_wconf 85' lang='lat' dir='ltr'>inssuiti.</span> 
     </span>
    </p>

    <p class='ocr_par' dir='ltr' id='par_1_15' title="bbox 195 777 973 841">
     <span class='ocr_line' id='line_1_20' title="bbox 195 777 973 807; baseline -0.003 -6"><span class='ocrx_word' id='word_1_82' title='bbox 195 779 248 807; x_wconf 84' lang='lat'>778,</span> <span class='ocrx_word' id='word_1_83' title='bbox 267 782 318 802; x_wconf 86' lang='lat' dir='ltr'>nota</span> <span class='ocrx_word' id='word_1_84' title='bbox 336 779 356 801; x_wconf 99' lang='grc'>3</span> <span class='ocrx_word' id='word_1_85' title='bbox 377 779 535 801; x_wconf 85' lang='lat' dir='ltr'>Bonaventura</span> <span class='ocrx_word' id='word_1_86' title='bbox 556 778 655 801; x_wconf 79' lang='lat' dir='ltr'>admittit</span> <span class='ocrx_word' id='word_1_87' title='bbox 671 777 840 800; x_wconf 84' lang='lat' dir='ltr'>distinctionem</span> <span class='ocrx_word' id='word_1_88' title='bbox 859 777 918 799; x_wconf 88' lang='lat' dir='ltr'>inter</span> <span class='ocrx_word' id='word_1_89' title='bbox 935 783 973 805; x_wconf 89' lang='lat' dir='ltr'>po-</span> 
     </span>
     <span class='ocr_line' id='line_1_21' title="bbox 252 818 686 841; baseline -0.005 0"><span class='ocrx_word' id='word_1_90' title='bbox 252 819 344 841; x_wconf 89' lang='lat' dir='ltr'>tentiam</span> <span class='ocrx_word' id='word_1_91' title='bbox 362 818 491 841; x_wconf 88' lang='lat' dir='ltr'>absolutam</span> <span class='ocrx_word' id='word_1_92' title='bbox 510 821 531 840; x_wconf 93' lang='lat' dir='ltr'>et</span> <span class='ocrx_word' id='word_1_93' title='bbox 548 818 686 840; x_wconf 78' lang='lat' dir='ltr'>ordinatam.</span> 
     </span>
    </p>

    <p class='ocr_par' dir='ltr' id='par_1_16' title="bbox 196 856 888 886">
     <span class='ocr_line' id='line_1_22' title="bbox 196 856 888 886; baseline -0.003 -6"><span class='ocrx_word' id='word_1_94' title='bbox 196 858 241 880; x_wconf 73' lang='lat'>783</span> <span class='ocrx_word' id='word_1_95' title='bbox 260 861 281 880; x_wconf 89' lang='lat' dir='ltr'>et</span> <span class='ocrx_word' id='word_1_96' title='bbox 297 858 350 880; x_wconf 59' lang='lat'>7⁸7.</span> <span class='ocrx_word' id='word_1_97' title='bbox 370 859 420 886; x_wconf 88' lang='lat' dir='ltr'>Quo</span> <span class='ocrx_word' id='word_1_98' title='bbox 437 864 506 880; x_wconf 86' lang='lat' dir='ltr'>sensu</span> <span class='ocrx_word' id='word_1_99' title='bbox 525 858 627 880; x_wconf 89' lang='lat' dir='ltr'>mundus</span> <span class='ocrx_word' id='word_1_100' title='bbox 644 857 716 885; x_wconf 79' lang='lat' dir='ltr'>possit</span> <span class='ocrx_word' id='word_1_101' title='bbox 733 856 781 879; x_wconf 86' lang='lat' dir='ltr'>sleri</span> <span class='ocrx_word' id='word_1_102' title='bbox 799 856 888 878; x_wconf 87' lang='lat' dir='ltr'>melior.</span> 
     </span>
    </p>

    <p class='ocr_par' dir='ltr' id='par_1_17' title="bbox 196 896 791 925">
     <span class='ocr_line' id='line_1_23' title="bbox 196 896 791 925; baseline -0.002 -6"><span class='ocrx_word' id='word_1_103' title='bbox 196 898 250 919; x_wconf 65' lang='lat'>789.</span> <span class='ocrx_word' id='word_1_104' title='bbox 268 898 348 920; x_wconf 92' lang='lat' dir='ltr'>Utrum</span> <span class='ocrx_word' id='word_1_105' title='bbox 367 897 468 919; x_wconf 87' lang='lat' dir='ltr'>mundus</span> <span class='ocrx_word' id='word_1_106' title='bbox 486 897 585 925; x_wconf 88' lang='lat' dir='ltr'>potuerit</span> <span class='ocrx_word' id='word_1_107' title='bbox 602 903 653 919; x_wconf 83' lang='lat' dir='ltr'>esse</span> <span class='ocrx_word' id='word_1_108' title='bbox 670 896 791 925; x_wconf 79' lang='lat' dir='ltr'>antiquior.</span> 
     </span>
    </p>

    <p class='ocr_par' dir='ltr' id='par_1_18' title="bbox 197 934 973 964">
     <span class='ocr_line' id='line_1_24' title="bbox 197 934 973 964; baseline -0.004 -5"><span class='ocrx_word' id='word_1_109' title='bbox 197 937 250 959; x_wconf 73' lang='lat'>807.</span> <span class='ocrx_word' id='word_1_110' title='bbox 270 937 379 959; x_wconf 73' lang='lat' dir='ltr'>Voluntas</span> <span class='ocrx_word' id='word_1_111' title='bbox 397 937 435 959; x_wconf 86' lang='lat' dir='ltr'>Dei</span> <span class='ocrx_word' id='word_1_112' title='bbox 454 939 488 959; x_wconf 84' lang='lat' dir='ltr'>est</span> <span class='ocrx_word' id='word_1_113' title='bbox 505 936 609 958; x_wconf 85' lang='lat' dir='ltr'>omnium</span> <span class='ocrx_word' id='word_1_114' title='bbox 625 942 695 958; x_wconf 86' lang='lat' dir='ltr'>causa</span> <span class='ocrx_word' id='word_1_115' title='bbox 712 936 786 964; x_wconf 85' lang='lat' dir='ltr'>prima</span> <span class='ocrx_word' id='word_1_116' title='bbox 799 938 821 957; x_wconf 89' lang='lat' dir='ltr'>et</span> <span class='ocrx_word' id='word_1_117' title='bbox 832 934 973 957; x_wconf 82' lang='lat' dir='ltr'>immediata.</span> 
     </span>
    </p>

    <p class='ocr_par' dir='ltr' id='par_1_19' title="bbox 197 974 974 1042">
     <span class='ocr_line' id='line_1_25' title="bbox 197 974 974 1005; baseline -0.004 -7"><span class='ocrx_word' id='word_1_118' title='bbox 197 976 237 998; x_wconf 76' lang='lat'>821</span> <span class='ocrx_word' id='word_1_119' title='bbox 259 982 307 1005; x_wconf 78' lang='lat' dir='ltr'>seq.</span> <span class='ocrx_word' id='word_1_120' title='bbox 325 976 385 998; x_wconf 84' lang='lat' dir='ltr'>Deus</span> <span class='ocrx_word' id='word_1_121' title='bbox 403 976 464 1002; x_wconf 75' lang='lat' dir='ltr'>vult,</span> <span class='ocrx_word' id='word_1_122' title='bbox 482 981 562 998; x_wconf 85' lang='lat' dir='ltr'>omnes</span> <span class='ocrx_word' id='word_1_123' title='bbox 574 976 651 998; x_wconf 86' lang='lat' dir='ltr'>salvos</span> <span class='ocrx_word' id='word_1_124' title='bbox 663 975 720 998; x_wconf 84' lang='lat' dir='ltr'>fleri.</span> <span class='ocrx_word' id='word_1_125' title='bbox 735 974 839 997; x_wconf 83' lang='lat' dir='ltr'>Doctrina</span> <span class='ocrx_word' id='word_1_126' title='bbox 853 975 974 996; x_wconf 81' lang='lat' dir='ltr'>Bonaven-</span> 
     </span>
     <span class='ocr_line' id='line_1_26' title="bbox 251 1013 866 1042; baseline -0.003 -5"><span class='ocrx_word' id='word_1_127' title='bbox 251 1017 315 1037; x_wconf 88' lang='lat' dir='ltr'>turae</span> <span class='ocrx_word' id='word_1_128' title='bbox 333 1015 362 1038; x_wconf 87' lang='lat' dir='ltr'>de</span> <span class='ocrx_word' id='word_1_129' title='bbox 380 1016 496 1037; x_wconf 80' lang='lat' dir='ltr'>voluntate</span> <span class='ocrx_word' id='word_1_130' title='bbox 512 1015 654 1037; x_wconf 80' lang='lat' dir='ltr'>antecedenti</span> <span class='ocrx_word' id='word_1_131' title='bbox 671 1017 693 1036; x_wconf 93' lang='lat' dir='ltr'>et</span> <span class='ocrx_word' id='word_1_132' title='bbox 709 1013 866 1042; x_wconf 79' lang='lat' dir='ltr'>consequenti.</span> 
     </span>
    </p>

    <p class='ocr_par' dir='ltr' id='par_1_20' title="bbox 196 1053 679 1076">
     <span class='ocr_line' id='line_1_27' title="bbox 196 1053 679 1076; baseline 0 -1"><span class='ocrx_word' id='word_1_133' title='bbox 196 1053 250 1075; x_wconf 65' lang='lat'>824.</span> <span class='ocrx_word' id='word_1_134' title='bbox 270 1054 350 1076; x_wconf 90' lang='lat' dir='ltr'>Utrum</span> <span class='ocrx_word' id='word_1_135' title='bbox 370 1054 429 1076; x_wconf 86' lang='lat' dir='ltr'>Deus</span> <span class='ocrx_word' id='word_1_136' title='bbox 447 1053 501 1075; x_wconf 77' lang='lat' dir='ltr'>velit</span> <span class='ocrx_word' id='word_1_137' title='bbox 518 1053 566 1075; x_wconf 82' lang='lat' dir='ltr'>fleri</span> <span class='ocrx_word' id='word_1_138' title='bbox 585 1053 679 1075; x_wconf 89' lang='lat' dir='ltr'>malum.</span> 
     </span>
    </p>

    <p class='ocr_par' dir='ltr' id='par_1_21' title="bbox 197 1091 973 1121">
     <span class='ocr_line' id='line_1_28' title="bbox 197 1091 973 1121; baseline -0.001 -7"><span class='ocrx_word' id='word_1_139' title='bbox 197 1093 250 1114; x_wconf 82' lang='grc'>827.</span> <span class='ocrx_word' id='word_1_140' title='bbox 262 1093 313 1121; x_wconf 86' lang='lat' dir='ltr'>Quo</span> <span class='ocrx_word' id='word_1_141' title='bbox 325 1099 393 1115; x_wconf 86' lang='lat' dir='ltr'>sensu</span> <span class='ocrx_word' id='word_1_142' title='bbox 406 1093 589 1120; x_wconf 82' lang='lat' dir='ltr'>concedendum,</span> <span class='ocrx_word' id='word_1_143' title='bbox 601 1092 665 1121; x_wconf 87' lang='lat' dir='ltr'>quod</span> <span class='ocrx_word' id='word_1_144' title='bbox 678 1093 765 1115; x_wconf 87' lang='lat' dir='ltr'>malum</span> <span class='ocrx_word' id='word_1_145' title='bbox 778 1092 826 1114; x_wconf 82' lang='lat' dir='ltr'>fleri</span> <span class='ocrx_word' id='word_1_146' title='bbox 838 1092 867 1114; x_wconf 88' lang='lat' dir='ltr'>sit</span> <span class='ocrx_word' id='word_1_147' title='bbox 878 1091 973 1114; x_wconf 85' lang='lat' dir='ltr'>bonum.</span> 
     </span>
    </p>

    <p class='ocr_par' dir='ltr' id='par_1_22' title="bbox 197 1131 928 1154">
     <span class='ocr_line' id='line_1_29' title="bbox 197 1131 928 1154; baseline 0 -1"><span class='ocrx_word' id='word_1_148' title='bbox 197 1132 251 1154; x_wconf 84' lang='grc'>853.</span> <span class='ocrx_word' id='word_1_149' title='bbox 269 1132 301 1154; x_wconf 86' lang='lat' dir='ltr'>De</span> <span class='ocrx_word' id='word_1_150' title='bbox 318 1132 477 1154; x_wconf 73' lang='lat' dir='ltr'>conformitate</span> <span class='ocrx_word' id='word_1_151' title='bbox 495 1133 611 1154; x_wconf 90' lang='lat' dir='ltr'>humanae</span> <span class='ocrx_word' id='word_1_152' title='bbox 629 1132 753 1154; x_wconf 79' lang='lat' dir='ltr'>voluntatis</span> <span class='ocrx_word' id='word_1_153' title='bbox 769 1138 822 1154; x_wconf 89' lang='lat' dir='ltr'>cum</span> <span class='ocrx_word' id='word_1_154' title='bbox 841 1131 928 1153; x_wconf 85' lang='lat' dir='ltr'>divina.</span> 
     </span>
    </p>
   </div>
   <div class='ocr_carea' id='block_1_10' title="bbox 258 1209 842 1233">
    <p class='ocr_par' dir='ltr' id='par_1_23' title="bbox 258 1209 842 1233">
     <span class='ocr_line' id='line_1_30' title="bbox 258 1209 842 1233; baseline -0.002 0"><span class='ocrx_word' id='word_1_155' title='bbox 258 1210 353 1233; x_wconf 71' lang='lat' dir='ltr'>Scleolia</span> <span class='ocrx_word' id='word_1_156' title='bbox 371 1212 393 1233; x_wconf 79' lang='lat' dir='ltr'>et</span> <span class='ocrx_word' id='word_1_157' title='bbox 409 1212 478 1233; x_wconf 74' lang='lat' dir='ltr'>nolae</span> <span class='ocrx_word' id='word_1_158' title='bbox 495 1209 520 1233; x_wconf 71' lang='lat' dir='ltr'>in</span> <span class='ocrx_word' id='word_1_159' title='bbox 538 1210 597 1233; x_wconf 80' lang='lat' dir='ltr'>libro</span> <span class='ocrx_word' id='word_1_160' title='bbox 616 1210 645 1233; x_wconf 89' lang='grc' dir='ltr'>ΙΙ.</span> <span class='ocrx_word' id='word_1_161' title='bbox 664 1209 842 1233; x_wconf 69' lang='lat' dir='ltr'>Commentm-afi.</span> 
     </span>
    </p>
   </div>
   <div class='ocr_carea' id='block_1_11' title="bbox 199 1288 976 1546">
    <p class='ocr_par' dir='ltr' id='par_1_24' title="bbox 202 1288 975 1388">
     <span class='ocr_line' id='line_1_31' title="bbox 202 1288 975 1317; baseline 0.001 -8"><span class='ocrx_word' id='word_1_162' title='bbox 202 1289 226 1310; x_wconf 82' lang='lat'>18</span> <span class='ocrx_word' id='word_1_163' title='bbox 236 1294 294 1317; x_wconf 76' lang='lat' dir='ltr'>seq.</span> <span class='ocrx_word' id='word_1_164' title='bbox 311 1289 405 1311; x_wconf 81' lang='lat' dir='ltr'>Eri-ores</span> <span class='ocrx_word' id='word_1_165' title='bbox 421 1292 521 1317; x_wconf 80' lang='lat' dir='ltr'>quatuor</span> <span class='ocrx_word' id='word_1_166' title='bbox 538 1289 596 1311; x_wconf 86' lang='lat' dir='ltr'>circa</span> <span class='ocrx_word' id='word_1_167' title='bbox 615 1288 791 1316; x_wconf 85' lang='lat' dir='ltr'>productionem</span> <span class='ocrx_word' id='word_1_168' title='bbox 806 1294 884 1310; x_wconf 85' lang='lat' dir='ltr'>rerum</span> <span class='ocrx_word' id='word_1_169' title='bbox 897 1294 975 1310; x_wconf 87' lang='lat' dir='ltr'>recen-</span> 
     </span>
     <span class='ocr_line' id='line_1_32' title="bbox 251 1327 975 1357; baseline 0 -8"><span class='ocrx_word' id='word_1_170' title='bbox 251 1330 337 1354; x_wconf 82' lang='lat' dir='ltr'>sentur,</span> <span class='ocrx_word' id='word_1_171' title='bbox 355 1331 376 1350; x_wconf 88' lang='lat' dir='ltr'>et</span> <span class='ocrx_word' id='word_1_172' title='bbox 393 1334 475 1350; x_wconf 80' lang='lat' dir='ltr'>sensus</span> <span class='ocrx_word' id='word_1_173' title='bbox 492 1328 642 1350; x_wconf 89' lang='lat' dir='ltr'>terminorum</span> <span class='ocrx_word' id='word_1_174' title='bbox 660 1329 729 1351; x_wconf 78' lang='lat' dir='ltr'>(ictus</span> <span class='ocrx_word' id='word_1_175' title='bbox 747 1331 767 1350; x_wconf 89' lang='lat' dir='ltr'>et</span> <span class='ocrx_word' id='word_1_176' title='bbox 786 1327 889 1357; x_wconf 73' lang='lat' dir='ltr'>potentia</span> <span class='ocrx_word' id='word_1_177' title='bbox 908 1328 975 1355; x_wconf 84' lang='lat' dir='ltr'>expli-</span> 
     </span>
     <span class='ocr_line' id='line_1_33' title="bbox 253 1370 324 1388; baseline 0 0"><span class='ocrx_word' id='word_1_178' title='bbox 253 1370 324 1388; x_wconf 84' lang='lat' dir='ltr'>catur.</span> 
     </span>
    </p>

    <p class='ocr_par' dir='ltr' id='par_1_25' title="bbox 199 1405 877 1432">
     <span class='ocr_line' id='line_1_34' title="bbox 199 1405 877 1432; baseline 0 -5"><span class='ocrx_word' id='word_1_179' title='bbox 199 1406 236 1432; x_wconf 82' lang='grc'>20,</span> <span class='ocrx_word' id='word_1_180' title='bbox 254 1409 305 1428; x_wconf 86' lang='lat' dir='ltr'>nota</span> <span class='ocrx_word' id='word_1_181' title='bbox 323 1406 345 1428; x_wconf 88' lang='lat'>6.</span> <span class='ocrx_word' id='word_1_182' title='bbox 363 1405 561 1428; x_wconf 86' lang='lat' dir='ltr'>Commentatores</span> <span class='ocrx_word' id='word_1_183' title='bbox 578 1406 704 1429; x_wconf 84' lang='lat' dir='ltr'>Aristotelis</span> <span class='ocrx_word' id='word_1_184' title='bbox 721 1409 877 1428; x_wconf 80' lang='lat' dir='ltr'>recensentur.</span> 
     </span>
    </p>

    <p class='ocr_par' dir='ltr' id='par_1_26' title="bbox 199 1444 976 1474">
     <span class='ocr_line' id='line_1_35' title="bbox 199 1444 976 1474; baseline -0.001 -7"><span class='ocrx_word' id='word_1_185' title='bbox 199 1445 236 1467; x_wconf 72' lang='grc'>24.</span> <span class='ocrx_word' id='word_1_186' title='bbox 253 1444 422 1474; x_wconf 72' lang='lat' dir='ltr'>Controversia,</span> <span class='ocrx_word' id='word_1_187' title='bbox 436 1448 512 1467; x_wconf 87' lang='lat' dir='ltr'>utrum</span> <span class='ocrx_word' id='word_1_188' title='bbox 525 1445 627 1468; x_wconf 87' lang='lat' dir='ltr'>mundus</span> <span class='ocrx_word' id='word_1_189' title='bbox 640 1445 736 1473; x_wconf 83' lang='lat' dir='ltr'>produci</span> <span class='ocrx_word' id='word_1_190' title='bbox 750 1446 822 1473; x_wconf 80' lang='lat' dir='ltr'>possit</span> <span class='ocrx_word' id='word_1_191' title='bbox 833 1445 862 1467; x_wconf 86' lang='lat' dir='ltr'>ab</span> <span class='ocrx_word' id='word_1_192' title='bbox 875 1447 976 1467; x_wconf 86' lang='lat' dir='ltr'>aeterno.</span> 
     </span>
    </p>

    <p class='ocr_par' dir='ltr' id='par_1_27' title="bbox 199 1484 976 1546">
     <span class='ocr_line' id='line_1_36' title="bbox 199 1484 976 1513; baseline 0 -7"><span class='ocrx_word' id='word_1_193' title='bbox 199 1485 236 1507; x_wconf 88' lang='lat'>30.</span> <span class='ocrx_word' id='word_1_194' title='bbox 255 1485 287 1507; x_wconf 86' lang='lat' dir='ltr'>De</span> <span class='ocrx_word' id='word_1_195' title='bbox 304 1485 405 1507; x_wconf 87' lang='lat' dir='ltr'>articulis</span> <span class='ocrx_word' id='word_1_196' title='bbox 423 1485 588 1513; x_wconf 87' lang='lat' dir='ltr'>philosophicis</span> <span class='ocrx_word' id='word_1_197' title='bbox 603 1485 762 1507; x_wconf 85' lang='lat' dir='ltr'>condemnatis</span> <span class='ocrx_word' id='word_1_198' title='bbox 774 1484 803 1506; x_wconf 87' lang='lat' dir='ltr'>ab</span> <span class='ocrx_word' id='word_1_199' title='bbox 815 1484 926 1512; x_wconf 85' lang='lat' dir='ltr'>episcopo</span> <span class='ocrx_word' id='word_1_200' title='bbox 939 1484 976 1506; x_wconf 84' lang='lat' dir='ltr'>Pa-</span> 
     </span>
     <span class='ocr_line' id='line_1_37' title="bbox 254 1524 602 1546; baseline 0.003 -1"><span class='ocrx_word' id='word_1_201' title='bbox 254 1524 342 1546; x_wconf 85' lang='lat' dir='ltr'>risiensi</span> <span class='ocrx_word' id='word_1_202' title='bbox 361 1529 397 1545; x_wconf 88' lang='lat' dir='ltr'>an.</span> <span class='ocrx_word' id='word_1_203' title='bbox 417 1524 477 1546; x_wconf 62' lang='grc'>11240</span> <span class='ocrx_word' id='word_1_204' title='bbox 495 1527 516 1546; x_wconf 91' lang='lat' dir='ltr'>et</span> <span class='ocrx_word' id='word_1_205' title='bbox 534 1524 602 1546; x_wconf 50' lang='lat'>11270.</span> 
     </span>
    </p>
   </div>
   <div class='ocr_carea' id='block_1_12' title="bbox 199 1562 1008 1594">
    <p class='ocr_par' dir='ltr' id='par_1_28' title="bbox 199 1562 1008 1594">
     <span class='ocr_line' id='line_1_38' title="bbox 199 1562 1008 1594; baseline -0.002 -9"><span class='ocrx_word' id='word_1_206' title='bbox 199 1563 227 1585; x_wconf 84' lang='lat'>33</span> <span class='ocrx_word' id='word_1_207' title='bbox 246 1566 267 1585; x_wconf 90' lang='lat' dir='ltr'>et</span> <span class='ocrx_word' id='word_1_208' title='bbox 285 1563 314 1586; x_wconf 80' lang='lat'>35</span> <span class='ocrx_word' id='word_1_209' title='bbox 331 1569 379 1591; x_wconf 85' lang='lat' dir='ltr'>seq.</span> <span class='ocrx_word' id='word_1_210' title='bbox 395 1562 484 1586; x_wconf 83' lang='lat' dir='ltr'>Creatio</span> <span class='ocrx_word' id='word_1_211' title='bbox 503 1563 575 1585; x_wconf 83' lang='lat' dir='ltr'>activa</span> <span class='ocrx_word' id='word_1_212' title='bbox 589 1566 611 1585; x_wconf 78' lang='lat' dir='ltr'>et.</span> <span class='ocrx_word' id='word_1_213' title='bbox 622 1563 713 1591; x_wconf 85' lang='lat' dir='ltr'>passiva</span> <span class='ocrx_word' id='word_1_214' title='bbox 727 1563 852 1591; x_wconf 75' lang='lat' dir='ltr'>explicatur</span> <span class='ocrx_word' id='word_1_215' title='bbox 863 1565 886 1585; x_wconf 85' lang='lat' dir='ltr'>et</span> <span class='ocrx_word' id='word_1_216' title='bbox 897 1563 977 1584; x_wconf 86' lang='lat' dir='ltr'>haere·</span> <span class='ocrx_word' id='word_1_217' title='bbox 1007 1587 1008 1594; x_wconf 22' lang='lat'>¹</span> 
     </span>
    </p>
   </div>
   <div class='ocr_carea' id='block_1_13' title="bbox 199 1601 978 2213">
    <p class='ocr_par' dir='ltr' id='par_1_29' title="bbox 254 1601 729 1624">
     <span class='ocr_line' id='line_1_39' title="bbox 254 1601 729 1624; baseline 0 0"><span class='ocrx_word' id='word_1_218' title='bbox 254 1601 285 1624; x_wconf 84' lang='lat' dir='ltr'>sis</span> <span class='ocrx_word' id='word_1_219' title='bbox 302 1602 410 1624; x_wconf 81' lang='lat' dir='ltr'>AlmarIci</span> <span class='ocrx_word' id='word_1_220' title='bbox 426 1605 449 1624; x_wconf 87' lang='lat' dir='ltr'>et</span> <span class='ocrx_word' id='word_1_221' title='bbox 465 1602 560 1624; x_wconf 80' lang='lat' dir='ltr'>Davidis</span> <span class='ocrx_word' id='word_1_222' title='bbox 578 1602 607 1624; x_wconf 81' lang='lat' dir='ltr'>de</span> <span class='ocrx_word' id='word_1_223' title='bbox 624 1603 729 1624; x_wconf 88' lang='lat' dir='ltr'>Dinanto.</span> 
     </span>
    </p>

    <p class='ocr_par' dir='ltr' id='par_1_30' title="bbox 200 1640 977 1703">
     <span class='ocr_line' id='line_1_40' title="bbox 200 1640 977 1670; baseline -0.001 -7"><span class='ocrx_word' id='word_1_224' title='bbox 200 1641 237 1668; x_wconf 85' lang='lat'>37,</span> <span class='ocrx_word' id='word_1_225' title='bbox 254 1644 306 1663; x_wconf 90' lang='lat' dir='ltr'>nota</span> <span class='ocrx_word' id='word_1_226' title='bbox 327 1642 360 1663; x_wconf 97' lang='grc'>10.</span> <span class='ocrx_word' id='word_1_227' title='bbox 373 1641 404 1663; x_wconf 87' lang='lat' dir='ltr'>De</span> <span class='ocrx_word' id='word_1_228' title='bbox 423 1641 515 1663; x_wconf 84' lang='lat' dir='ltr'>duobus</span> <span class='ocrx_word' id='word_1_229' title='bbox 532 1641 631 1670; x_wconf 84' lang='lat' dir='ltr'>antiquis</span> <span class='ocrx_word' id='word_1_230' title='bbox 649 1641 797 1664; x_wconf 76' lang='lat' dir='ltr'>versionibus</span> <span class='ocrx_word' id='word_1_231' title='bbox 809 1640 977 1669; x_wconf 80' lang='lat' dir='ltr'>Metapbysicae</span> 
     </span>
     <span class='ocr_line' id='line_1_41' title="bbox 254 1681 390 1703; baseline 0 -1"><span class='ocrx_word' id='word_1_232' title='bbox 254 1681 390 1703; x_wconf 77' lang='lat' dir='ltr'>Aristotelis.</span> 
     </span>
    </p>

    <p class='ocr_par' dir='ltr' id='par_1_31' title="bbox 200 1719 666 1747">
     <span class='ocr_line' id='line_1_42' title="bbox 200 1719 666 1747; baseline -0.002 -5"><span class='ocrx_word' id='word_1_233' title='bbox 200 1719 238 1742; x_wconf 84' lang='lat'>45.</span> <span class='ocrx_word' id='word_1_234' title='bbox 255 1719 320 1742; x_wconf 63' lang='lat' dir='ltr'>Fini.»-</span> <span class='ocrx_word' id='word_1_235' title='bbox 338 1719 488 1747; x_wconf 78' lang='lat' dir='ltr'>distinguitur</span> <span class='ocrx_word' id='word_1_236' title='bbox 505 1720 666 1747; x_wconf 83' lang='lat' dir='ltr'>multipliciter.</span> 
     </span>
    </p>

    <p class='ocr_par' dir='ltr' id='par_1_32' title="bbox 201 1757 978 1865">
     <span class='ocr_line' id='line_1_43' title="bbox 201 1757 978 1788; baseline -0.001 -7"><span class='ocrx_word' id='word_1_237' title='bbox 201 1758 230 1780; x_wconf 83' lang='grc'>57</span> <span class='ocrx_word' id='word_1_238' title='bbox 248 1765 297 1787; x_wconf 83' lang='lat' dir='ltr'>seq.</span> <span class='ocrx_word' id='word_1_239' title='bbox 314 1761 336 1781; x_wconf 86' lang='lat' dir='ltr'>et</span> <span class='ocrx_word' id='word_1_240' title='bbox 354 1759 385 1780; x_wconf 89' lang='grc'>60</span> <span class='ocrx_word' id='word_1_241' title='bbox 400 1765 450 1787; x_wconf 85' lang='lat' dir='ltr'>seq.</span> <span class='ocrx_word' id='word_1_242' title='bbox 468 1759 499 1781; x_wconf 83' lang='lat' dir='ltr'>De</span> <span class='ocrx_word' id='word_1_243' title='bbox 519 1760 637 1788; x_wconf 77' lang='lat' dir='ltr'>tempore,</span> <span class='ocrx_word' id='word_1_244' title='bbox 661 1764 718 1781; x_wconf 70' lang='lat' dir='ltr'>aevo</span> <span class='ocrx_word' id='word_1_245' title='bbox 745 1761 766 1780; x_wconf 75' lang='lat' dir='ltr'>et</span> <span class='ocrx_word' id='word_1_246' title='bbox 790 1757 928 1781; x_wconf 65' lang='lat' dir='ltr'>metm-nitate</span> <span class='ocrx_word' id='word_1_247' title='bbox 953 1760 978 1780; x_wconf 89' lang='lat' dir='ltr'>ut</span> 
     </span>
     <span class='ocr_line' id='line_1_44' title="bbox 254 1797 976 1824; baseline -0.003 -4"><span class='ocrx_word' id='word_1_248' title='bbox 254 1804 360 1820; x_wconf 86' lang='lat' dir='ltr'>mensura</span> <span class='ocrx_word' id='word_1_249' title='bbox 373 1798 505 1820; x_wconf 84' lang='lat' dir='ltr'>existentiae</span> <span class='ocrx_word' id='word_1_250' title='bbox 517 1800 538 1820; x_wconf 87' lang='lat' dir='ltr'>et</span> <span class='ocrx_word' id='word_1_251' title='bbox 550 1798 579 1820; x_wconf 90' lang='grc'>(18</span> <span class='ocrx_word' id='word_1_252' title='bbox 591 1797 724 1820; x_wconf 77' lang='lat' dir='ltr'>diversitate</span> <span class='ocrx_word' id='word_1_253' title='bbox 737 1803 898 1819; x_wconf 86' lang='lat' dir='ltr'>mensurarum</span> <span class='ocrx_word' id='word_1_254' title='bbox 911 1797 976 1824; x_wconf 88' lang='lat' dir='ltr'>plura</span> 
     </span>
     <span class='ocr_line' id='line_1_45' title="bbox 254 1837 404 1865; baseline 0 -6"><span class='ocrx_word' id='word_1_255' title='bbox 254 1837 404 1865; x_wconf 80' lang='lat' dir='ltr'>explicantur.</span> 
     </span>
    </p>

    <p class='ocr_par' dir='ltr' id='par_1_33' title="bbox 200 1876 807 1899">
     <span class='ocr_line' id='line_1_46' title="bbox 200 1876 807 1899; baseline -0.002 0"><span class='ocrx_word' id='word_1_256' title='bbox 200 1877 238 1899; x_wconf 83' lang='grc'>63.</span> <span class='ocrx_word' id='word_1_257' title='bbox 255 1877 370 1899; x_wconf 79' lang='lat' dir='ltr'>Sententia</span> <span class='ocrx_word' id='word_1_258' title='bbox 386 1877 563 1899; x_wconf 78' lang='lat' dir='ltr'>Bonaventurae</span> <span class='ocrx_word' id='word_1_259' title='bbox 579 1877 609 1899; x_wconf 86' lang='lat' dir='ltr'>de</span> <span class='ocrx_word' id='word_1_260' title='bbox 626 1883 733 1899; x_wconf 87' lang='lat' dir='ltr'>mensura</span> <span class='ocrx_word' id='word_1_261' title='bbox 750 1876 807 1899; x_wconf 68' lang='lat' dir='ltr'>(tevi⁴</span> 
     </span>
    </p>

    <p class='ocr_par' dir='ltr' id='par_1_34' title="bbox 199 1915 585 1943">
     <span class='ocr_line' id='line_1_47' title="bbox 199 1915 585 1943; baseline 0.003 -6"><span class='ocrx_word' id='word_1_262' title='bbox 199 1916 236 1937; x_wconf 85' lang='lat'>73.</span> <span class='ocrx_word' id='word_1_263' title='bbox 256 1915 308 1937; x_wconf 89' lang='lat' dir='ltr'>Tria</span> <span class='ocrx_word' id='word_1_264' title='bbox 326 1916 387 1938; x_wconf 85' lang='lat' dir='ltr'>caela</span> <span class='ocrx_word' id='word_1_265' title='bbox 406 1915 585 1943; x_wconf 83' lang='lat' dir='ltr'>distinguuntur.</span> 
     </span>
    </p>

    <p class='ocr_par' dir='ltr' id='par_1_35' title="bbox 200 1948 978 2017">
     <span class='ocr_line' id='line_1_48' title="bbox 200 1948 978 1984; baseline -0.001 -7"><span class='ocrx_word' id='word_1_266' title='bbox 200 1955 229 1977; x_wconf 92' lang='lat'>77</span> <span class='ocrx_word' id='word_1_267' title='bbox 247 1961 297 1984; x_wconf 81' lang='lat' dir='ltr'>seq.</span> <span class='ocrx_word' id='word_1_268' title='bbox 316 1955 443 1983; x_wconf 83' lang='lat' dir='ltr'>Opiniones</span> <span class='ocrx_word' id='word_1_269' title='bbox 459 1955 538 1977; x_wconf 82' lang='lat' dir='ltr'>variae</span> <span class='ocrx_word' id='word_1_270' title='bbox 555 1948 749 1977; x_wconf 75' lang='lat' dir='ltr'>scholasticorum</span> <span class='ocrx_word' id='word_1_271' title='bbox 772 1955 802 1977; x_wconf 89' lang='lat' dir='ltr'>de</span> <span class='ocrx_word' id='word_1_272' title='bbox 825 1957 888 1976; x_wconf 87' lang='lat' dir='ltr'>motu</span> <span class='ocrx_word' id='word_1_273' title='bbox 906 1955 978 1982; x_wconf 79' lang='lat' dir='ltr'>Ange-</span> 
     </span>
     <span class='ocr_line' id='line_1_49' title="bbox 254 1995 337 2017; baseline 0 0"><span class='ocrx_word' id='word_1_274' title='bbox 254 1995 337 2017; x_wconf 90' lang='lat' dir='ltr'>lorum.</span> 
     </span>
    </p>

    <p class='ocr_par' dir='ltr' id='par_1_36' title="bbox 201 2033 978 2134">
     <span class='ocr_line' id='line_1_50' title="bbox 201 2033 978 2061; baseline -0.001 -5"><span class='ocrx_word' id='word_1_275' title='bbox 201 2034 280 2056; x_wconf 74' lang='lat'>92-94.</span> <span class='ocrx_word' id='word_1_276' title='bbox 299 2034 363 2056; x_wconf 85' lang='lat' dir='ltr'>Plura</span> <span class='ocrx_word' id='word_1_277' title='bbox 385 2034 413 2056; x_wconf 82' lang='lat' dir='ltr'>cle</span> <span class='ocrx_word' id='word_1_278' title='bbox 439 2034 532 2056; x_wconf 87' lang='lat' dir='ltr'>materia</span> <span class='ocrx_word' id='word_1_279' title='bbox 558 2037 580 2056; x_wconf 88' lang='lat' dir='ltr'>et</span> <span class='ocrx_word' id='word_1_280' title='bbox 606 2035 693 2060; x_wconf 78' lang='lat' dir='ltr'>torma,</span> <span class='ocrx_word' id='word_1_281' title='bbox 714 2037 736 2056; x_wconf 86' lang='lat' dir='ltr'>et</span> <span class='ocrx_word' id='word_1_282' title='bbox 754 2036 831 2056; x_wconf 86' lang='lat' dir='ltr'>utrum</span> <span class='ocrx_word' id='word_1_283' title='bbox 853 2033 933 2061; x_wconf 77' lang='lat' dir='ltr'>Angeli</span> <span class='ocrx_word' id='word_1_284' title='bbox 956 2035 978 2055; x_wconf 92' lang='lat' dir='ltr'>et</span> 
     </span>
     <span class='ocr_line' id='line_1_51' title="bbox 255 2072 978 2101; baseline -0.001 -6"><span class='ocrx_word' id='word_1_285' title='bbox 255 2073 346 2096; x_wconf 86' lang='lat' dir='ltr'>animae</span> <span class='ocrx_word' id='word_1_286' title='bbox 369 2075 484 2096; x_wconf 79' lang='lat' dir='ltr'>humanae</span> <span class='ocrx_word' id='word_1_287' title='bbox 510 2073 657 2101; x_wconf 63' lang='lat' dir='ltr'>compositae&gt;</span> <span class='ocrx_word' id='word_1_288' title='bbox 675 2073 720 2095; x_wconf 84' lang='lat' dir='ltr'>sint</span> <span class='ocrx_word' id='word_1_289' title='bbox 741 2079 767 2095; x_wconf 83' lang='lat' dir='ltr'>ex</span> <span class='ocrx_word' id='word_1_290' title='bbox 790 2073 892 2101; x_wconf 82' lang='lat' dir='ltr'>quadam</span> <span class='ocrx_word' id='word_1_291' title='bbox 914 2072 978 2100; x_wconf 88' lang='lat' dir='ltr'>spiri-</span> 
     </span>
     <span class='ocr_line' id='line_1_52' title="bbox 255 2113 564 2134; baseline 0 0"><span class='ocrx_word' id='word_1_292' title='bbox 255 2113 308 2134; x_wconf 89' lang='lat' dir='ltr'>tuali</span> <span class='ocrx_word' id='word_1_293' title='bbox 328 2113 421 2134; x_wconf 90' lang='lat' dir='ltr'>materia</span> <span class='ocrx_word' id='word_1_294' title='bbox 440 2115 462 2134; x_wconf 88' lang='lat' dir='ltr'>et</span> <span class='ocrx_word' id='word_1_295' title='bbox 479 2113 564 2134; x_wconf 79' lang='lat' dir='ltr'>forma.</span> 
     </span>
    </p>

    <p class='ocr_par' dir='ltr' id='par_1_37' title="bbox 201 2151 978 2213">
     <span class='ocr_line' id='line_1_53' title="bbox 201 2151 978 2181; baseline -0.001 -7"><span class='ocrx_word' id='word_1_296' title='bbox 201 2152 253 2174; x_wconf 77' lang='lat' dir='ltr'>lot.</span> <span class='ocrx_word' id='word_1_297' title='bbox 272 2152 364 2174; x_wconf 80' lang='lat' dir='ltr'>Ponitur</span> <span class='ocrx_word' id='word_1_298' title='bbox 382 2152 404 2174; x_wconf 84' lang='lat' dir='ltr'>in</span> <span class='ocrx_word' id='word_1_299' title='bbox 421 2152 509 2174; x_wconf 88' lang='lat' dir='ltr'>scholio</span> <span class='ocrx_word' id='word_1_300' title='bbox 524 2152 645 2181; x_wconf 84' lang='lat' dir='ltr'>quoddam</span> <span class='ocrx_word' id='word_1_301' title='bbox 662 2152 845 2174; x_wconf 87' lang='lat' dir='ltr'>additamentum</span> <span class='ocrx_word' id='word_1_302' title='bbox 866 2151 978 2174; x_wconf 87' lang='lat' dir='ltr'>ineditum</span> 
     </span>
     <span class='ocr_line' id='line_1_54' title="bbox 256 2191 402 2213; baseline 0 0"><span class='ocrx_word' id='word_1_303' title='bbox 256 2195 277 2213; x_wconf 89' lang='lat' dir='ltr'>et</span> <span class='ocrx_word' id='word_1_304' title='bbox 294 2191 402 2213; x_wconf 88' lang='lat' dir='ltr'>dubium.</span> 
     </span>
    </p>
   </div>
   <div class='ocr_carea' id='block_1_14' title="bbox 202 2230 1011 2258">
    <p class='ocr_par' dir='ltr' id='par_1_38' title="bbox 202 2230 1011 2258">
     <span class='ocr_line' id='line_1_55' title="bbox 202 2230 1011 2258; baseline -0.001 -5"><span class='ocrx_word' id='word_1_305' title='bbox 202 2230 254 2253; x_wconf 62' lang='grc'>1104.</span> <span class='ocrx_word' id='word_1_306' title='bbox 272 2230 446 2257; x_wconf 75' lang='lat' dir='ltr'>Controversia,</span> <span class='ocrx_word' id='word_1_307' title='bbox 463 2233 540 2253; x_wconf 86' lang='lat' dir='ltr'>utrum</span> <span class='ocrx_word' id='word_1_308' title='bbox 552 2236 634 2252; x_wconf 87' lang='lat' dir='ltr'>omnes</span> <span class='ocrx_word' id='word_1_309' title='bbox 646 2230 726 2258; x_wconf 82' lang='lat' dir='ltr'>Angeli</span> <span class='ocrx_word' id='word_1_310' title='bbox 739 2230 784 2252; x_wconf 85' lang='lat' dir='ltr'>siut</span> <span class='ocrx_word' id='word_1_311' title='bbox 795 2230 817 2252; x_wconf 94' lang='lat' dir='ltr'>in</span> <span class='ocrx_word' id='word_1_312' title='bbox 830 2230 912 2252; x_wconf 84' lang='lat' dir='ltr'>eadem</span> <span class='ocrx_word' id='word_1_313' title='bbox 927 2236 977 2257; x_wconf 61' lang='lat' dir='ltr'>spe&lt;</span> <span class='ocrx_word' id='word_1_314' title='bbox 1010 2231 1011 2238; x_wconf 65' lang='lat'>³</span> 
     </span>
    </p>
   </div>
   <div class='ocr_carea' id='block_1_15' title="bbox 202 2270 899 2375">
    <p class='ocr_par' dir='ltr' id='par_1_39' title="bbox 202 2270 899 2375">
     <span class='ocr_line' id='line_1_56' title="bbox 256 2270 453 2297; baseline 0 -6"><span class='ocrx_word' id='word_1_315' title='bbox 256 2270 303 2296; x_wconf 86' lang='lat' dir='ltr'>cie,</span> <span class='ocrx_word' id='word_1_316' title='bbox 320 2270 453 2297; x_wconf 85' lang='lat' dir='ltr'>explicatur.</span> 
     </span>
     <span class='ocr_line' id='line_1_57' title="bbox 202 2308 710 2337; baseline 0 -7"><span class='ocrx_word' id='word_1_317' title='bbox 202 2309 210 2330; x_wconf 85' lang='lat' dir='ltr'>¹i</span> <span class='ocrx_word' id='word_1_318' title='bbox 218 2309 246 2330; x_wconf 82' lang='lat'>07</span> <span class='ocrx_word' id='word_1_319' title='bbox 264 2315 313 2337; x_wconf 83' lang='lat' dir='ltr'>seq.</span> <span class='ocrx_word' id='word_1_320' title='bbox 331 2309 363 2331; x_wconf 89' lang='lat' dir='ltr'>De</span> <span class='ocrx_word' id='word_1_321' title='bbox 380 2309 494 2336; x_wconf 77' lang='lat' dir='ltr'>principio</span> <span class='ocrx_word' id='word_1_322' title='bbox 512 2308 710 2336; x_wconf 83' lang='lat' dir='ltr'>individuationis.</span> 
     </span>
     <span class='ocr_line' id='line_1_58' title="bbox 203 2348 899 2375; baseline 0.001 -6"><span class='ocrx_word' id='word_1_323' title='bbox 203 2348 256 2369; x_wconf 85' lang='grc'>117.</span> <span class='ocrx_word' id='word_1_324' title='bbox 272 2348 353 2370; x_wconf 83' lang='lat' dir='ltr'>Utrum</span> <span class='ocrx_word' id='word_1_325' title='bbox 372 2348 473 2375; x_wconf 79' lang='lat' dir='ltr'>Angelus</span> <span class='ocrx_word' id='word_1_326' title='bbox 490 2348 512 2370; x_wconf 88' lang='lat' dir='ltr'>in</span> <span class='ocrx_word' id='word_1_327' title='bbox 530 2348 606 2375; x_wconf 90' lang='lat' dir='ltr'>primo</span> <span class='ocrx_word' id='word_1_328' title='bbox 624 2348 715 2370; x_wconf 84' lang='lat' dir='ltr'>instanti</span> <span class='ocrx_word' id='word_1_329' title='bbox 733 2348 800 2370; x_wconf 79' lang='lat' dir='ltr'>fuerit</span> <span class='ocrx_word' id='word_1_330' title='bbox 817 2348 899 2370; x_wconf 79' lang='lat' dir='ltr'>malus.</span> 
     </span>
    </p>
   </div>
   <div class='ocr_carea' id='block_1_16' title="bbox 207 2387 1013 2418">
    <p class='ocr_par' dir='ltr' id='par_1_40' title="bbox 207 2387 1013 2418">
     <span class='ocr_line' id='line_1_59' title="bbox 207 2387 1013 2418; baseline 0.001 -9"><span class='ocrx_word' id='word_1_331' title='bbox 207 2388 255 2409; x_wconf 88' lang='grc'>121.</span> <span class='ocrx_word' id='word_1_332' title='bbox 274 2387 394 2415; x_wconf 82' lang='lat' dir='ltr'>Quaestio,</span> <span class='ocrx_word' id='word_1_333' title='bbox 412 2387 531 2415; x_wconf 83' lang='lat' dir='ltr'>quomodo</span> <span class='ocrx_word' id='word_1_334' title='bbox 549 2387 650 2415; x_wconf 79' lang='lat' dir='ltr'>Angelus</span> <span class='ocrx_word' id='word_1_335' title='bbox 671 2387 795 2415; x_wconf 81' lang='lat' dir='ltr'>singularia</span> <span class='ocrx_word' id='word_1_336' title='bbox 818 2390 881 2410; x_wconf 83' lang='lat' dir='ltr'>extra</span> <span class='ocrx_word' id='word_1_337' title='bbox 902 2387 979 2416; x_wconf 86' lang='lat' dir='ltr'>ipsum</span> <span class='ocrx_word' id='word_1_338' title='bbox 1011 2387 1013 2418; x_wconf 50' lang='grc' dir='ltr'>ᾗ</span> 
     </span>
    </p>
   </div>
   <div class='ocr_carea' id='block_1_17' title="bbox 257 2427 693 2454">
    <p class='ocr_par' dir='ltr' id='par_1_41' title="bbox 257 2427 693 2454">
     <span class='ocr_line' id='line_1_60' title="bbox 257 2427 693 2454; baseline 0.002 -6"><span class='ocrx_word' id='word_1_339' title='bbox 257 2430 394 2454; x_wconf 83' lang='lat' dir='ltr'>cognoscat,</span> <span class='ocrx_word' id='word_1_340' title='bbox 413 2427 571 2449; x_wconf 80' lang='lat' dir='ltr'>diversimode</span> <span class='ocrx_word' id='word_1_341' title='bbox 587 2427 693 2449; x_wconf 83' lang='lat' dir='ltr'>solvitur.</span> 
     </span>
    </p>
   </div>
   <div class='ocr_carea' id='block_1_18' title="bbox 208 2457 1013 2494">
    <p class='ocr_par' dir='ltr' id='par_1_42' title="bbox 208 2457 1013 2494">
     <span class='ocr_line' id='line_1_61' title="bbox 208 2457 1013 2494; baseline 0.001 -7"><span class='ocrx_word' id='word_1_342' title='bbox 208 2465 249 2488; x_wconf 82' lang='grc'>134</span> <span class='ocrx_word' id='word_1_343' title='bbox 266 2472 316 2494; x_wconf 74' lang='lat' dir='ltr'>seq.</span> <span class='ocrx_word' id='word_1_344' title='bbox 334 2465 463 2488; x_wconf 79' lang='lat' dir='ltr'>Sententiae</span> <span class='ocrx_word' id='word_1_345' title='bbox 480 2466 601 2494; x_wconf 83' lang='lat' dir='ltr'>oppositae</span> <span class='ocrx_word' id='word_1_346' title='bbox 618 2467 793 2494; x_wconf 75' lang='lat' dir='ltr'>theologorum,</span> <span class='ocrx_word' id='word_1_347' title='bbox 809 2469 886 2489; x_wconf 89' lang='lat' dir='ltr'>utrum</span> <span class='ocrx_word' id='word_1_348' title='bbox 898 2466 980 2494; x_wconf 81' lang='lat' dir='ltr'>Angeli</span> <span class='ocrx_word' id='word_1_349' title='bbox 1012 2457 1013 2461; x_wconf 18' lang='grc' dir='ltr'><strong>Ἰ</strong></span> 
     </span>
    </p>
   </div>
   <div class='ocr_carea' id='block_1_19' title="bbox 207 2504 984 3044">
    <p class='ocr_par' dir='ltr' id='par_1_43' title="bbox 257 2504 939 2533">
     <span class='ocr_line' id='line_1_62' title="bbox 257 2504 939 2533; baseline 0.003 -7"><span class='ocrx_word' id='word_1_350' title='bbox 257 2511 269 2527; x_wconf 84' lang='lat' dir='ltr'>a</span> <span class='ocrx_word' id='word_1_351' title='bbox 289 2505 365 2532; x_wconf 85' lang='lat' dir='ltr'>primo</span> <span class='ocrx_word' id='word_1_352' title='bbox 382 2504 479 2527; x_wconf 81' lang='lat' dir='ltr'>instante</span> <span class='ocrx_word' id='word_1_353' title='bbox 496 2505 618 2527; x_wconf 80' lang='lat' dir='ltr'>habuerint</span> <span class='ocrx_word' id='word_1_354' title='bbox 635 2505 732 2533; x_wconf 80' lang='lat' dir='ltr'>gratiam</span> <span class='ocrx_word' id='word_1_355' title='bbox 750 2506 939 2528; x_wconf 79' lang='lat' dir='ltr'>sanctificantem.</span> 
     </span>
    </p>

    <p class='ocr_par' dir='ltr' id='par_1_44' title="bbox 207 2543 862 2573">
     <span class='ocr_line' id='line_1_63' title="bbox 207 2543 862 2573; baseline 0.003 -8"><span class='ocrx_word' id='word_1_356' title='bbox 207 2544 256 2566; x_wconf 75' lang='grc'>140.</span> <span class='ocrx_word' id='word_1_357' title='bbox 274 2543 379 2571; x_wconf 84' lang='lat' dir='ltr'>Cognitio</span> <span class='ocrx_word' id='word_1_358' title='bbox 398 2544 538 2571; x_wconf 85' lang='lat' dir='ltr'>Angelorum</span> <span class='ocrx_word' id='word_1_359' title='bbox 556 2544 666 2566; x_wconf 88' lang='lat' dir='ltr'>matutina</span> <span class='ocrx_word' id='word_1_360' title='bbox 685 2548 706 2566; x_wconf 92' lang='lat' dir='ltr'>et</span> <span class='ocrx_word' id='word_1_361' title='bbox 723 2545 862 2573; x_wconf 79' lang='lat' dir='ltr'>vespertina.</span> 
     </span>
    </p>

    <p class='ocr_par' dir='ltr' id='par_1_45' title="bbox 208 2583 634 2611">
     <span class='ocr_line' id='line_1_64' title="bbox 208 2583 634 2611; baseline 0.002 -6"><span class='ocrx_word' id='word_1_362' title='bbox 208 2583 249 2605; x_wconf 81' lang='lat'>147</span> <span class='ocrx_word' id='word_1_363' title='bbox 268 2587 290 2605; x_wconf 89' lang='lat' dir='ltr'>et</span> <span class='ocrx_word' id='word_1_364' title='bbox 311 2584 360 2605; x_wconf 82' lang='lat'>150.</span> <span class='ocrx_word' id='word_1_365' title='bbox 378 2583 410 2605; x_wconf 91' lang='lat' dir='ltr'>De</span> <span class='ocrx_word' id='word_1_366' title='bbox 427 2586 521 2611; x_wconf 85' lang='lat' dir='ltr'>peccato</span> <span class='ocrx_word' id='word_1_367' title='bbox 538 2584 634 2606; x_wconf 81' lang='lat' dir='ltr'>luciferi.</span> 
     </span>
    </p>

    <p class='ocr_par' dir='ltr' id='par_1_46' title="bbox 208 2622 982 2690">
     <span class='ocr_line' id='line_1_65' title="bbox 208 2622 982 2646; baseline 0.003 -2"><span class='ocrx_word' id='word_1_368' title='bbox 208 2623 257 2644; x_wconf 77' lang='grc'>156.</span> <span class='ocrx_word' id='word_1_369' title='bbox 274 2622 408 2644; x_wconf 83' lang='lat' dir='ltr'>Det&#39;enditur</span> <span class='ocrx_word' id='word_1_370' title='bbox 425 2622 527 2645; x_wconf 89' lang='lat' dir='ltr'>doctriua</span> <span class='ocrx_word' id='word_1_371' title='bbox 544 2623 720 2646; x_wconf 67' lang='lat' dir='ltr'>Bonaventurae</span> <span class='ocrx_word' id='word_1_372' title='bbox 732 2623 761 2646; x_wconf 90' lang='lat' dir='ltr'>de</span> <span class='ocrx_word' id='word_1_373' title='bbox 773 2623 925 2646; x_wconf 83' lang='lat' dir='ltr'>conversione</span> <span class='ocrx_word' id='word_1_374' title='bbox 936 2624 982 2646; x_wconf 79' lang='lat' dir='ltr'>An-</span> 
     </span>
     <span class='ocr_line' id='line_1_66' title="bbox 259 2661 510 2690; baseline 0.004 -7"><span class='ocrx_word' id='word_1_375' title='bbox 259 2662 363 2690; x_wconf 76' lang='lat' dir='ltr'>gelorum</span> <span class='ocrx_word' id='word_1_376' title='bbox 381 2661 408 2684; x_wconf 80' lang='lat' dir='ltr'>ad</span> <span class='ocrx_word' id='word_1_377' title='bbox 428 2662 510 2684; x_wconf 85' lang='lat' dir='ltr'>Deum.</span> 
     </span>
    </p>

    <p class='ocr_par' dir='ltr' id='par_1_47' title="bbox 208 2701 982 2763">
     <span class='ocr_line' id='line_1_67' title="bbox 208 2701 982 2728; baseline 0.001 -5"><span class='ocrx_word' id='word_1_378' title='bbox 208 2702 257 2723; x_wconf 88' lang='grc'><strong>177.</strong></span> <span class='ocrx_word' id='word_1_379' title='bbox 281 2701 408 2728; x_wconf 86' lang='lat' dir='ltr'>Opiniones</span> <span class='ocrx_word' id='word_1_380' title='bbox 432 2701 625 2724; x_wconf 74' lang='lat' dir='ltr'>scholasticorum</span> <span class='ocrx_word' id='word_1_381' title='bbox 650 2702 680 2724; x_wconf 90' lang='lat' dir='ltr'>de</span> <span class='ocrx_word' id='word_1_382' title='bbox 704 2701 797 2725; x_wconf 75' lang='lat' dir='ltr'>ratione</span> <span class='ocrx_word' id='word_1_383' title='bbox 822 2701 982 2725; x_wconf 78' lang='lat' dir='ltr'>obstinationis</span> 
     </span>
     <span class='ocr_line' id='line_1_68' title="bbox 259 2741 409 2763; baseline -0.007 0"><span class='ocrx_word' id='word_1_384' title='bbox 259 2741 409 2763; x_wconf 81' lang='lat' dir='ltr'>daemonum.</span> 
     </span>
    </p>

    <p class='ocr_par' dir='ltr' id='par_1_48' title="bbox 209 2779 982 2846">
     <span class='ocr_line' id='line_1_69' title="bbox 209 2779 982 2808; baseline 0.003 -7"><span class='ocrx_word' id='word_1_385' title='bbox 209 2780 258 2801; x_wconf 77' lang='grc'>183.</span> <span class='ocrx_word' id='word_1_386' title='bbox 276 2779 401 2807; x_wconf 86' lang='lat' dir='ltr'>Opiniones</span> <span class='ocrx_word' id='word_1_387' title='bbox 424 2779 453 2802; x_wconf 89' lang='lat' dir='ltr'>de</span> <span class='ocrx_word' id='word_1_388' title='bbox 475 2780 651 2802; x_wconf 79' lang='lat' dir='ltr'>confirmatione</span> <span class='ocrx_word' id='word_1_389' title='bbox 666 2781 808 2808; x_wconf 79' lang='lat' dir='ltr'>Angelorum</span> <span class='ocrx_word' id='word_1_390' title='bbox 826 2780 941 2803; x_wconf 86' lang='lat' dir='ltr'>bonorum</span> <span class='ocrx_word' id='word_1_391' title='bbox 960 2781 982 2802; x_wconf 93' lang='grc'>10</span> 
     </span>
     <span class='ocr_line' id='line_1_70' title="bbox 260 2819 341 2846; baseline 0 -5"><span class='ocrx_word' id='word_1_392' title='bbox 260 2819 341 2846; x_wconf 81' lang='lat' dir='ltr'>gratia.</span> 
     </span>
    </p>

    <p class='ocr_par' dir='ltr' id='par_1_49' title="bbox 209 2858 982 2925">
     <span class='ocr_line' id='line_1_71' title="bbox 209 2858 982 2887; baseline 0 -7"><span class='ocrx_word' id='word_1_393' title='bbox 209 2859 259 2880; x_wconf 77' lang='lat'>186.</span> <span class='ocrx_word' id='word_1_394' title='bbox 277 2858 405 2886; x_wconf 84' lang='lat' dir='ltr'>Explicatur</span> <span class='ocrx_word' id='word_1_395' title='bbox 422 2858 517 2886; x_wconf 87' lang='lat' dir='ltr'>locutio,</span> <span class='ocrx_word' id='word_1_396' title='bbox 535 2858 598 2887; x_wconf 77' lang='lat' dir='ltr'>quod</span> <span class='ocrx_word' id='word_1_397' title='bbox 616 2858 740 2881; x_wconf 78' lang='lat' dir='ltr'>necessitas</span> <span class='ocrx_word' id='word_1_398' title='bbox 756 2858 785 2880; x_wconf 87' lang='lat' dir='ltr'>ab</span> <span class='ocrx_word' id='word_1_399' title='bbox 801 2859 925 2881; x_wconf 85' lang='lat' dir='ltr'>intrinseco</span> <span class='ocrx_word' id='word_1_400' title='bbox 937 2864 982 2880; x_wconf 91' lang='lat' dir='ltr'>non</span> 
     </span>
     <span class='ocr_line' id='line_1_72' title="bbox 260 2896 512 2925; baseline 0 -6"><span class='ocrx_word' id='word_1_401' title='bbox 260 2900 391 2925; x_wconf 81' lang='lat' dir='ltr'>opponatur</span> <span class='ocrx_word' id='word_1_402' title='bbox 408 2896 512 2919; x_wconf 81' lang='lat' dir='ltr'>libertati.</span> 
     </span>
    </p>

    <p class='ocr_par' dir='ltr' id='par_1_50' title="bbox 211 2937 893 2965">
     <span class='ocr_line' id='line_1_73' title="bbox 211 2937 893 2965; baseline 0 -6"><span class='ocrx_word' id='word_1_403' title='bbox 211 2938 260 2959; x_wconf 78' lang='grc'>196.</span> <span class='ocrx_word' id='word_1_404' title='bbox 277 2937 383 2965; x_wconf 78' lang='lat' dir='ltr'>Cognitio</span> <span class='ocrx_word' id='word_1_405' title='bbox 400 2937 543 2959; x_wconf 85' lang='lat' dir='ltr'>daemonum</span> <span class='ocrx_word' id='word_1_406' title='bbox 559 2937 620 2960; x_wconf 87' lang='lat' dir='ltr'>circa</span> <span class='ocrx_word' id='word_1_407' title='bbox 637 2939 712 2960; x_wconf 81' lang='lat' dir='ltr'>sutura</span> <span class='ocrx_word' id='word_1_408' title='bbox 731 2937 893 2965; x_wconf 79' lang='lat' dir='ltr'>contingentia.</span> 
     </span>
    </p>

    <p class='ocr_par' dir='ltr' id='par_1_51' title="bbox 209 2976 984 3044">
     <span class='ocr_line' id='line_1_74' title="bbox 209 2976 984 3005; baseline 0 -7"><span class='ocrx_word' id='word_1_409' title='bbox 209 2977 253 2998; x_wconf 76' lang='grc'>199</span> <span class='ocrx_word' id='word_1_410' title='bbox 271 2983 319 3005; x_wconf 81' lang='lat' dir='ltr'>seq.</span> <span class='ocrx_word' id='word_1_411' title='bbox 338 2977 369 2998; x_wconf 86' lang='lat' dir='ltr'>De</span> <span class='ocrx_word' id='word_1_412' title='bbox 386 2976 507 2998; x_wconf 85' lang='lat' dir='ltr'>eductione</span> <span class='ocrx_word' id='word_1_413' title='bbox 524 2977 650 2999; x_wconf 81' lang='lat' dir='ltr'>formarum</span> <span class='ocrx_word' id='word_1_414' title='bbox 668 2983 694 2999; x_wconf 85' lang='lat' dir='ltr'>ex</span> <span class='ocrx_word' id='word_1_415' title='bbox 712 2976 812 3005; x_wconf 85' lang='lat' dir='ltr'>potentia</span> <span class='ocrx_word' id='word_1_416' title='bbox 835 2977 945 2999; x_wconf 87' lang='lat' dir='ltr'>materiae</span> <span class='ocrx_word' id='word_1_417' title='bbox 961 2979 984 2999; x_wconf 88' lang='lat' dir='ltr'>et</span> 
     </span>
     <span class='ocr_line' id='line_1_75' title="bbox 262 3015 869 3044; baseline 0.002 -7"><span class='ocrx_word' id='word_1_418' title='bbox 262 3016 291 3038; x_wconf 86' lang='lat' dir='ltr'>de</span> <span class='ocrx_word' id='word_1_419' title='bbox 308 3015 436 3038; x_wconf 84' lang='lat' dir='ltr'>rationibus</span> <span class='ocrx_word' id='word_1_420' title='bbox 453 3015 603 3038; x_wconf 80' lang='lat' dir='ltr'>seminalibus</span> <span class='ocrx_word' id='word_1_421' title='bbox 619 3016 740 3044; x_wconf 87' lang='lat' dir='ltr'>opiniones</span> <span class='ocrx_word' id='word_1_422' title='bbox 757 3016 869 3038; x_wconf 81' lang='lat' dir='ltr'>diversae.</span> 
     </span>
    </p>
   </div>
   <div class='ocr_carea' id='block_1_20' title="bbox 999 667 1012 3032">
    <p class='ocr_par' dir='ltr' id='par_1_52' title="bbox 999 667 1012 3032">
     <span class='ocr_line' id='line_1_76' title="bbox 999 667 1012 3032; baseline 0 0"><span class='ocrx_word' id='word_1_423' title='bbox 999 667 1012 3032; x_wconf 95' lang='lat' dir='ltr'> </span> 
     </span>
    </p>
   </div>
   <div class='ocr_carea' id='block_1_21' title="bbox 1029 307 1082 335">
    <p class='ocr_par' dir='ltr' id='par_1_53' title="bbox 1029 307 1082 335">
     <span class='ocr_line' id='line_1_77' title="bbox 1029 307 1082 335; baseline 0.019 -7"><span class='ocrx_word' id='word_1_424' title='bbox 1029 307 1082 335; x_wconf 79' lang='lat' dir='ltr'>l‘ag.</span> 
     </span>
    </p>
   </div>
   <div class='ocr_carea' id='block_1_22' title="bbox 1052 394 1063 443">
    <p class='ocr_par' dir='ltr' id='par_1_54' title="bbox 1052 394 1063 443">
     <span class='ocr_line' id='line_1_78' title="bbox 1052 394 1061 404; baseline 0 0"><span class='ocrx_word' id='word_1_425' title='bbox 1052 394 1061 404; x_wconf 81' lang='grc'>11</span> 
     </span>
     <span class='ocr_line' id='line_1_79' title="bbox 1053 433 1063 443; baseline 0 0"><span class='ocrx_word' id='word_1_426' title='bbox 1053 433 1063 443; x_wconf 76' lang='lat' dir='ltr'>n</span> 
     </span>
    </p>
   </div>
   <div class='ocr_carea' id='block_1_23' title="bbox 1052 472 1064 679">
    <p class='ocr_par' dir='ltr' id='par_1_55' title="bbox 1052 472 1064 679">
     <span class='ocr_line' id='line_1_80' title="bbox 1053 472 1063 482; baseline 0 0"><span class='ocrx_word' id='word_1_427' title='bbox 1053 472 1063 482; x_wconf 68' lang='lat' dir='ltr'>i&gt;</span> 
     </span>
     <span class='ocr_line' id='line_1_81' title="bbox 1052 550 1062 561; baseline 0 0"><span class='ocrx_word' id='word_1_428' title='bbox 1052 550 1062 561; x_wconf 81' lang='lat'>1&gt;</span> 
     </span>
     <span class='ocr_line' id='line_1_82' title="bbox 1053 590 1064 600; baseline 0 0"><span class='ocrx_word' id='word_1_429' title='bbox 1053 590 1064 600; x_wconf 76' lang='grc' dir='ltr'>ι)</span> 
     </span>
     <span class='ocr_line' id='line_1_83' title="bbox 1052 629 1062 640; baseline 0 0"><span class='ocrx_word' id='word_1_430' title='bbox 1052 629 1062 640; x_wconf 79' lang='grc'>1)</span> 
     </span>
     <span class='ocr_line' id='line_1_84' title="bbox 1053 668 1062 679; baseline 0 0"><span class='ocrx_word' id='word_1_431' title='bbox 1053 668 1062 679; x_wconf 76' lang='grc'>11</span> 
     </span>
    </p>
   </div>
   <div class='ocr_carea' id='block_1_24' title="bbox 1054 746 1063 757">
    <p class='ocr_par' dir='ltr' id='par_1_56' title="bbox 1054 746 1063 757">
     <span class='ocr_line' id='line_1_85' title="bbox 1054 746 1063 757; baseline 0 0"><span class='ocrx_word' id='word_1_432' title='bbox 1054 746 1063 757; x_wconf 71' lang='lat' dir='ltr'>i&gt;</span> 
     </span>
    </p>
   </div>
   <div class='ocr_carea' id='block_1_25' title="bbox 1064 2985 1075 2996">
    <p class='ocr_par' dir='ltr' id='par_1_57' title="bbox 1064 2985 1075 2996">
     <span class='ocr_line' id='line_1_86' title="bbox 1064 2985 1075 2996; baseline 0 0"><span class='ocrx_word' id='word_1_433' title='bbox 1064 2985 1075 2996; x_wconf 82' lang='grc'>11</span> 
     </span>
    </p>
   </div>
   <div class='ocr_carea' id='block_1_26' title="bbox 1099 307 1887 3037">
    <p class='ocr_par' dir='ltr' id='par_1_58' title="bbox 1100 307 1875 368">
     <span class='ocr_line' id='line_1_87' title="bbox 1100 307 1875 337; baseline 0.003 -8"><span class='ocrx_word' id='word_1_434' title='bbox 1100 307 1153 329; x_wconf 78' lang='grc'>216.</span> <span class='ocrx_word' id='word_1_435' title='bbox 1171 308 1221 335; x_wconf 82' lang='lat' dir='ltr'>Quo</span> <span class='ocrx_word' id='word_1_436' title='bbox 1238 314 1305 329; x_wconf 73' lang='lat' dir='ltr'>seusu</span> <span class='ocrx_word' id='word_1_437' title='bbox 1324 308 1456 330; x_wconf 73' lang='lat' dir='ltr'>Scholastici</span> <span class='ocrx_word' id='word_1_438' title='bbox 1474 308 1591 331; x_wconf 83' lang='lat' dir='ltr'>admittant</span> <span class='ocrx_word' id='word_1_439' title='bbox 1610 309 1780 335; x_wconf 61' lang='lat' dir='ltr'>genemtionem</span> <span class='ocrx_word' id='word_1_440' title='bbox 1799 310 1875 337; x_wconf 83' lang='lat' dir='ltr'>aequi·</span> 
     </span>
     <span class='ocr_line' id='line_1_88' title="bbox 1154 352 1244 368; baseline 0 0"><span class='ocrx_word' id='word_1_441' title='bbox 1154 352 1244 368; x_wconf 80' lang='lat' dir='ltr'>vocam.</span> 
     </span>
    </p>

    <p class='ocr_par' dir='ltr' id='par_1_59' title="bbox 1099 386 1817 414">
     <span class='ocr_line' id='line_1_89' title="bbox 1099 386 1817 414; baseline 0.001 -7"><span class='ocrx_word' id='word_1_442' title='bbox 1099 386 1152 407; x_wconf 75' lang='lat'>220.</span> <span class='ocrx_word' id='word_1_443' title='bbox 1170 386 1202 407; x_wconf 87' lang='lat' dir='ltr'>De</span> <span class='ocrx_word' id='word_1_444' title='bbox 1219 386 1330 413; x_wconf 73' lang='lat' dir='ltr'>operibus</span> <span class='ocrx_word' id='word_1_445' title='bbox 1347 387 1488 413; x_wconf 71' lang='lat' dir='ltr'>Angelorum</span> <span class='ocrx_word' id='word_1_446' title='bbox 1506 387 1529 408; x_wconf 86' lang='lat' dir='ltr'>in</span> <span class='ocrx_word' id='word_1_447' title='bbox 1546 387 1684 414; x_wconf 79' lang='lat' dir='ltr'>corporibus</span> <span class='ocrx_word' id='word_1_448' title='bbox 1701 387 1817 409; x_wconf 76' lang='lat' dir='ltr'>assumtis.</span> 
     </span>
    </p>

    <p class='ocr_par' dir='ltr' id='par_1_60' title="bbox 1100 424 1596 453">
     <span class='ocr_line' id='line_1_90' title="bbox 1100 424 1596 453; baseline 0.002 -7"><span class='ocrx_word' id='word_1_449' title='bbox 1100 424 1153 446; x_wconf 66' lang='lat'>253.</span> <span class='ocrx_word' id='word_1_450' title='bbox 1171 425 1237 446; x_wconf 74' lang='lat' dir='ltr'>l’lura</span> <span class='ocrx_word' id='word_1_451' title='bbox 1255 425 1284 447; x_wconf 84' lang='lat' dir='ltr'>de</span> <span class='ocrx_word' id='word_1_452' title='bbox 1302 425 1429 447; x_wconf 76' lang='lat' dir='ltr'>hierarchia</span> <span class='ocrx_word' id='word_1_453' title='bbox 1447 426 1596 453; x_wconf 76' lang='lat' dir='ltr'>Angelorum.</span> 
     </span>
    </p>

    <p class='ocr_par' dir='ltr' id='par_1_61' title="bbox 1099 463 1875 525">
     <span class='ocr_line' id='line_1_91' title="bbox 1099 463 1875 493; baseline 0.003 -8"><span class='ocrx_word' id='word_1_454' title='bbox 1099 463 1152 492; x_wconf 68' lang='grc' dir='ltr'>2115Υ</span> <span class='ocrx_word' id='word_1_455' title='bbox 1169 467 1221 486; x_wconf 86' lang='lat' dir='ltr'>nota</span> <span class='ocrx_word' id='word_1_456' title='bbox 1239 465 1260 485; x_wconf 84' lang='lat'>6.</span> <span class='ocrx_word' id='word_1_457' title='bbox 1278 465 1397 492; x_wconf 84' lang='lat' dir='ltr'>Quaedam</span> <span class='ocrx_word' id='word_1_458' title='bbox 1419 465 1448 487; x_wconf 89' lang='lat' dir='ltr'>‹le</span> <span class='ocrx_word' id='word_1_459' title='bbox 1471 465 1580 487; x_wconf 77' lang='lat' dir='ltr'>(Ilialcidii</span> <span class='ocrx_word' id='word_1_460' title='bbox 1603 466 1733 487; x_wconf 80' lang='lat' dir='ltr'>Commeat.</span> <span class='ocrx_word' id='word_1_461' title='bbox 1753 471 1822 493; x_wconf 63' lang='lat' dir='ltr'>super</span> <span class='ocrx_word' id='word_1_462' title='bbox 1840 466 1875 487; x_wconf 82' lang='lat' dir='ltr'>Ti-</span> 
     </span>
     <span class='ocr_line' id='line_1_92' title="bbox 1156 509 1255 525; baseline 0 -1"><span class='ocrx_word' id='word_1_463' title='bbox 1156 509 1255 525; x_wconf 66' lang='lat' dir='ltr'>iuuenili.</span> 
     </span>
    </p>

    <p class='ocr_par' dir='ltr' id='par_1_62' title="bbox 1099 542 1660 570">
     <span class='ocr_line' id='line_1_93' title="bbox 1099 542 1660 570; baseline 0.004 -7"><span class='ocrx_word' id='word_1_464' title='bbox 1099 542 1144 563; x_wconf 72' lang='grc'>252</span> <span class='ocrx_word' id='word_1_465' title='bbox 1161 544 1183 563; x_wconf 85' lang='grc'>01</span> <span class='ocrx_word' id='word_1_466' title='bbox 1201 542 1256 564; x_wconf 73' lang='grc'>264.</span> <span class='ocrx_word' id='word_1_467' title='bbox 1271 543 1341 564; x_wconf 77' lang='lat' dir='ltr'>Actus</span> <span class='ocrx_word' id='word_1_468' title='bbox 1359 542 1493 564; x_wconf 72' lang='lat' dir='ltr'>hierarchici</span> <span class='ocrx_word' id='word_1_469' title='bbox 1511 543 1660 570; x_wconf 73' lang='lat' dir='ltr'>Angelorum.</span> 
     </span>
    </p>

    <p class='ocr_par' dir='ltr' id='par_1_63' title="bbox 1100 580 1856 609">
     <span class='ocr_line' id='line_1_94' title="bbox 1100 580 1856 609; baseline 0.003 -7"><span class='ocrx_word' id='word_1_470' title='bbox 1100 581 1153 603; x_wconf 83' lang='grc'>270.</span> <span class='ocrx_word' id='word_1_471' title='bbox 1171 580 1297 608; x_wconf 87' lang='lat' dir='ltr'>Opiniones</span> <span class='ocrx_word' id='word_1_472' title='bbox 1315 582 1508 604; x_wconf 78' lang='lat' dir='ltr'>Scholasticorum</span> <span class='ocrx_word' id='word_1_473' title='bbox 1527 582 1556 604; x_wconf 87' lang='lat' dir='ltr'>de</span> <span class='ocrx_word' id='word_1_474' title='bbox 1574 581 1690 604; x_wconf 73' lang='grc'>[0011110110</span> <span class='ocrx_word' id='word_1_475' title='bbox 1708 582 1856 609; x_wconf 76' lang='lat' dir='ltr'>Angelorum.</span> 
     </span>
    </p>

    <p class='ocr_par' dir='ltr' id='par_1_64' title="bbox 1100 621 1876 649">
     <span class='ocr_line' id='line_1_95' title="bbox 1100 621 1876 649; baseline 0.001 -7"><span class='ocrx_word' id='word_1_476' title='bbox 1100 621 1153 642; x_wconf 81' lang='lat'>298.</span> <span class='ocrx_word' id='word_1_477' title='bbox 1171 621 1284 648; x_wconf 71' lang='lat' dir='ltr'>Expositio</span> <span class='ocrx_word' id='word_1_478' title='bbox 1303 621 1324 642; x_wconf 87' lang='lat' dir='ltr'>S.</span> <span class='ocrx_word' id='word_1_479' title='bbox 1338 621 1457 649; x_wconf 75' lang='lat' dir='ltr'>Augustini</span> <span class='ocrx_word' id='word_1_480' title='bbox 1471 621 1499 643; x_wconf 86' lang='lat' dir='ltr'>de</span> <span class='ocrx_word' id='word_1_481' title='bbox 1512 627 1582 649; x_wconf 85' lang='lat' dir='ltr'>opere</span> <span class='ocrx_word' id='word_1_482' title='bbox 1594 627 1632 644; x_wconf 77' lang='lat' dir='ltr'>sex</span> <span class='ocrx_word' id='word_1_483' title='bbox 1644 621 1735 643; x_wconf 87' lang='lat' dir='ltr'>dierum</span> <span class='ocrx_word' id='word_1_484' title='bbox 1747 624 1876 643; x_wconf 87' lang='lat' dir='ltr'>excusatur.</span> 
     </span>
    </p>

    <p class='ocr_par' dir='ltr' id='par_1_65' title="bbox 1100 659 1876 727">
     <span class='ocr_line' id='line_1_96' title="bbox 1100 659 1876 688; baseline 0.001 -7"><span class='ocrx_word' id='word_1_485' title='bbox 1100 659 1141 681; x_wconf 85' lang='grc'>301</span> <span class='ocrx_word' id='word_1_486' title='bbox 1163 666 1212 688; x_wconf 85' lang='lat' dir='ltr'>seq.</span> <span class='ocrx_word' id='word_1_487' title='bbox 1229 660 1356 688; x_wconf 85' lang='lat' dir='ltr'>Opiniones</span> <span class='ocrx_word' id='word_1_488' title='bbox 1372 661 1566 682; x_wconf 78' lang='lat' dir='ltr'>scholasticorum</span> <span class='ocrx_word' id='word_1_489' title='bbox 1584 661 1613 682; x_wconf 86' lang='lat' dir='ltr'>de</span> <span class='ocrx_word' id='word_1_490' title='bbox 1633 661 1707 688; x_wconf 89' lang='lat' dir='ltr'>prima</span> <span class='ocrx_word' id='word_1_491' title='bbox 1731 661 1814 688; x_wconf 78' lang='lat' dir='ltr'>forma,</span> <span class='ocrx_word' id='word_1_492' title='bbox 1832 660 1876 683; x_wconf 86' lang='lat' dir='ltr'>sub</span> 
     </span>
     <span class='ocr_line' id='line_1_97' title="bbox 1156 699 1462 727; baseline 0.003 -7"><span class='ocrx_word' id='word_1_493' title='bbox 1156 705 1201 727; x_wconf 77' lang='lat' dir='ltr'>qua</span> <span class='ocrx_word' id='word_1_494' title='bbox 1220 702 1295 721; x_wconf 84' lang='lat' dir='ltr'>creata</span> <span class='ocrx_word' id='word_1_495' title='bbox 1314 699 1342 721; x_wconf 82' lang='lat' dir='ltr'>sit</span> <span class='ocrx_word' id='word_1_496' title='bbox 1359 700 1462 721; x_wconf 82' lang='lat' dir='ltr'>materia.</span> 
     </span>
    </p>

    <p class='ocr_par' dir='ltr' id='par_1_66' title="bbox 1101 738 1877 800">
     <span class='ocr_line' id='line_1_98' title="bbox 1101 738 1877 767; baseline 0.001 -8"><span class='ocrx_word' id='word_1_497' title='bbox 1101 738 1144 759; x_wconf 87' lang='grc'>318</span> <span class='ocrx_word' id='word_1_498' title='bbox 1163 744 1211 766; x_wconf 78' lang='lat' dir='ltr'>seq.</span> <span class='ocrx_word' id='word_1_499' title='bbox 1230 741 1252 760; x_wconf 75' lang='lat' dir='ltr'>et,</span> <span class='ocrx_word' id='word_1_500' title='bbox 1269 738 1374 761; x_wconf 81' lang='lat' dir='ltr'>diffusius</span> <span class='ocrx_word' id='word_1_501' title='bbox 1392 745 1445 766; x_wconf 80' lang='lat' dir='ltr'>pag.</span> <span class='ocrx_word' id='word_1_502' title='bbox 1465 739 1509 760; x_wconf 82' lang='grc'>322</span> <span class='ocrx_word' id='word_1_503' title='bbox 1527 745 1575 767; x_wconf 79' lang='lat' dir='ltr'>seq.</span> <span class='ocrx_word' id='word_1_504' title='bbox 1593 738 1718 766; x_wconf 81' lang='lat' dir='ltr'>Opiniones</span> <span class='ocrx_word' id='word_1_505' title='bbox 1735 739 1765 761; x_wconf 88' lang='lat' dir='ltr'>de</span> <span class='ocrx_word' id='word_1_506' title='bbox 1787 739 1837 760; x_wconf 90' lang='lat' dir='ltr'>luce</span> <span class='ocrx_word' id='word_1_507' title='bbox 1855 741 1877 760; x_wconf 87' lang='lat' dir='ltr'>et</span> 
     </span>
     <span class='ocr_line' id='line_1_99' title="bbox 1156 777 1295 800; baseline 0 -1"><span class='ocrx_word' id='word_1_508' title='bbox 1156 777 1185 799; x_wconf 85' lang='lat' dir='ltr'>de</span> <span class='ocrx_word' id='word_1_509' title='bbox 1202 778 1295 800; x_wconf 84' lang='lat' dir='ltr'>lumine.</span> 
     </span>
    </p>

    <p class='ocr_par' dir='ltr' id='par_1_67' title="bbox 1101 816 1876 883">
     <span class='ocr_line' id='line_1_100' title="bbox 1101 816 1876 845; baseline -0.001 -7"><span class='ocrx_word' id='word_1_510' title='bbox 1101 816 1153 838; x_wconf 76' lang='lat'>329.</span> <span class='ocrx_word' id='word_1_511' title='bbox 1173 817 1204 838; x_wconf 89' lang='lat' dir='ltr'>De</span> <span class='ocrx_word' id='word_1_512' title='bbox 1222 816 1370 844; x_wconf 81' lang='lat' dir='ltr'>generatione</span> <span class='ocrx_word' id='word_1_513' title='bbox 1388 816 1445 839; x_wconf 88' lang='lat' dir='ltr'>lucis</span> <span class='ocrx_word' id='word_1_514' title='bbox 1462 817 1483 838; x_wconf 90' lang='lat' dir='ltr'>in</span> <span class='ocrx_word' id='word_1_515' title='bbox 1502 817 1578 839; x_wconf 85' lang='lat' dir='ltr'>medio</span> <span class='ocrx_word' id='word_1_516' title='bbox 1596 819 1618 838; x_wconf 86' lang='lat' dir='ltr'>et</span> <span class='ocrx_word' id='word_1_517' title='bbox 1634 817 1663 839; x_wconf 89' lang='grc'>110</span> <span class='ocrx_word' id='word_1_518' title='bbox 1685 817 1709 838; x_wconf 87' lang='grc'>12</span> <span class='ocrx_word' id='word_1_519' title='bbox 1728 817 1876 845; x_wconf 78' lang='lat' dir='ltr'>generationi-</span> 
     </span>
     <span class='ocr_line' id='line_1_101' title="bbox 1157 855 1592 883; baseline 0.002 -6"><span class='ocrx_word' id='word_1_520' title='bbox 1157 855 1200 878; x_wconf 81' lang='lat' dir='ltr'>bus</span> <span class='ocrx_word' id='word_1_521' title='bbox 1217 859 1240 877; x_wconf 87' lang='lat' dir='ltr'>et</span> <span class='ocrx_word' id='word_1_522' title='bbox 1256 855 1380 883; x_wconf 81' lang='lat' dir='ltr'>speciebus</span> <span class='ocrx_word' id='word_1_523' title='bbox 1398 855 1592 878; x_wconf 79' lang='lat' dir='ltr'>intentionalibus.</span> 
     </span>
    </p>

    <p class='ocr_par' dir='ltr' id='par_1_68' title="bbox 1101 894 1877 923">
     <span class='ocr_line' id='line_1_102' title="bbox 1101 894 1877 923; baseline 0.001 -8"><span class='ocrx_word' id='word_1_524' title='bbox 1101 894 1153 916; x_wconf 77' lang='lat'>347.</span> <span class='ocrx_word' id='word_1_525' title='bbox 1164 894 1289 922; x_wconf 87' lang='lat' dir='ltr'>Opiniones</span> <span class='ocrx_word' id='word_1_526' title='bbox 1298 894 1358 917; x_wconf 90' lang='lat' dir='ltr'>illius</span> <span class='ocrx_word' id='word_1_527' title='bbox 1367 894 1446 917; x_wconf 88' lang='lat' dir='ltr'>aetatis</span> <span class='ocrx_word' id='word_1_528' title='bbox 1452 895 1482 917; x_wconf 86' lang='lat' dir='ltr'>de</span> <span class='ocrx_word' id='word_1_529' title='bbox 1491 894 1592 916; x_wconf 86' lang='lat' dir='ltr'>motibus</span> <span class='ocrx_word' id='word_1_530' title='bbox 1601 894 1735 916; x_wconf 87' lang='lat' dir='ltr'>caelestium</span> <span class='ocrx_word' id='word_1_531' title='bbox 1744 901 1877 923; x_wconf 85' lang='lat' dir='ltr'>corporum.</span> 
     </span>
    </p>

    <p class='ocr_par' dir='ltr' id='par_1_69' title="bbox 1103 933 1878 995">
     <span class='ocr_line' id='line_1_103' title="bbox 1103 933 1878 961; baseline 0 -6"><span class='ocrx_word' id='word_1_532' title='bbox 1103 933 1156 955; x_wconf 81' lang='lat'>376.</span> <span class='ocrx_word' id='word_1_533' title='bbox 1174 934 1305 955; x_wconf 80' lang='lat' dir='ltr'>Sententiae</span> <span class='ocrx_word' id='word_1_534' title='bbox 1322 934 1412 961; x_wconf 82' lang='lat' dir='ltr'>variae,</span> <span class='ocrx_word' id='word_1_535' title='bbox 1431 934 1493 956; x_wconf 86' lang='lat' dir='ltr'>unde</span> <span class='ocrx_word' id='word_1_536' title='bbox 1510 933 1638 961; x_wconf 84' lang='lat' dir='ltr'>productae</span> <span class='ocrx_word' id='word_1_537' title='bbox 1654 933 1698 955; x_wconf 83' lang='lat' dir='ltr'>sint</span> <span class='ocrx_word' id='word_1_538' title='bbox 1718 934 1808 956; x_wconf 84' lang='lat' dir='ltr'>animae</span> <span class='ocrx_word' id='word_1_539' title='bbox 1826 934 1878 955; x_wconf 86' lang='lat' dir='ltr'>irra-</span> 
     </span>
     <span class='ocr_line' id='line_1_104' title="bbox 1157 972 1681 995; baseline 0.002 -1"><span class='ocrx_word' id='word_1_540' title='bbox 1157 972 1276 995; x_wconf 88' lang='lat' dir='ltr'>tionalium</span> <span class='ocrx_word' id='word_1_541' title='bbox 1294 976 1317 995; x_wconf 91' lang='lat' dir='ltr'>et</span> <span class='ocrx_word' id='word_1_542' title='bbox 1334 973 1363 995; x_wconf 90' lang='lat' dir='ltr'>de</span> <span class='ocrx_word' id='word_1_543' title='bbox 1380 973 1508 995; x_wconf 87' lang='lat' dir='ltr'>rationibus</span> <span class='ocrx_word' id='word_1_544' title='bbox 1524 972 1681 995; x_wconf 81' lang='lat' dir='ltr'>seminalibus.</span> 
     </span>
    </p>

    <p class='ocr_par' dir='ltr' id='par_1_70' title="bbox 1102 1012 1637 1039">
     <span class='ocr_line' id='line_1_105' title="bbox 1102 1012 1637 1039; baseline 0.002 -6"><span class='ocrx_word' id='word_1_545' title='bbox 1102 1012 1155 1033; x_wconf 81' lang='grc'>379.</span> <span class='ocrx_word' id='word_1_546' title='bbox 1174 1012 1205 1033; x_wconf 89' lang='lat' dir='ltr'>De</span> <span class='ocrx_word' id='word_1_547' title='bbox 1223 1012 1351 1039; x_wconf 82' lang='lat' dir='ltr'>pluralitate</span> <span class='ocrx_word' id='word_1_548' title='bbox 1370 1013 1496 1034; x_wconf 78' lang='lat' dir='ltr'>formarum</span> <span class='ocrx_word' id='word_1_549' title='bbox 1515 1012 1536 1034; x_wconf 90' lang='lat' dir='ltr'>in</span> <span class='ocrx_word' id='word_1_550' title='bbox 1554 1012 1637 1034; x_wconf 85' lang='lat' dir='ltr'>mixtis.</span> 
     </span>
    </p>

    <p class='ocr_par' dir='ltr' id='par_1_71' title="bbox 1102 1050 1510 1080">
     <span class='ocr_line' id='line_1_106' title="bbox 1102 1050 1510 1080; baseline 0 -7"><span class='ocrx_word' id='word_1_551' title='bbox 1102 1051 1155 1073; x_wconf 77' lang='lat'>396.</span> <span class='ocrx_word' id='word_1_552' title='bbox 1173 1050 1288 1080; x_wconf 58' lang='lat' dir='ltr'>[magmis</span> <span class='ocrx_word' id='word_1_553' title='bbox 1305 1051 1362 1073; x_wconf 90' lang='lat' dir='ltr'>ratio</span> <span class='ocrx_word' id='word_1_554' title='bbox 1379 1053 1400 1073; x_wconf 84' lang='lat' dir='ltr'>et</span> <span class='ocrx_word' id='word_1_555' title='bbox 1417 1051 1510 1073; x_wconf 84' lang='lat' dir='ltr'>divisio.</span> 
     </span>
    </p>

    <p class='ocr_par' dir='ltr' id='par_1_72' title="bbox 1104 1090 1512 1117">
     <span class='ocr_line' id='line_1_107' title="bbox 1104 1090 1512 1117; baseline 0 -5"><span class='ocrx_word' id='word_1_556' title='bbox 1104 1090 1159 1112; x_wconf 82' lang='lat'>406.</span> <span class='ocrx_word' id='word_1_557' title='bbox 1173 1091 1251 1117; x_wconf 79' lang='lat' dir='ltr'>imago</span> <span class='ocrx_word' id='word_1_558' title='bbox 1269 1092 1345 1112; x_wconf 86' lang='lat' dir='ltr'>creata</span> <span class='ocrx_word' id='word_1_559' title='bbox 1363 1093 1385 1112; x_wconf 91' lang='lat' dir='ltr'>et</span> <span class='ocrx_word' id='word_1_560' title='bbox 1401 1093 1512 1112; x_wconf 80' lang='lat' dir='ltr'>recreata.</span> 
     </span>
    </p>

    <p class='ocr_par' dir='ltr' id='par_1_73' title="bbox 1103 1129 1868 1152">
     <span class='ocr_line' id='line_1_108' title="bbox 1103 1129 1868 1152; baseline 0 -1"><span class='ocrx_word' id='word_1_561' title='bbox 1103 1130 1155 1151; x_wconf 91' lang='lat' dir='ltr'>4l6.</span> <span class='ocrx_word' id='word_1_562' title='bbox 1174 1130 1254 1152; x_wconf 90' lang='lat' dir='ltr'>Utrum</span> <span class='ocrx_word' id='word_1_563' title='bbox 1272 1130 1348 1152; x_wconf 89' lang='lat' dir='ltr'>anima</span> <span class='ocrx_word' id='word_1_564' title='bbox 1367 1131 1467 1151; x_wconf 87' lang='lat' dir='ltr'>humana</span> <span class='ocrx_word' id='word_1_565' title='bbox 1486 1130 1570 1152; x_wconf 82' lang='lat' dir='ltr'>habeat</span> <span class='ocrx_word' id='word_1_566' title='bbox 1586 1129 1705 1152; x_wconf 86' lang='lat' dir='ltr'>materiam</span> <span class='ocrx_word' id='word_1_567' title='bbox 1723 1132 1745 1152; x_wconf 91' lang='lat' dir='ltr'>et</span> <span class='ocrx_word' id='word_1_568' title='bbox 1762 1130 1868 1152; x_wconf 84' lang='lat' dir='ltr'>sormam.</span> 
     </span>
    </p>

    <p class='ocr_par' dir='ltr' id='par_1_74' title="bbox 1104 1167 1879 1197">
     <span class='ocr_line' id='line_1_109' title="bbox 1104 1167 1879 1197; baseline -0.001 -6"><span class='ocrx_word' id='word_1_569' title='bbox 1104 1169 1147 1191; x_wconf 74' lang='lat'>438</span> <span class='ocrx_word' id='word_1_570' title='bbox 1166 1172 1186 1191; x_wconf 87' lang='lat' dir='ltr'>ct</span> <span class='ocrx_word' id='word_1_571' title='bbox 1206 1169 1280 1197; x_wconf 83' lang='lat' dir='ltr'>magis</span> <span class='ocrx_word' id='word_1_572' title='bbox 1297 1169 1403 1197; x_wconf 85' lang='lat' dir='ltr'>explicite</span> <span class='ocrx_word' id='word_1_573' title='bbox 1416 1169 1459 1191; x_wconf 81' lang='lat'>443</span> <span class='ocrx_word' id='word_1_574' title='bbox 1472 1175 1521 1197; x_wconf 82' lang='lat' dir='ltr'>seq.</span> <span class='ocrx_word' id='word_1_575' title='bbox 1534 1169 1565 1191; x_wconf 87' lang='lat' dir='ltr'>De</span> <span class='ocrx_word' id='word_1_576' title='bbox 1578 1169 1705 1191; x_wconf 83' lang='lat' dir='ltr'>rationibus</span> <span class='ocrx_word' id='word_1_577' title='bbox 1721 1167 1879 1191; x_wconf 83' lang='lat' dir='ltr'>seminalibus.</span> 
     </span>
    </p>

    <p class='ocr_par' dir='ltr' id='par_1_75' title="bbox 1104 1207 1471 1230">
     <span class='ocr_line' id='line_1_110' title="bbox 1104 1207 1471 1230; baseline 0.003 -1"><span class='ocrx_word' id='word_1_578' title='bbox 1104 1207 1156 1230; x_wconf 83' lang='lat'>454.</span> <span class='ocrx_word' id='word_1_579' title='bbox 1174 1207 1237 1229; x_wconf 74' lang='lat' dir='ltr'>Circa</span> <span class='ocrx_word' id='word_1_580' title='bbox 1256 1208 1471 1230; x_wconf 81' lang='lat' dir='ltr'>traducianismum.</span> 
     </span>
    </p>

    <p class='ocr_par' dir='ltr' id='par_1_76' title="bbox 1103 1246 1877 1309">
     <span class='ocr_line' id='line_1_111' title="bbox 1103 1246 1877 1277; baseline 0 -8"><span class='ocrx_word' id='word_1_581' title='bbox 1103 1247 1147 1269; x_wconf 88' lang='lat'>466</span> <span class='ocrx_word' id='word_1_582' title='bbox 1165 1251 1187 1269; x_wconf 87' lang='lat' dir='ltr'>et</span> <span class='ocrx_word' id='word_1_583' title='bbox 1205 1247 1257 1269; x_wconf 72' lang='grc'>471,</span> <span class='ocrx_word' id='word_1_584' title='bbox 1275 1246 1339 1270; x_wconf 86' lang='lat' dir='ltr'>Circa</span> <span class='ocrx_word' id='word_1_585' title='bbox 1356 1253 1405 1270; x_wconf 73' lang='lat' dir='ltr'>nou</span> <span class='ocrx_word' id='word_1_586' title='bbox 1419 1253 1489 1277; x_wconf 78' lang='lat' dir='ltr'>posse</span> <span class='ocrx_word' id='word_1_587' title='bbox 1506 1247 1570 1270; x_wconf 62' lang='lat' dir='ltr'>onore*</span> <span class='ocrx_word' id='word_1_588' title='bbox 1586 1250 1608 1269; x_wconf 84' lang='lat' dir='ltr'>et</span> <span class='ocrx_word' id='word_1_589' title='bbox 1622 1252 1693 1276; x_wconf 80' lang='lat' dir='ltr'>posse</span> <span class='ocrx_word' id='word_1_590' title='bbox 1709 1253 1757 1269; x_wconf 82' lang='lat' dir='ltr'>mm</span> <span class='ocrx_word' id='word_1_591' title='bbox 1776 1246 1840 1269; x_wconf 76' lang='lat' dir='ltr'>mori</span> <span class='ocrx_word' id='word_1_592' title='bbox 1857 1247 1877 1269; x_wconf 91' lang='lat' dir='ltr'>in</span> 
     </span>
     <span class='ocr_line' id='line_1_112' title="bbox 1157 1287 1254 1309; baseline 0 -1"><span class='ocrx_word' id='word_1_593' title='bbox 1157 1287 1254 1309; x_wconf 83' lang='lat' dir='ltr'>Adamo.</span> 
     </span>
    </p>

    <p class='ocr_par' dir='ltr' id='par_1_77' title="bbox 1103 1326 1731 1354">
     <span class='ocr_line' id='line_1_113' title="bbox 1103 1326 1731 1354; baseline -0.002 -5"><span class='ocrx_word' id='word_1_594' title='bbox 1103 1326 1155 1349; x_wconf 78' lang='lat'>525.</span> <span class='ocrx_word' id='word_1_595' title='bbox 1173 1326 1300 1354; x_wconf 82' lang='lat' dir='ltr'>Opiniones</span> <span class='ocrx_word' id='word_1_596' title='bbox 1317 1326 1375 1349; x_wconf 88' lang='lat' dir='ltr'>circa</span> <span class='ocrx_word' id='word_1_597' title='bbox 1395 1326 1548 1354; x_wconf 86' lang='lat' dir='ltr'>ignorantiam</span> <span class='ocrx_word' id='word_1_598' title='bbox 1567 1326 1731 1348; x_wconf 83' lang='lat' dir='ltr'>invincibilem.</span> 
     </span>
    </p>

    <p class='ocr_par' dir='ltr' id='par_1_78' title="bbox 1103 1365 1698 1393">
     <span class='ocr_line' id='line_1_114' title="bbox 1103 1365 1698 1393; baseline -0.002 -5"><span class='ocrx_word' id='word_1_599' title='bbox 1103 1366 1156 1388; x_wconf 87' lang='lat'>547.</span> <span class='ocrx_word' id='word_1_600' title='bbox 1176 1367 1207 1388; x_wconf 86' lang='lat' dir='ltr'>De</span> <span class='ocrx_word' id='word_1_601' title='bbox 1224 1366 1356 1393; x_wconf 83' lang='lat' dir='ltr'>cognitione</span> <span class='ocrx_word' id='word_1_602' title='bbox 1374 1366 1412 1388; x_wconf 88' lang='lat' dir='ltr'>Dei</span> <span class='ocrx_word' id='word_1_603' title='bbox 1429 1366 1452 1388; x_wconf 92' lang='lat' dir='ltr'>in</span> <span class='ocrx_word' id='word_1_604' title='bbox 1470 1369 1529 1388; x_wconf 89' lang='lat' dir='ltr'>statu</span> <span class='ocrx_word' id='word_1_605' title='bbox 1548 1365 1698 1388; x_wconf 77' lang='lat' dir='ltr'>innocentIae.</span> 
     </span>
    </p>

    <p class='ocr_par' dir='ltr' id='par_1_79' title="bbox 1103 1404 1880 1433">
     <span class='ocr_line' id='line_1_115' title="bbox 1103 1404 1880 1433; baseline -0.001 -6"><span class='ocrx_word' id='word_1_606' title='bbox 1103 1405 1156 1427; x_wconf 85' lang='grc'>557.</span> <span class='ocrx_word' id='word_1_607' title='bbox 1174 1406 1254 1428; x_wconf 88' lang='lat' dir='ltr'>Utrum</span> <span class='ocrx_word' id='word_1_608' title='bbox 1273 1405 1322 1428; x_wconf 85' lang='lat' dir='ltr'>sine</span> <span class='ocrx_word' id='word_1_609' title='bbox 1339 1405 1411 1433; x_wconf 81' lang='lat' dir='ltr'>gratia</span> <span class='ocrx_word' id='word_1_610' title='bbox 1430 1405 1503 1428; x_wconf 85' lang='lat' dir='ltr'>Adam</span> <span class='ocrx_word' id='word_1_611' title='bbox 1522 1405 1621 1433; x_wconf 85' lang='lat' dir='ltr'>potuerit</span> <span class='ocrx_word' id='word_1_612' title='bbox 1638 1404 1744 1427; x_wconf 85' lang='lat' dir='ltr'>resistere</span> <span class='ocrx_word' id='word_1_613' title='bbox 1755 1404 1880 1426; x_wconf 85' lang='lat' dir='ltr'>tentationi.</span> 
     </span>
    </p>

    <p class='ocr_par' dir='ltr' id='par_1_80' title="bbox 1104 1443 1608 1471">
     <span class='ocr_line' id='line_1_116' title="bbox 1104 1443 1608 1471; baseline 0 -6"><span class='ocrx_word' id='word_1_614' title='bbox 1104 1443 1157 1465; x_wconf 77' lang='lat'>565.</span> <span class='ocrx_word' id='word_1_615' title='bbox 1175 1443 1207 1465; x_wconf 87' lang='lat' dir='ltr'>De</span> <span class='ocrx_word' id='word_1_616' title='bbox 1224 1444 1312 1465; x_wconf 83' lang='lat' dir='ltr'>ratione</span> <span class='ocrx_word' id='word_1_617' title='bbox 1329 1443 1441 1471; x_wconf 87' lang='lat' dir='ltr'>superiori</span> <span class='ocrx_word' id='word_1_618' title='bbox 1459 1446 1481 1466; x_wconf 91' lang='lat' dir='ltr'>et</span> <span class='ocrx_word' id='word_1_619' title='bbox 1499 1443 1608 1465; x_wconf 78' lang='lat' dir='ltr'>interiori.</span> 
     </span>
    </p>

    <p class='ocr_par' dir='ltr' id='par_1_81' title="bbox 1104 1482 1606 1511">
     <span class='ocr_line' id='line_1_117' title="bbox 1104 1482 1606 1511; baseline 0 -7"><span class='ocrx_word' id='word_1_620' title='bbox 1104 1482 1156 1504; x_wconf 81' lang='grc'>571.</span> <span class='ocrx_word' id='word_1_621' title='bbox 1174 1483 1209 1505; x_wconf 85' lang='lat' dir='ltr'>De</span> <span class='ocrx_word' id='word_1_622' title='bbox 1225 1482 1336 1505; x_wconf 84' lang='lat' dir='ltr'>intellectu</span> <span class='ocrx_word' id='word_1_623' title='bbox 1355 1485 1438 1511; x_wconf 83' lang='lat' dir='ltr'>agente</span> <span class='ocrx_word' id='word_1_624' title='bbox 1455 1485 1478 1505; x_wconf 88' lang='lat' dir='ltr'>et</span> <span class='ocrx_word' id='word_1_625' title='bbox 1494 1482 1606 1510; x_wconf 81' lang='lat' dir='ltr'>possibili.</span> 
     </span>
    </p>

    <p class='ocr_par' dir='ltr' id='par_1_82' title="bbox 1104 1520 1651 1545">
     <span class='ocr_line' id='line_1_118' title="bbox 1104 1520 1651 1545; baseline 0 -2"><span class='ocrx_word' id='word_1_626' title='bbox 1104 1521 1158 1544; x_wconf 81' lang='lat'>579.</span> <span class='ocrx_word' id='word_1_627' title='bbox 1176 1522 1287 1544; x_wconf 81' lang='lat' dir='ltr'>Disserunt</span> <span class='ocrx_word' id='word_1_628' title='bbox 1303 1521 1446 1545; x_wconf 74' lang='lat' dir='ltr'>sensualitas</span> <span class='ocrx_word' id='word_1_629' title='bbox 1464 1524 1486 1543; x_wconf 87' lang='lat' dir='ltr'>et</span> <span class='ocrx_word' id='word_1_630' title='bbox 1502 1520 1651 1544; x_wconf 72' lang='lat' dir='ltr'>sensibilitas.</span> 
     </span>
    </p>

    <p class='ocr_par' dir='ltr' id='par_1_83' title="bbox 1104 1559 1880 1623">
     <span class='ocr_line' id='line_1_119' title="bbox 1104 1559 1880 1590; baseline -0.003 -7"><span class='ocrx_word' id='word_1_631' title='bbox 1104 1561 1157 1583; x_wconf 82' lang='lat'>584.</span> <span class='ocrx_word' id='word_1_632' title='bbox 1175 1561 1285 1583; x_wconf 79' lang='lat' dir='ltr'>Dift&#39;erunt</span> <span class='ocrx_word' id='word_1_633' title='bbox 1303 1561 1315 1583; x_wconf 84' lang='lat'>4</span> <span class='ocrx_word' id='word_1_634' title='bbox 1333 1561 1437 1583; x_wconf 80' lang='lat' dir='ltr'>termini:</span> <span class='ocrx_word' id='word_1_635' title='bbox 1454 1560 1545 1588; x_wconf 70' lang='lat' dir='ltr'>vitium,</span> <span class='ocrx_word' id='word_1_636' title='bbox 1559 1562 1693 1590; x_wconf 73' lang='lat' dir='ltr'>peccatum,</span> <span class='ocrx_word' id='word_1_637' title='bbox 1710 1559 1789 1589; x_wconf 68' lang='lat' dir='ltr'>culpa,</span> <span class='ocrx_word' id='word_1_638' title='bbox 1807 1559 1880 1583; x_wconf 76' lang='lat' dir='ltr'>cleme-</span> 
     </span>
     <span class='ocr_line' id='line_1_120' title="bbox 1159 1600 1240 1623; baseline 0 0"><span class='ocrx_word' id='word_1_639' title='bbox 1159 1600 1240 1623; x_wconf 75' lang='lat' dir='ltr'>rt&#39;tnm.</span> 
     </span>
    </p>

    <p class='ocr_par' dir='ltr' id='par_1_84' title="bbox 1103 1639 1725 1668">
     <span class='ocr_line' id='line_1_121' title="bbox 1103 1639 1725 1668; baseline -0.002 -6"><span class='ocrx_word' id='word_1_640' title='bbox 1103 1640 1157 1662; x_wconf 76' lang='lat'>594.</span> <span class='ocrx_word' id='word_1_641' title='bbox 1175 1640 1207 1662; x_wconf 89' lang='lat' dir='ltr'>De</span> <span class='ocrx_word' id='word_1_642' title='bbox 1224 1640 1304 1668; x_wconf 86' lang='lat' dir='ltr'>triplici</span> <span class='ocrx_word' id='word_1_643' title='bbox 1323 1639 1426 1662; x_wconf 80' lang='lat' dir='ltr'>libertate</span> <span class='ocrx_word' id='word_1_644' title='bbox 1443 1643 1465 1662; x_wconf 87' lang='lat' dir='ltr'>et</span> <span class='ocrx_word' id='word_1_645' title='bbox 1482 1639 1568 1667; x_wconf 88' lang='lat' dir='ltr'>duplici</span> <span class='ocrx_word' id='word_1_646' title='bbox 1586 1639 1725 1661; x_wconf 80' lang='lat' dir='ltr'>voluntario.</span> 
     </span>
    </p>

    <p class='ocr_par' dir='ltr' id='par_1_85' title="bbox 1104 1677 1879 1741">
     <span class='ocr_line' id='line_1_122' title="bbox 1104 1677 1879 1708; baseline -0.004 -6"><span class='ocrx_word' id='word_1_647' title='bbox 1104 1680 1156 1702; x_wconf 87' lang='lat'>606.</span> <span class='ocrx_word' id='word_1_648' title='bbox 1175 1680 1273 1706; x_wconf 75' lang='lat' dir='ltr'>Relatio,</span> <span class='ocrx_word' id='word_1_649' title='bbox 1292 1685 1362 1708; x_wconf 85' lang='lat' dir='ltr'>quam</span> <span class='ocrx_word' id='word_1_650' title='bbox 1381 1679 1449 1702; x_wconf 87' lang='lat' dir='ltr'>habet</span> <span class='ocrx_word' id='word_1_651' title='bbox 1466 1679 1523 1701; x_wconf 88' lang='lat' dir='ltr'>ratio</span> <span class='ocrx_word' id='word_1_652' title='bbox 1541 1679 1570 1701; x_wconf 87' lang='lat' dir='ltr'>ad</span> <span class='ocrx_word' id='word_1_653' title='bbox 1587 1679 1727 1701; x_wconf 72' lang='lat' dir='ltr'>voluntatem</span> <span class='ocrx_word' id='word_1_654' title='bbox 1745 1678 1768 1700; x_wconf 87' lang='lat' dir='ltr'>in</span> <span class='ocrx_word' id='word_1_655' title='bbox 1786 1681 1838 1700; x_wconf 85' lang='lat' dir='ltr'>actu</span> <span class='ocrx_word' id='word_1_656' title='bbox 1856 1677 1879 1699; x_wconf 92' lang='lat' dir='ltr'>li-</span> 
     </span>
     <span class='ocr_line' id='line_1_123' title="bbox 1159 1718 1262 1741; baseline 0 -1"><span class='ocrx_word' id='word_1_657' title='bbox 1159 1718 1262 1741; x_wconf 80' lang='lat' dir='ltr'>bertatis.</span> 
     </span>
    </p>

    <p class='ocr_par' dir='ltr' id='par_1_86' title="bbox 1105 1756 1669 1786">
     <span class='ocr_line' id='line_1_124' title="bbox 1105 1756 1669 1786; baseline -0.004 -6"><span class='ocrx_word' id='word_1_658' title='bbox 1105 1759 1157 1780; x_wconf 80' lang='grc'>611.</span> <span class='ocrx_word' id='word_1_659' title='bbox 1176 1758 1226 1780; x_wconf 90' lang='lat' dir='ltr'>Duo</span> <span class='ocrx_word' id='word_1_660' title='bbox 1244 1764 1329 1786; x_wconf 82' lang='lat' dir='ltr'>genera</span> <span class='ocrx_word' id='word_1_661' title='bbox 1345 1756 1476 1780; x_wconf 69' lang='lat' dir='ltr'>necessarii</span> <span class='ocrx_word' id='word_1_662' title='bbox 1491 1760 1513 1779; x_wconf 88' lang='lat' dir='ltr'>et</span> <span class='ocrx_word' id='word_1_663' title='bbox 1529 1756 1669 1779; x_wconf 62' lang='lat' dir='ltr'>voluntarii.</span> 
     </span>
    </p>

    <p class='ocr_par' dir='ltr' id='par_1_87' title="bbox 1105 1794 1881 1865">
     <span class='ocr_line' id='line_1_125' title="bbox 1105 1794 1881 1825; baseline -0.003 -6"><span class='ocrx_word' id='word_1_664' title='bbox 1105 1798 1158 1819; x_wconf 91' lang='grc'>617.</span> <span class='ocrx_word' id='word_1_665' title='bbox 1177 1798 1257 1820; x_wconf 86' lang='lat' dir='ltr'>Utrum</span> <span class='ocrx_word' id='word_1_666' title='bbox 1276 1797 1382 1819; x_wconf 78' lang='lat' dir='ltr'>voluntas</span> <span class='ocrx_word' id='word_1_667' title='bbox 1400 1802 1446 1819; x_wconf 87' lang='grc'>000</span> <span class='ocrx_word' id='word_1_668' title='bbox 1463 1799 1551 1818; x_wconf 86' lang='lat' dir='ltr'>tantum</span> <span class='ocrx_word' id='word_1_669' title='bbox 1568 1795 1650 1819; x_wconf 69' lang='lat' dir='ltr'>induci</span> <span class='ocrx_word' id='word_1_670' title='bbox 1665 1798 1687 1818; x_wconf 88' lang='lat' dir='ltr'>et</span> <span class='ocrx_word' id='word_1_671' title='bbox 1706 1794 1822 1825; x_wconf 77' lang='lat' dir='ltr'>impediri,</span> <span class='ocrx_word' id='word_1_672' title='bbox 1840 1795 1881 1817; x_wconf 81' lang='lat' dir='ltr'>sed</span> 
     </span>
     <span class='ocr_line' id='line_1_126' title="bbox 1160 1836 1396 1865; baseline -0.004 -7"><span class='ocrx_word' id='word_1_673' title='bbox 1160 1837 1229 1858; x_wconf 85' lang='lat' dir='ltr'>etiam</span> <span class='ocrx_word' id='word_1_674' title='bbox 1247 1836 1300 1865; x_wconf 77' lang='lat' dir='ltr'>coqz&#39;</span> <span class='ocrx_word' id='word_1_675' title='bbox 1316 1836 1396 1864; x_wconf 85' lang='lat' dir='ltr'>possit.</span> 
     </span>
    </p>

    <p class='ocr_par' dir='ltr' id='par_1_88' title="bbox 1106 1873 1881 1944">
     <span class='ocr_line' id='line_1_127' title="bbox 1106 1873 1881 1904; baseline -0.004 -6"><span class='ocrx_word' id='word_1_676' title='bbox 1106 1876 1158 1898; x_wconf 84' lang='grc'>632.</span> <span class='ocrx_word' id='word_1_677' title='bbox 1176 1876 1330 1904; x_wconf 78' lang='lat' dir='ltr'>Antiquarum</span> <span class='ocrx_word' id='word_1_678' title='bbox 1348 1875 1432 1897; x_wconf 74' lang='lat' dir='ltr'>divisio</span> <span class='ocrx_word' id='word_1_679' title='bbox 1451 1874 1472 1896; x_wconf 94' lang='lat' dir='ltr'>in</span> <span class='ocrx_word' id='word_1_680' title='bbox 1490 1874 1588 1902; x_wconf 85' lang='lat' dir='ltr'>gratiam</span> <span class='ocrx_word' id='word_1_681' title='bbox 1600 1874 1676 1903; x_wconf 69' lang='grc'>910113</span> <span class='ocrx_word' id='word_1_682' title='bbox 1689 1873 1770 1896; x_wconf 79' lang='lat' dir='ltr'>datum</span> <span class='ocrx_word' id='word_1_683' title='bbox 1787 1876 1809 1895; x_wconf 84' lang='lat' dir='ltr'>et</span> <span class='ocrx_word' id='word_1_684' title='bbox 1825 1879 1881 1902; x_wconf 73' lang='lat' dir='ltr'>qra-</span> 
     </span>
     <span class='ocr_line' id='line_1_128' title="bbox 1160 1914 1360 1944; baseline 0 -7"><span class='ocrx_word' id='word_1_685' title='bbox 1160 1916 1211 1937; x_wconf 83' lang='lat' dir='ltr'>lum</span> <span class='ocrx_word' id='word_1_686' title='bbox 1227 1914 1360 1944; x_wconf 70' lang='lat' dir='ltr'>facientem.</span> 
     </span>
    </p>

    <p class='ocr_par' dir='ltr' id='par_1_89' title="bbox 1105 1952 1882 2016">
     <span class='ocr_line' id='line_1_129' title="bbox 1105 1952 1882 1981; baseline -0.005 -4"><span class='ocrx_word' id='word_1_687' title='bbox 1105 1955 1159 1977; x_wconf 78' lang='lat'>636.</span> <span class='ocrx_word' id='word_1_688' title='bbox 1176 1953 1273 1976; x_wconf 83' lang='lat' dir='ltr'>Habitus</span> <span class='ocrx_word' id='word_1_689' title='bbox 1296 1956 1388 1976; x_wconf 87' lang='lat' dir='ltr'>creatus</span> <span class='ocrx_word' id='word_1_690' title='bbox 1410 1953 1498 1981; x_wconf 82' lang='lat' dir='ltr'>gratiae</span> <span class='ocrx_word' id='word_1_691' title='bbox 1519 1952 1681 1975; x_wconf 81' lang='lat' dir='ltr'>sanctificantis</span> <span class='ocrx_word' id='word_1_692' title='bbox 1702 1952 1782 1974; x_wconf 86' lang='lat' dir='ltr'>militat</span> <span class='ocrx_word' id='word_1_693' title='bbox 1804 1954 1882 1974; x_wconf 85' lang='lat' dir='ltr'>contra</span> 
     </span>
     <span class='ocr_line' id='line_1_130' title="bbox 1160 1994 1294 2016; baseline -0.007 0"><span class='ocrx_word' id='word_1_694' title='bbox 1160 1994 1294 2016; x_wconf 82' lang='lat' dir='ltr'>Lutherum.</span> 
     </span>
    </p>

    <p class='ocr_par' dir='ltr' id='par_1_90' title="bbox 1106 2030 1883 2135">
     <span class='ocr_line' id='line_1_131' title="bbox 1106 2030 1882 2062; baseline -0.004 -7"><span class='ocrx_word' id='word_1_695' title='bbox 1106 2033 1150 2055; x_wconf 80' lang='lat'>646</span> <span class='ocrx_word' id='word_1_696' title='bbox 1169 2039 1218 2062; x_wconf 84' lang='lat' dir='ltr'>seq.</span> <span class='ocrx_word' id='word_1_697' title='bbox 1235 2033 1311 2055; x_wconf 84' lang='lat' dir='ltr'>Gratia</span> <span class='ocrx_word' id='word_1_698' title='bbox 1329 2035 1461 2060; x_wconf 85' lang='lat' dir='ltr'>comparata</span> <span class='ocrx_word' id='word_1_699' title='bbox 1486 2032 1507 2054; x_wconf 89' lang='lat' dir='ltr'>in</span> <span class='ocrx_word' id='word_1_700' title='bbox 1530 2031 1618 2054; x_wconf 89' lang='lat' dir='ltr'>ratione</span> <span class='ocrx_word' id='word_1_701' title='bbox 1635 2030 1741 2053; x_wconf 76' lang='lat' dir='ltr'>motoris.</span> <span class='ocrx_word' id='word_1_702' title='bbox 1764 2030 1831 2053; x_wconf 85' lang='lat' dir='ltr'>Multa</span> <span class='ocrx_word' id='word_1_703' title='bbox 1853 2030 1882 2052; x_wconf 88' lang='lat' dir='ltr'>de</span> 
     </span>
     <span class='ocr_line' id='line_1_132' title="bbox 1160 2068 1883 2101; baseline -0.004 -6"><span class='ocrx_word' id='word_1_704' title='bbox 1160 2072 1324 2101; x_wconf 85' lang='lat' dir='ltr'>cooperatione</span> <span class='ocrx_word' id='word_1_705' title='bbox 1341 2071 1406 2094; x_wconf 87' lang='lat' dir='ltr'>liberi</span> <span class='ocrx_word' id='word_1_706' title='bbox 1428 2070 1515 2094; x_wconf 86' lang='lat' dir='ltr'>arbitrii</span> <span class='ocrx_word' id='word_1_707' title='bbox 1538 2073 1561 2093; x_wconf 88' lang='lat' dir='ltr'>et</span> <span class='ocrx_word' id='word_1_708' title='bbox 1582 2070 1712 2092; x_wconf 81' lang='lat' dir='ltr'>accuratius</span> <span class='ocrx_word' id='word_1_709' title='bbox 1734 2070 1763 2092; x_wconf 90' lang='lat' dir='ltr'>de</span> <span class='ocrx_word' id='word_1_710' title='bbox 1785 2068 1883 2092; x_wconf 75' lang='lat' dir='ltr'>scientia</span> 
     </span>
     <span class='ocr_line' id='line_1_133' title="bbox 1161 2111 1248 2135; baseline 0 -1"><span class='ocrx_word' id='word_1_711' title='bbox 1161 2111 1248 2135; x_wconf 78' lang='lat' dir='ltr'>media.</span> 
     </span>
    </p>

    <p class='ocr_par' dir='ltr' id='par_1_91' title="bbox 1107 2148 1882 2179">
     <span class='ocr_line' id='line_1_134' title="bbox 1107 2148 1882 2179; baseline -0.005 -5"><span class='ocrx_word' id='word_1_712' title='bbox 1107 2152 1152 2174; x_wconf 87' lang='lat'>655</span> <span class='ocrx_word' id='word_1_713' title='bbox 1169 2154 1192 2174; x_wconf 85' lang='lat' dir='ltr'>et</span> <span class='ocrx_word' id='word_1_714' title='bbox 1209 2152 1252 2173; x_wconf 85' lang='lat'>658</span> <span class='ocrx_word' id='word_1_715' title='bbox 1271 2157 1320 2179; x_wconf 82' lang='lat' dir='ltr'>seq.</span> <span class='ocrx_word' id='word_1_716' title='bbox 1338 2151 1403 2173; x_wconf 84' lang='lat' dir='ltr'>Plura</span> <span class='ocrx_word' id='word_1_717' title='bbox 1422 2151 1452 2173; x_wconf 85' lang='lat' dir='ltr'>de</span> <span class='ocrx_word' id='word_1_718' title='bbox 1469 2150 1569 2179; x_wconf 85' lang='lat' dir='ltr'>antiquis</span> <span class='ocrx_word' id='word_1_719' title='bbox 1586 2148 1771 2172; x_wconf 80' lang='lat' dir='ltr'>distinctionibus</span> <span class='ocrx_word' id='word_1_720' title='bbox 1788 2148 1882 2176; x_wconf 84' lang='lat' dir='ltr'>gratiae.</span> 
     </span>
    </p>

    <p class='ocr_par' dir='ltr' id='par_1_92' title="bbox 1105 2186 1884 2252">
     <span class='ocr_line' id='line_1_135' title="bbox 1105 2186 1884 2219; baseline -0.005 -6"><span class='ocrx_word' id='word_1_721' title='bbox 1105 2191 1151 2213; x_wconf 80' lang='lat'>665</span> <span class='ocrx_word' id='word_1_722' title='bbox 1168 2194 1190 2213; x_wconf 85' lang='lat' dir='ltr'>et</span> <span class='ocrx_word' id='word_1_723' title='bbox 1207 2191 1260 2212; x_wconf 81' lang='lat'>668.</span> <span class='ocrx_word' id='word_1_724' title='bbox 1278 2190 1401 2219; x_wconf 83' lang='lat' dir='ltr'>Quomodo</span> <span class='ocrx_word' id='word_1_725' title='bbox 1414 2189 1486 2217; x_wconf 72' lang='lat' dir='ltr'>gratia</span> <span class='ocrx_word' id='word_1_726' title='bbox 1499 2191 1613 2217; x_wconf 86' lang='lat' dir='ltr'>augeatur</span> <span class='ocrx_word' id='word_1_727' title='bbox 1624 2191 1646 2210; x_wconf 90' lang='lat' dir='ltr'>et</span> <span class='ocrx_word' id='word_1_728' title='bbox 1657 2188 1686 2211; x_wconf 92' lang='lat' dir='ltr'>de</span> <span class='ocrx_word' id='word_1_729' title='bbox 1698 2186 1884 2211; x_wconf 85' lang='lat' dir='ltr'>distinctionibus</span> 
     </span>
     <span class='ocr_line' id='line_1_136' title="bbox 1162 2230 1245 2252; baseline -0.012 0"><span class='ocrx_word' id='word_1_730' title='bbox 1162 2230 1245 2252; x_wconf 82' lang='lat' dir='ltr'>meriti.</span> 
     </span>
    </p>

    <p class='ocr_par' dir='ltr' id='par_1_93' title="bbox 1107 2267 1735 2297">
     <span class='ocr_line' id='line_1_137' title="bbox 1107 2267 1735 2297; baseline -0.003 -6"><span class='ocrx_word' id='word_1_731' title='bbox 1107 2269 1151 2291; x_wconf 80' lang='grc'>683</span> <span class='ocrx_word' id='word_1_732' title='bbox 1170 2274 1191 2291; x_wconf 85' lang='grc'>01</span> <span class='ocrx_word' id='word_1_733' title='bbox 1208 2269 1253 2290; x_wconf 81' lang='grc'><strong>687</strong></span> <span class='ocrx_word' id='word_1_734' title='bbox 1271 2275 1320 2297; x_wconf 83' lang='lat' dir='ltr'>seq.</span> <span class='ocrx_word' id='word_1_735' title='bbox 1338 2269 1371 2290; x_wconf 85' lang='lat' dir='ltr'>De</span> <span class='ocrx_word' id='word_1_736' title='bbox 1387 2268 1565 2296; x_wconf 83' lang='lat' dir='ltr'>praeparatione</span> <span class='ocrx_word' id='word_1_737' title='bbox 1582 2267 1610 2289; x_wconf 88' lang='lat' dir='ltr'>ad</span> <span class='ocrx_word' id='word_1_738' title='bbox 1629 2267 1735 2295; x_wconf 83' lang='lat' dir='ltr'>gratiam.</span> 
     </span>
    </p>

    <p class='ocr_par' dir='ltr' id='par_1_94' title="bbox 1107 2306 1768 2335">
     <span class='ocr_line' id='line_1_138' title="bbox 1107 2306 1768 2335; baseline -0.003 -5"><span class='ocrx_word' id='word_1_739' title='bbox 1107 2309 1161 2331; x_wconf 78' lang='grc'>697.</span> <span class='ocrx_word' id='word_1_740' title='bbox 1178 2308 1213 2330; x_wconf 83' lang='lat' dir='ltr'>De</span> <span class='ocrx_word' id='word_1_741' title='bbox 1228 2308 1390 2335; x_wconf 78' lang='lat' dir='ltr'>cooperatione</span> <span class='ocrx_word' id='word_1_742' title='bbox 1407 2307 1508 2329; x_wconf 84' lang='lat' dir='ltr'>hominis</span> <span class='ocrx_word' id='word_1_743' title='bbox 1522 2312 1575 2329; x_wconf 81' lang='lat' dir='ltr'>cum</span> <span class='ocrx_word' id='word_1_744' title='bbox 1593 2307 1654 2329; x_wconf 91' lang='lat' dir='ltr'>dono</span> <span class='ocrx_word' id='word_1_745' title='bbox 1672 2306 1768 2334; x_wconf 82' lang='lat' dir='ltr'>gratiae.</span> 
     </span>
    </p>

    <p class='ocr_par' dir='ltr' id='par_1_95' title="bbox 1107 2345 1883 2415">
     <span class='ocr_line' id='line_1_139' title="bbox 1107 2345 1883 2375; baseline -0.004 -6"><span class='ocrx_word' id='word_1_746' title='bbox 1107 2347 1161 2369; x_wconf 82' lang='grc'>702.</span> <span class='ocrx_word' id='word_1_747' title='bbox 1179 2346 1305 2374; x_wconf 82' lang='lat' dir='ltr'>opiniones</span> <span class='ocrx_word' id='word_1_748' title='bbox 1322 2346 1483 2375; x_wconf 84' lang='lat' dir='ltr'>antiquorum,</span> <span class='ocrx_word' id='word_1_749' title='bbox 1502 2349 1578 2368; x_wconf 85' lang='lat' dir='ltr'>utrum</span> <span class='ocrx_word' id='word_1_750' title='bbox 1596 2345 1671 2368; x_wconf 83' lang='lat' dir='ltr'>Adam</span> <span class='ocrx_word' id='word_1_751' title='bbox 1688 2348 1740 2367; x_wconf 88' lang='lat' dir='ltr'>ante</span> <span class='ocrx_word' id='word_1_752' title='bbox 1763 2347 1883 2373; x_wconf 87' lang='lat' dir='ltr'>peccatum</span> 
     </span>
     <span class='ocr_line' id='line_1_140' title="bbox 1163 2386 1588 2415; baseline -0.005 -6"><span class='ocrx_word' id='word_1_753' title='bbox 1163 2386 1270 2409; x_wconf 86' lang='lat' dir='ltr'>habuerit</span> <span class='ocrx_word' id='word_1_754' title='bbox 1286 2386 1384 2415; x_wconf 84' lang='lat' dir='ltr'>gratiam</span> <span class='ocrx_word' id='word_1_755' title='bbox 1401 2386 1588 2408; x_wconf 80' lang='lat' dir='ltr'>sanctificantem.</span> 
     </span>
    </p>

    <p class='ocr_par' dir='ltr' id='par_1_96' title="bbox 1107 2423 1883 2493">
     <span class='ocr_line' id='line_1_141' title="bbox 1107 2423 1883 2452; baseline -0.004 -4"><span class='ocrx_word' id='word_1_756' title='bbox 1107 2426 1162 2448; x_wconf 92' lang='lat' dir='ltr'>7l7.</span> <span class='ocrx_word' id='word_1_757' title='bbox 1180 2425 1295 2448; x_wconf 69' lang='lat' dir='ltr'>vossi-hilis</span> <span class='ocrx_word' id='word_1_758' title='bbox 1320 2425 1362 2447; x_wconf 76' lang='lat' dir='ltr'>fuit</span> <span class='ocrx_word' id='word_1_759' title='bbox 1386 2428 1458 2447; x_wconf 80' lang='lat' dir='ltr'>status</span> <span class='ocrx_word' id='word_1_760' title='bbox 1483 2428 1578 2447; x_wconf 83' lang='lat' dir='ltr'>naturae</span> <span class='ocrx_word' id='word_1_761' title='bbox 1603 2430 1675 2452; x_wconf 88' lang='lat' dir='ltr'>purae</span> <span class='ocrx_word' id='word_1_762' title='bbox 1700 2426 1777 2446; x_wconf 84' lang='lat' dir='ltr'>contra</span> <span class='ocrx_word' id='word_1_763' title='bbox 1803 2423 1883 2445; x_wconf 89' lang='lat' dir='ltr'>Baium</span> 
     </span>
     <span class='ocr_line' id='line_1_142' title="bbox 1163 2465 1274 2493; baseline 0 -7"><span class='ocrx_word' id='word_1_764' title='bbox 1163 2465 1274 2493; x_wconf 84' lang='lat' dir='ltr'>aliosque.</span> 
     </span>
    </p>

    <p class='ocr_par' dir='ltr' id='par_1_97' title="bbox 1108 2499 1885 2565">
     <span class='ocr_line' id='line_1_143' title="bbox 1108 2499 1885 2531; baseline -0.005 -6"><span class='ocrx_word' id='word_1_765' title='bbox 1108 2504 1161 2525; x_wconf 90' lang='grc'>721.</span> <span class='ocrx_word' id='word_1_766' title='bbox 1179 2503 1272 2531; x_wconf 84' lang='lat' dir='ltr'>Triplex</span> <span class='ocrx_word' id='word_1_767' title='bbox 1288 2503 1389 2526; x_wconf 87' lang='lat' dir='ltr'>condi-tio</span> <span class='ocrx_word' id='word_1_768' title='bbox 1407 2503 1429 2524; x_wconf 89' lang='lat' dir='ltr'>in</span> <span class='ocrx_word' id='word_1_769' title='bbox 1446 2502 1548 2530; x_wconf 80' lang='lat' dir='ltr'>Adamo,</span> <span class='ocrx_word' id='word_1_770' title='bbox 1566 2505 1591 2524; x_wconf 92' lang='lat' dir='ltr'>ut</span> <span class='ocrx_word' id='word_1_771' title='bbox 1612 2507 1763 2529; x_wconf 79' lang='lat' dir='ltr'>corrumpere</span> <span class='ocrx_word' id='word_1_772' title='bbox 1785 2499 1885 2528; x_wconf 89' lang='lat' dir='ltr'>potuerit</span> 
     </span>
     <span class='ocr_line' id='line_1_144' title="bbox 1163 2541 1592 2565; baseline -0.005 0"><span class='ocrx_word' id='word_1_773' title='bbox 1163 2546 1268 2565; x_wconf 83' lang='lat' dir='ltr'>naturam</span> <span class='ocrx_word' id='word_1_774' title='bbox 1286 2543 1307 2565; x_wconf 91' lang='lat' dir='ltr'>in</span> <span class='ocrx_word' id='word_1_775' title='bbox 1325 2542 1434 2565; x_wconf 87' lang='lat' dir='ltr'>omnibus</span> <span class='ocrx_word' id='word_1_776' title='bbox 1451 2541 1592 2564; x_wconf 88' lang='lat' dir='ltr'>hominibus.</span> 
     </span>
    </p>

    <p class='ocr_par' dir='ltr' id='par_1_98' title="bbox 1108 2580 1885 2690">
     <span class='ocr_line' id='line_1_145' title="bbox 1108 2580 1885 2611; baseline -0.004 -7"><span class='ocrx_word' id='word_1_777' title='bbox 1108 2582 1154 2605; x_wconf 83' lang='grc'>723</span> <span class='ocrx_word' id='word_1_778' title='bbox 1172 2589 1220 2611; x_wconf 76' lang='lat' dir='ltr'>seq.</span> <span class='ocrx_word' id='word_1_779' title='bbox 1238 2582 1361 2611; x_wconf 86' lang='lat' dir='ltr'>Quomodo</span> <span class='ocrx_word' id='word_1_780' title='bbox 1379 2581 1517 2604; x_wconf 83' lang='lat' dir='ltr'>conveniant</span> <span class='ocrx_word' id='word_1_781' title='bbox 1533 2584 1555 2603; x_wconf 87' lang='lat' dir='ltr'>et</span> <span class='ocrx_word' id='word_1_782' title='bbox 1572 2580 1691 2609; x_wconf 87' lang='lat' dir='ltr'>quomodo</span> <span class='ocrx_word' id='word_1_783' title='bbox 1703 2580 1839 2602; x_wconf 86' lang='lat' dir='ltr'>dissentiant</span> <span class='ocrx_word' id='word_1_784' title='bbox 1850 2580 1885 2602; x_wconf 83' lang='lat' dir='ltr'>Ss.</span> 
     </span>
     <span class='ocr_line' id='line_1_146' title="bbox 1165 2619 1885 2649; baseline -0.006 -5"><span class='ocrx_word' id='word_1_785' title='bbox 1165 2622 1268 2644; x_wconf 80' lang='lat' dir='ltr'>Thomas</span> <span class='ocrx_word' id='word_1_786' title='bbox 1285 2624 1307 2643; x_wconf 91' lang='lat' dir='ltr'>et</span> <span class='ocrx_word' id='word_1_787' title='bbox 1324 2622 1483 2644; x_wconf 79' lang='lat' dir='ltr'>Bonaventura</span> <span class='ocrx_word' id='word_1_788' title='bbox 1501 2620 1579 2649; x_wconf 86' lang='lat' dir='ltr'>quoad</span> <span class='ocrx_word' id='word_1_789' title='bbox 1596 2619 1719 2642; x_wconf 88' lang='lat' dir='ltr'>essentiam</span> <span class='ocrx_word' id='word_1_790' title='bbox 1736 2619 1823 2647; x_wconf 84' lang='lat' dir='ltr'>peccati</span> <span class='ocrx_word' id='word_1_791' title='bbox 1841 2619 1885 2641; x_wconf 85' lang='lat' dir='ltr'>ori-</span> 
     </span>
     <span class='ocr_line' id='line_1_147' title="bbox 1165 2662 1252 2690; baseline 0 -6"><span class='ocrx_word' id='word_1_792' title='bbox 1165 2662 1252 2690; x_wconf 87' lang='lat' dir='ltr'>ginalis.</span> 
     </span>
    </p>

    <p class='ocr_par' dir='ltr' id='par_1_99' title="bbox 1108 2699 1886 2802">
     <span class='ocr_line' id='line_1_148' title="bbox 1108 2699 1885 2730; baseline -0.006 -6"><span class='ocrx_word' id='word_1_793' title='bbox 1108 2702 1154 2724; x_wconf 84' lang='lat'>733</span> <span class='ocrx_word' id='word_1_794' title='bbox 1171 2708 1219 2730; x_wconf 83' lang='lat' dir='ltr'>seq.</span> <span class='ocrx_word' id='word_1_795' title='bbox 1237 2701 1362 2728; x_wconf 90' lang='lat' dir='ltr'>Opiniones</span> <span class='ocrx_word' id='word_1_796' title='bbox 1379 2700 1486 2723; x_wconf 83' lang='lat' dir='ltr'>diversae</span> <span class='ocrx_word' id='word_1_797' title='bbox 1503 2699 1562 2721; x_wconf 88' lang='lat' dir='ltr'>circa</span> <span class='ocrx_word' id='word_1_798' title='bbox 1580 2699 1689 2725; x_wconf 88' lang='lat' dir='ltr'>modum,</span> <span class='ocrx_word' id='word_1_799' title='bbox 1707 2704 1754 2727; x_wconf 91' lang='lat' dir='ltr'>quo</span> <span class='ocrx_word' id='word_1_800' title='bbox 1766 2704 1792 2720; x_wconf 81' lang='lat' dir='ltr'>ex</span> <span class='ocrx_word' id='word_1_801' title='bbox 1804 2701 1885 2720; x_wconf 84' lang='lat' dir='ltr'>natura</span> 
     </span>
     <span class='ocr_line' id='line_1_149' title="bbox 1164 2737 1886 2768; baseline -0.006 -6"><span class='ocrx_word' id='word_1_802' title='bbox 1164 2740 1246 2763; x_wconf 90' lang='lat' dir='ltr'>Adami</span> <span class='ocrx_word' id='word_1_803' title='bbox 1265 2739 1350 2768; x_wconf 83' lang='lat' dir='ltr'>aliquid</span> <span class='ocrx_word' id='word_1_804' title='bbox 1369 2739 1484 2762; x_wconf 88' lang='lat' dir='ltr'>transierit</span> <span class='ocrx_word' id='word_1_805' title='bbox 1501 2738 1648 2761; x_wconf 88' lang='lat' dir='ltr'>materialiter</span> <span class='ocrx_word' id='word_1_806' title='bbox 1668 2737 1688 2760; x_wconf 91' lang='lat' dir='ltr'>in</span> <span class='ocrx_word' id='word_1_807' title='bbox 1711 2737 1830 2759; x_wconf 81' lang='lat' dir='ltr'>veritatem</span> <span class='ocrx_word' id='word_1_808' title='bbox 1850 2743 1886 2759; x_wconf 88' lang='lat' dir='ltr'>na-</span> 
     </span>
     <span class='ocr_line' id='line_1_150' title="bbox 1163 2780 1367 2802; baseline -0.005 0"><span class='ocrx_word' id='word_1_809' title='bbox 1163 2783 1229 2802; x_wconf 88' lang='lat' dir='ltr'>turae</span> <span class='ocrx_word' id='word_1_810' title='bbox 1246 2780 1367 2801; x_wconf 81' lang='lat' dir='ltr'>humanae.</span> 
     </span>
    </p>

    <p class='ocr_par' dir='ltr' id='par_1_100' title="bbox 1109 2815 1795 2847">
     <span class='ocr_line' id='line_1_151' title="bbox 1109 2815 1795 2847; baseline -0.006 -6"><span class='ocrx_word' id='word_1_811' title='bbox 1109 2819 1164 2841; x_wconf 41' lang='grc'>7511.</span> <span class='ocrx_word' id='word_1_812' title='bbox 1181 2818 1248 2847; x_wconf 84' lang='lat' dir='ltr'>Quod</span> <span class='ocrx_word' id='word_1_813' title='bbox 1266 2818 1342 2840; x_wconf 84' lang='lat' dir='ltr'>anima</span> <span class='ocrx_word' id='word_1_814' title='bbox 1360 2818 1422 2840; x_wconf 80' lang='lat' dir='ltr'>infici</span> <span class='ocrx_word' id='word_1_815' title='bbox 1440 2817 1512 2846; x_wconf 88' lang='lat' dir='ltr'>possit</span> <span class='ocrx_word' id='word_1_816' title='bbox 1528 2823 1540 2839; x_wconf 88' lang='lat' dir='ltr'>a</span> <span class='ocrx_word' id='word_1_817' title='bbox 1558 2822 1638 2844; x_wconf 86' lang='lat' dir='ltr'>carne,</span> <span class='ocrx_word' id='word_1_818' title='bbox 1656 2815 1795 2838; x_wconf 79' lang='lat' dir='ltr'>detenditur.</span> 
     </span>
    </p>

    <p class='ocr_par' dir='ltr' id='par_1_101' title="bbox 1109 2855 1887 2925">
     <span class='ocr_line' id='line_1_152' title="bbox 1109 2855 1887 2885; baseline -0.006 -5"><span class='ocrx_word' id='word_1_819' title='bbox 1109 2858 1163 2880; x_wconf 89' lang='grc'>762.</span> <span class='ocrx_word' id='word_1_820' title='bbox 1181 2858 1281 2880; x_wconf 72' lang='grc'>501111111-</span> <span class='ocrx_word' id='word_1_821' title='bbox 1293 2857 1422 2885; x_wconf 81' lang='lat' dir='ltr'>difficultas,</span> <span class='ocrx_word' id='word_1_822' title='bbox 1435 2856 1553 2885; x_wconf 88' lang='lat' dir='ltr'>quomodo</span> <span class='ocrx_word' id='word_1_823' title='bbox 1565 2855 1752 2883; x_wconf 78' lang='lat' dir='ltr'>concupiscentia</span> <span class='ocrx_word' id='word_1_824' title='bbox 1770 2857 1887 2876; x_wconf 82' lang='lat' dir='ltr'>remaneat</span> 
     </span>
     <span class='ocr_line' id='line_1_153' title="bbox 1166 2897 1334 2925; baseline 0 -6"><span class='ocrx_word' id='word_1_825' title='bbox 1166 2898 1188 2919; x_wconf 92' lang='lat' dir='ltr'>in</span> <span class='ocrx_word' id='word_1_826' title='bbox 1206 2897 1334 2925; x_wconf 83' lang='lat' dir='ltr'>baptizatis.</span> 
     </span>
    </p>

    <p class='ocr_par' dir='ltr' id='par_1_102' title="bbox 1109 2934 1760 2965">
     <span class='ocr_line' id='line_1_154' title="bbox 1109 2934 1760 2965; baseline -0.006 -6"><span class='ocrx_word' id='word_1_827' title='bbox 1109 2937 1163 2965; x_wconf 74' lang='lat'>778,</span> <span class='ocrx_word' id='word_1_828' title='bbox 1180 2940 1233 2959; x_wconf 85' lang='lat' dir='ltr'>nota</span> <span class='ocrx_word' id='word_1_829' title='bbox 1251 2937 1272 2958; x_wconf 88' lang='grc'>2.</span> <span class='ocrx_word' id='word_1_830' title='bbox 1289 2936 1356 2959; x_wconf 91' lang='lat' dir='ltr'>Unde</span> <span class='ocrx_word' id='word_1_831' title='bbox 1372 2936 1400 2958; x_wconf 82' lang='lat' dir='ltr'>sit</span> <span class='ocrx_word' id='word_1_832' title='bbox 1418 2934 1604 2963; x_wconf 79' lang='lat' dir='ltr'>praeexcellentia</span> <span class='ocrx_word' id='word_1_833' title='bbox 1623 2934 1760 2956; x_wconf 87' lang='lat' dir='ltr'>animarum.</span> 
     </span>
    </p>

    <p class='ocr_par' dir='ltr' id='par_1_103' title="bbox 1110 2972 1887 3037">
     <span class='ocr_line' id='line_1_155' title="bbox 1110 2972 1887 3004; baseline -0.005 -6"><span class='ocrx_word' id='word_1_834' title='bbox 1110 2976 1165 2999; x_wconf 78' lang='lat'>795.</span> <span class='ocrx_word' id='word_1_835' title='bbox 1183 2977 1257 3004; x_wconf 81' lang='lat' dir='ltr'>Quam</span> <span class='ocrx_word' id='word_1_836' title='bbox 1275 2981 1374 3003; x_wconf 86' lang='lat' dir='ltr'>poenam</span> <span class='ocrx_word' id='word_1_837' title='bbox 1392 2974 1482 3002; x_wconf 75' lang='lat' dir='ltr'>parvuli</span> <span class='ocrx_word' id='word_1_838' title='bbox 1500 2974 1522 2996; x_wconf 92' lang='lat' dir='ltr'>in</span> <span class='ocrx_word' id='word_1_839' title='bbox 1540 2975 1635 3001; x_wconf 88' lang='lat' dir='ltr'>peccato</span> <span class='ocrx_word' id='word_1_840' title='bbox 1652 2973 1758 3000; x_wconf 79' lang='lat' dir='ltr'>originali</span> <span class='ocrx_word' id='word_1_841' title='bbox 1774 2972 1887 2995; x_wconf 86' lang='lat' dir='ltr'>deceden-</span> 
     </span>
     <span class='ocr_line' id='line_1_156' title="bbox 1166 3014 1349 3037; baseline -0.011 0"><span class='ocrx_word' id='word_1_842' title='bbox 1166 3018 1199 3037; x_wconf 85' lang='lat' dir='ltr'>tes</span> <span class='ocrx_word' id='word_1_843' title='bbox 1216 3014 1349 3037; x_wconf 79' lang='lat' dir='ltr'>sustineant.</span> 
     </span>
    </p>
   </div>
  </div>
 </body>
</html>
