2269 3448
390 191 442 218 156

638 230 690 252 ΡΟΕ

433 282 462 284 —
480 269 599 298 quomodo
612 269 640 291 sit
652 269 753 291 facienda
771 269 811 290 196
825 268 840 290 b
858 281 888 284 —
900 275 952 296 per-

386 310 440 331 fecta
461 308 556 337 requirit
573 311 661 335 septem
680 308 823 330 conditiones
841 308 881 329 371
896 314 915 335 a,
930 307 951 329 1),

386 348 430 370 372
441 354 451 369 3
471 361 499 363 -
520 348 561 370 l‘ro
574 348 672 375 singulis
684 347 808 369 adducitur
820 348 951 375 exemplum

384 386 439 409 itud.
452 400 481 402 —
494 392 527 409 est
545 393 598 409 vera
612 390 633 408 et
644 387 723 414 digna,
736 386 830 415 quando
842 393 869 408 ex
881 386 951 408 abun-

384 427 461 449 dantia
479 427 633 454 lacrymarum
652 429 674 448 et
685 432 783 454 operum
797 426 888 454 pietatis
899 432 953 448 con-

385 466 457 493 surgit
479 465 522 487 215
542 466 555 487 lJ
575 478 605 481 —
632 466 752 488 Poenitens
774 465 844 488 debet
867 465 953 487 habere

386 505 537 527 humilitatem
556 505 641 532 operis,
658 505 712 531 oris,
730 505 807 527 cordis
828 505 872 526 392
891 504 905 526 l]
925 516 952 519 ——

387 544 507 566 poenitens
525 550 594 566 verus
611 543 679 566 debet
698 543 782 566 nabere
796 544 917 571 pudorem,
930 543 953 565 ti-

386 590 482 611 morem,
500 584 616 611 dolorem,
634 590 751 611 amorem,
769 583 889 609 ardorem,
906 582 954 604 dul-

386 629 464 645 corem
485 623 527 645 403
547 622 561 644 h
581 635 608 638 <-
627 622 694 644 delJei
713 628 763 644 esse
781 621 907 649 profunda,
925 621 954 643 la-

386 668 501 689 crymosa,
519 662 668 684 satisfactoria
687 662 731 683 3158
744 667 755 683 a
774 673 804 676 —
827 666 900 689 quare
916 660 953 681 de-

387 701 439 723 beat
457 701 542 723 nabere
559 702 600 722 1135
617 701 760 722 conditiones
777 699 807 722 itt.
824 706 844 721 3.
863 699 877 721 b

432 753 463 756 —
482 740 601 763 l‘oeuiteus
619 740 732 767 relinquat
744 742 864 767 peccatum
883 738 953 760 corde

385 784 407 802 et
424 786 495 807 opere
514 780 556 801 409
577 780 590 801 11
612 792 637 794 -
656 779 717 807 Quid
735 779 763 800 sit
779 779 852 800 faci-re
870 777 953 805 dignos

387 821 474 841 fructus
493 819 646 846 poeniteutiae
664 818 709 840 372
724 824 736 840 a
754 830 784 834 —
802 818 854 839 Eius
867 818 954 839 fruetus

387 858 472 880 debent
482 864 531 880 esse
544 858 645 880 virtuosa
659 857 771 885 operatio,
783 857 869 879 1101111111
880 862 954 878 exem-

388 899 465 926 plum,
484 898 590 919 continua
615 898 664 919 laus
683 897 727 919 224
745 903 756 918 3
779 909 809 912 -
832 896 954 918 Poenitens

386 938 453 960 eitius
465 937 568 959 exaudiri
582 940 690 963 meretur,
702 936 797 964 qnando
815 936 898 958 devote
911 941 953 962 pro

386 977 436 999 aliis
453 977 574 999 intercedit
592 977 631 998 391
656 976 669 998 b

434 1029 464 1032 —
483 1017 504 1038 ln
524 1016 663 1044 poenitentia
680 1018 715 1037 est
732 1015 811 1043 triplex
829 1017 901 1037 status
925 1014 954 1035 in-

386 1056 530 1084 cipientium,
544 1055 720 1083 proficientium,
739 1055 894 1082 perfectorum
909 1054 953 1076 55-29

388 1095 402 1117 b
419 1108 450 1111 —
469 1095 503 1117 isti
521 1095 673 1122 designantur
697 1100 738 1122 per
758 1094 844 1121 nubes,
862 1094 953 1121 grandi·

386 1141 451 1161 nem,
469 1133 582 1156 carbones
599 1133 653 1156 ibid.

435 1187 462 1189 ——
482 1175 503 1196 ln
528 1173 660 1201 poenitente
681 1173 710 1194 sit
732 1173 827 1194 affectus
850 1178 953 1200 compas-

386 1213 468 1239 sionis,
486 1219 593 1235 excessus
610 1213 739 1235 dilectionis
761 1216 783 1234 et
799 1212 953 1234 consideratio

387 1253 516 1275 dominicae
534 1252 647 1280 passionis
665 1252 709 1273 ‘lle
729 1251 742 1273 1)
760 1263 791 1267 -
810 1251 954 1273 Poenitentes

387 1298 425 1314 sex
447 1292 552 1314 exercitia
579 1293 653 1313 facere
670 1291 755 1313 debent
772 1291 817 1313 225
836 1290 915 1312 1)-227
940 1289 954 1311 1)

386 1344 416 1347 -
435 1332 576 1353 poenitentes
594 1330 679 1353 debent
691 1330 809 1352 ambulare
827 1336 872 1352 non
885 1329 954 1351 invia

386 1371 488 1398 pedum,
505 1370 546 1392 sed
566 1376 656 1392 morum
680 1370 724 1391 225
743 1369 758 1391 1)
781 1382 812 1385 -
836 1369 955 1391 1100311335

387 1410 444 1431 mori
463 1410 532 1431 debet
549 1409 673 1431 carnalitati
691 1412 804 1438 quantum
822 1408 852 1430 ad
869 1411 954 1435 actum,

387 1455 523 1471 consensum
542 1452 564 1470 et
576 1449 683 1470 affectum
702 1448 746 1470 270
759 1455 770 1469 a
789 1460 819 1464 —
834 1448 954 1470 Poeniteiis

387 1489 444 1510 mori
456 1487 525 1510 debet
536 1488 655 1516 cupiditati
666 1494 707 1515 per
720 1490 879 1515 contemptum
890 1493 955 1509 mun-

386 1528 461 1550 danae
473 1527 631 1554 excellentiae,
649 1527 777 1555 sapientiae
788 1530 810 1549 et
823 1527 955 1554 opulentiae

386 1566 416 1589 it).
429 1566 443 1588 1)
461 1579 491 1583 ——
504 1567 627 1589 Dominum
646 1567 722 1588 triduo
733 1566 885 1593 sustinemus,
897 1566 953 1588 dum

387 1610 480 1634 peccata
499 1612 541 1634 per
560 1606 722 1634 poenitentiam
741 1606 886 1628 declinamus
909 1606 953 1627 380

387 1652 398 1668 a
411 1658 442 1662 --
456 1645 619 1668 Poenitentiam
640 1646 748 1668 facientes
765 1652 811 1667 non
824 1645 956 1673 despiciunt

387 1684 504 1708 Christum
532 1686 573 1707 105
592 1692 603 1707 3
629 1698 659 1700 -
683 1685 806 1713 Quomodo
830 1684 954 1711 luxuriosi,

387 1724 547 1747 inobedientes
564 1729 586 1747 et
608 1725 671 1746 avari
698 1724 862 1752 poenitentiam
886 1730 955 1751 agere

388 1763 488 1786 debeant
510 1764 551 1786 103
570 1763 592 1786 b.
616 1764 656 1786 104
673 1770 685 1785 3

436 1816 464 1818 -
483 1804 603 1825 Τ131151135
621 1803 788 1830 poenitentialis
811 1806 843 1825 est
862 1809 955 1825 amarus

387 1846 409 1865 et
426 1843 551 1865 continuus
570 1843 597 1864 42
611 1848 622 1864 3
636 1855 665 1858 -
679 1842 758 1864 Mentis
770 1842 901 1864 amaritudo
914 1848 955 1863 uos

388 1882 451 1910 ponit
468 1882 490 1903 in
510 1882 545 1903 via
566 1881 720 1909 poenitentiae
741 1882 781 1903 128
801 1887 812 1902 3
831 1893 860 1897 -
886 1881 955 1903 dehet

388 1927 437 1943 esse.
455 1927 532 1942 amara
551 1924 573 1942 et
591 1921 740 1942 satisfactoria
754 1920 798 1943 550
812 1920 826 1942 b
845 1933 874 1936 —
886 1920 955 1942 debet

388 1967 438 1982 esse
455 1966 536 1988 aspera
555 1960 599 1982 546
613 1966 624 1981 3
638 1972 667 1976 -
681 1961 726 1982 1130
738 1960 768 1982 de
780 1966 804 1982 re
822 1966 955 1988 proponun-

389 2002 424 2022 tur
436 1999 539 2027 exempla
558 2000 694 2021 Sanctorum
714 1998 766 2022 ibid,
784 2011 814 2015 —
832 1999 892 2021 sitin
906 1999 955 2021 vili-

388 2043 432 2060 tate
450 2042 471 2060 ct
488 2039 610 2066 asperitate
627 2039 650 2060 91
668 2045 679 2060 3
694 2051 722 2053 -
735 2039 861 2061 Austeritas
879 2039 964 2069 poeni-¹

389 2079 470 2100 tentiae
488 2078 589 2100 consistit
611 2078 633 2100 in
659 2078 790 2100 austeritate
816 2078 872 2105 loci,
889 2078 955 2100 vesti-

388 2117 457 2139 menti
476 2119 498 2139 et
515 2116 560 2139 cibi
578 2117 623 2139 516
635 2123 647 2139 3
666 2129 695 2133 -
713 2117 794 2139 Omnia
813 2123 882 2145 opera
901 2124 955 2145 poe-

388 2156 496 2178 nitentiae
514 2159 632 2184 ponuntur
649 2162 719 2184 super
736 2162 829 2178 carnem
849 2157 877 2178 82
893 2156 907 2178 b
925 2169 955 2172 —

388 2202 433 2218 non
451 2199 485 2217 est
501 2195 650 2223 nominanda,
664 2195 702 2217 ubi
716 2196 774 2217 nulla
794 2198 848 2217 sunt
864 2201 955 2223 aspera,

388 2235 427 2257 sed
447 2235 521 2257 dulcia
542 2235 648 2257 universa
668 2235 712 2257 516
731 2241 743 2257 3

435 2287 466 2291 -
483 2274 553 2297 dehet
578 2280 628 2296 esse
652 2274 801 2302 tempestiva,
819 2281 884 2302 vera,
904 2281 955 2296 con-

390 2314 451 2336 tinua
470 2318 491 2336 et
510 2314 612 2341 poenalis
630 2314 674 2336 539
693 2320 704 2335 3
724 2327 751 2329 -
776 2315 797 2335 111
817 2314 954 2341 poenitentia

389 2356 423 2375 est
440 2354 520 2375 effusio
538 2354 691 2380 lacrymarum
711 2359 752 2381 pro
778 2353 901 2375 amissione
919 2360 956 2375 ae-

392 2396 508 2414 ternorum
529 2392 572 2413 211
593 2392 607 2414 l)
624 2405 653 2407 —
673 2393 792 2414 Poeu'iteus
815 2392 885 2414 dehet
901 2399 956 2421 quo-

391 2432 482 2453 tidianis
508 2431 616 2459 lacrymis
633 2438 657 2453 50
683 2432 759 2453 lavare
777 2432 822 2454 343
840 2431 854 2453 b
882 2444 909 2447 —
934 2432 955 2454 ln

390 2471 528 2498 poenitentia
548 2470 652 2492 habenda
672 2474 705 2492 est
723 2471 829 2498 patientia
847 2471 876 2493 54
896 2471 909 2492 1)
927 2483 956 2487 -—

390 2510 510 2532 conficitur
528 2516 553 2531 ex
572 2510 678 2537 lacrymis
696 2510 879 2538 compunctivis,
897 2516 957 2532 com-

390 2550 489 2577 passivis
506 2553 528 2571 et
545 2555 636 2571 sursum
655 2550 735 2571 activis
754 2550 793 2571 301
817 2549 830 2571 11

437 2601 467 2605 —-
485 2589 614 2610 l‘uriticatio
638 2589 806 2616 poenitentialis
830 2592 862 2611 051
880 2596 906 2612 ex
924 2596 958 2611 ar-

391 2628 447 2650 dore
471 2628 629 2650 aemulationis
651 2628 749 2650 iustitiae
773 2629 817 2650 1531)·
836 2635 847 2650 3
874 2640 904 2644 -
921 2629 957 2651 Se-

391 2668 493 2689 cundum
513 2673 645 2689 mensuram
659 2668 740 2695 culpae
753 2668 821 2690 debet
833 2674 883 2690 esse
896 2674 957 2690 men·

390 2713 442 2728 sura
457 2707 610 2734 poenitentiae
624 2706 667 2728 546
681 2706 694 2728 b
706 2719 735 2722 —
749 2710 809 2729 tanto
822 2707 895 2729 maior
907 2713 957 2729 esse

391 2745 466 2773 debet,
476 2749 562 2774 quanto
574 2746 711 2773 111-1111101051
722 2746 789 2773 culpa
801 2746 845 2767 372
856 2753 876 2768 a.
887 2747 931 2767 :580
942 2746 956 2768 1]

438 2798 467 2801 —
485 2785 593 2807 Veientes
617 2791 753 2812 permanere
776 2785 796 2806 in
819 2786 955 2813 poenitentia

390 2824 476 2846 dehent
494 2824 640 2846 considerare
659 2827 747 2846 reatum
767 2824 862 2852 peceati,
874 2825 957 2846 severi-

392 2867 459 2885 tatem
480 2864 570 2890 iudicii,
596 2864 792 2891 opportunitatem
811 2864 866 2890 loci,
886 2864 957 2886 incer-

391 2902 511 2924 titudinem
531 2903 575 2924 diei
594 2903 689 2925 extremi
713 2906 735 2925 et
757 2906 829 2925 status
852 2904 887 2925 sui
911 2903 956 2925 214

391 2940 414 2963 1).
433 2942 478 2963 215
496 2947 507 2962 3
531 2954 560 2957 -
580 2942 637 2963 Vere
660 2942 802 2969 poenitentes
824 2943 957 2964 custodiunt

391 2980 491 3002 animam
511 2987 550 3008 per
568 2981 672 3002 dolorem
695 2981 735 3003 153
754 2981 768 3003 1)
787 2994 815 2997 ——
839 2981 957 3003 Paenitens

986 268 1056 291 debet
1073 271 1150 296 petere
1168 268 1322 296 cognitionem
1342 272 1518 297 praeceptorum
1532 271 1553 290 et

986 308 1147 335 consiliorum,
1166 314 1194 330 ne
1212 308 1297 330 incidat
1314 308 1335 330 in
1354 314 1437 330 manus
1449 308 1553 330 inimico-

987 354 1037 369 rum
1051 348 1096 369 216
1111 347 1124 369 b
1137 360 1167 363 -—
1180 347 1300 369 Poenitens
1317 347 1393 375 potius
1406 347 1475 369 debet
1487 348 1552 374 velle,

986 393 1010 408 se
1032 387 1155 408 incurrisse
1176 390 1274 408 mortem
1292 387 1397 414 corporis
1413 393 1483 415 quam
1503 393 1553 414 pec*

987 432 1051 448 casse
1069 426 1193 448 mortaliter
1210 426 1255 448 397
1274 432 1285 447 3

1035 478 1063 481 —
1081 465 1201 487 poenitens
1213 465 1243 487 de
1254 472 1317 487 novo
1329 471 1457 488 conversus
1469 465 1553 492 deficit,

987 504 1005 527 51
1023 505 1159 533 relinquitur
1176 510 1231 526 suae
1249 505 1360 526 voluntati
1380 504 1423 526 409
1437 503 1452 526 h
1470 517 1498 520 —
1516 504 1553 526 de—

988 543 1026 565 bet
1043 544 1174 566 confirmari
1192 544 1276 565 divinis
1293 543 1391 572 eloquiis
1410 546 1431 565 et
1448 544 1553 571 exemplo

988 584 1124 605 Sanctorum
1138 582 1192 605 ibid.
1206 596 1234 598 —
1247 583 1391 605 Poenitentes
1408 582 1494 605 debent
1509 589 1553 604 ma-

987 623 1020 644 105
1037 622 1112 644 socios
1129 622 1157 644 ad
1177 622 1273 649 gratiam
1292 622 1404 644 suscitare
1426 622 1470 643 227
1488 628 1500 643 3
1523 634 1554 638 -

988 662 1107 683 Poenitens
1119 665 1200 683 caveat
1212 662 1294 683 iterare
1305 661 1410 688 culpam,
1426 661 1467 683 sed
1480 661 1555 688 magis

987 700 1078 722 studeat
1095 700 1258 728 praescindere
1275 700 1421 722 occasionem
1444 700 1553 727 peccandi

987 740 1032 762 725
1046 739 1060 761 1)
1077 752 1107 756 -
1127 740 1247 762 Poenitens
1260 739 1329 761 (lebet
1345 739 1495 762 contubernia
1510 746 1555 761 ma-

986 780 1061 802 lorum
1084 779 1197 801 declinare
1224 785 1267 801 non
1292 779 1393 801 timendo
1420 785 1500 801 eorum
1523 779 1555 800 vi-

988 819 1090 847 tuperia,
1108 825 1153 841 non
1171 819 1303 847 appetendo
1321 825 1402 841 eorum
1420 819 1554 846 praeconia,

988 865 1033 880 non
1051 859 1171 887 sequendo
1194 864 1275 880 eorum
1300 857 1456 886 blandiloqnia
1480 858 1524 879 227
1542 864 1554 879 3

987 911 1017 914 -
1029 898 1172 920 Poenitentcs
1184 897 1270 920 debent
1282 899 1428 926 frequentare
1441 897 1554 919 bonorum

988 938 1130 960 consortium
1143 940 1238 965 propter
1250 937 1438 963 consolationem,
1448 936 1555 959 eruditio-

988 984 1048 1005 nem,
1067 977 1254 999 intercessionem
1272 976 1302 999 ib.
1320 976 1334 998 b

1036 1030 1065 1033 —
1084 1020 1118 1038 est
1136 1016 1305 1044 purgatorium,
1319 1016 1382 1044 quod
1400 1016 1500 1037 animam
1516 1022 1555 1043 pu-

988 1057 1060 1079 rificat
1078 1056 1122 1078 534
1142 1056 1156 1078 l>
1177 1069 1203 1071 —
1222 1056 1296 1083 Opera
1324 1055 1478 1083 poenitentiae
1495 1061 1556 1077 exer-

988 1096 1061 1118 cendo
1080 1096 1182 1117 vix-imus
1199 1095 1244 1117 vita
1258 1095 1346 1122 gratiae
1363 1098 1384 1116 et
1401 1101 1447 1116 non
1466 1093 1555 1116 videbi-

989 1142 1040 1158 mus
1059 1139 1155 1157 mortem
1174 1135 1256 1162 eulpae
1269 1135 1312 1156 239
1332 1134 1346 1156 l]
1363 1146 1395 1150 —
1411 1134 1462 1156 licet
1480 1134 1555 1155 videa-

989 1178 1024 1197 tur
1043 1174 1203 1197 mortificativa
1222 1174 1333 1201 exterius,
1351 1177 1385 1195 est
1402 1176 1477 1195 tamen
1497 1173 1555 1194 vivi-

989 1214 1078 1236 acaum
1097 1214 1191 1236 interius
1209 1214 1253 1235 270
1273 1213 1287 1234 b
1304 1225 1334 1229 ——
1353 1213 1426 1240 ipsius
1443 1216 1477 1235 est
1495 1218 1556 1234 com-

989 1254 1057 1276 missa
1068 1253 1126 1275 mala
1137 1254 1287 1280 plangere,ea
1298 1252 1392 1274 abluere
1402 1256 1423 1274 et
1433 1252 1555 1280 purificare

988 1298 1011 1315 et
1027 1293 1140 1315 reducere
1157 1293 1185 1314 ad
1211 1292 1320 1314 unitatem
1345 1291 1458 1313 Ecclesiae
1480 1291 1525 1313 055
1544 1297 1555 1312 3

988 1345 1018 1349 -
1036 1332 1157 1354 Poenitens
1174 1331 1254 1353 dolens
1275 1331 1305 1352 de
1329 1331 1427 1358 peccatis
1446 1333 1467 1352 et
1489 1336 1514 1352 se
1531 1330 1556 1352 li-

988 1372 1068 1394 benter
1086 1370 1189 1393 subdens
1210 1370 1308 1392 Domino
1335 1371 1440 1398 impetrat
1464 1370 1555 1391 veniam

989 1412 1034 1433 383
1052 1417 1063 1432 a
1081 1423 1111 1427 —
1129 1410 1193 1432 (lucit
1209 1410 1238 1432 ad
1255 1410 1401 1432 dilectionem
1420 1409 1465 1431 270
1479 1408 1493 1430 1)

1036 1463 1065 1466 —
1093 1449 1246 1472 poenitentiae
1271 1450 1366 1471 effectus
1388 1453 1422 1470 est
1444 1448 1556 1476 mitigatio

989 1490 1148 1512 incendiorum
1175 1489 1219 1511 656
1238 1494 1250 1510 3
1278 1501 1305 1504 —-
1332 1488 1354 1510 in
1380 1487 1447 1510 nobis
1472 1487 1557 1510 occidit

988 1530 1054 1557 plene
1072 1534 1165 1551 omnem
1184 1528 1341 1550 carnalitatem
1360 1527 1404 1549 270
1423 1527 1437 1549 b
1455 1540 1485 1543 —
1506 1527 1556 1549 Pro-

989 1572 1039 1597 pter
1057 1568 1219 1596 poenitentiam
1233 1574 1276 1589 nos
1293 1567 1400 1595 relinquit
1416 1566 1523 1589 diabolus
1534 1570 1556 1588 et

989 1607 1175 1636 concupiscentia
1193 1608 1238 1629 216
1252 1606 1267 1628 l)

1038 1660 1066 1663 »-
1085 1647 1145 1668 Vere
1158 1646 1277 1674 poenitens
1290 1646 1407 1668 desiderat
1418 1651 1556 1673 recuperare

990 1686 1158 1713 innocentiam,
1178 1690 1201 1708 ut
1220 1686 1291 1707 Deum
1311 1685 1332 1707 in
1353 1691 1377 1707 se
1394 1685 1477 1707 sentiat
1494 1684 1556 1706 habi-

990 1730 1037 1748 tare
1054 1725 1099 1747 675
1117 1725 1131 1747 l]
1152 1738 1179 1740 —
1199 1725 1251 1747 facit
1265 1725 1383 1747 hominem
1396 1724 1555 1752 propinquum

990 1765 1053 1787 caelo
1071 1764 1116 1787 540
1130 1770 1141 1786 3
1159 1776 1189 1780 -
1207 1764 1270 1786 ducit
1286 1764 1315 1785 ad
1333 1763 1431 1791 gloriam
1445 1763 1489 1785 465
1502 1769 1513 1785 3
1526 1775 1556 1779 -

991 1805 1049 1827 Vere
1068 1804 1187 1832 poenitens
1204 1803 1299 1830 accipiet
1314 1803 1443 1830 praemium
1461 1803 1556 1830 gratiae,

989 1844 1089 1866 iustiliae
1107 1846 1129 1865 et
1146 1843 1233 1871 gloriae
1251 1843 1295 1865 393
1314 1842 1329 1864 1)
1351 1855 1381 1858 -
1404 1842 1446 1870 Qui
1470 1842 1555 1870 fatigati

974 1886 1042 1906 -sunt
1059 1889 1084 1905 ex
1103 1883 1181 1904 labore
1199 1882 1359 1910 poenitentiae,
1385 1881 1509 1903 invitantur
1527 1882 1556 1903 ad

989 1923 1131 1945 consortium
1151 1921 1299 1944 iucunditatis
1316 1923 1422 1943 aeternae-
1441 1921 1484 1943 256
1502 1928 1512 1943 3
1526 1933 1557 1937 -

989 1963 1011 1984 Si
1025 1962 1144 1990 putridum
1155 1967 1240 1989 corpus
1253 1961 1299 1983 Deo
1311 1960 1557 1983 abbaudoimverlmus

989 2001 1010 2023 in
1030 2001 1181 2029 poenitentia,
1204 2000 1343 2028 recipiemus
1365 2006 1477 2027 inagnum
1500 2006 1554 2027 gau-

988 2041 1053 2062 ‹lium
1072 2040 1116 2062 528
1134 2046 1146 2061 a
1164 2052 1195 2056 -—-
1213 2040 1234 2061 ln
1254 2039 1390 2067 poenitentia
1408 2039 1557 2067 persistentes

989 2082 1132 2107 consurgunt
1149 2086 1201 2101 cum
1221 2079 1310 2101 Christo
1329 2079 1373 2100 279
1391 2085 1402 2100 3

1035 2131 1066 2135 —-
1084 2119 1173 2140 Nullum
1193 2121 1226 2140 est
1246 2120 1291 2139 tam
1316 2123 1411 2139 enorme
1433 2117 1555 2145 delictum,

989 2158 1051 2186 quod
1071 2157 1207 2185 poenitentia
1227 2163 1270 2179 non
1293 2162 1404 2184 purgetur
1418 2156 1462 2179 347
1476 2156 1497 2178 l).
1511 2157 1555 2178 348

989 2204 1009 2219 a.
1029 2197 1068 2219 431
1091 2197 1114 2219 l).
1131 2197 1176 2219 550
1194 2202 1206 2218 3

1037 2249 1065 2252 —
1083 2236 1117 2258 Ad
1143 2242 1193 2257 eam
1221 2236 1347 2257 invitamur
1374 2236 1417 2257 637
1436 2241 1448 2257 3
1465 2247 1496 2251 -
1522 2235 1555 2257 Α11

990 2276 1154 2304 poenitentiam
1181 2276 1259 2297 invitat
1284 2275 1396 2303 mitigatio
1428 2275 1556 2297 severitatis

989 2315 1089 2342 divinae,
1107 2315 1199 2337 01113110
1217 2314 1352 2336 calamitatis
1370 2320 1503 2342 perpetuae,
1515 2314 1557 2336 lae-

990 2355 1082 2377 tificatio
1100 2354 1197 2376 civitatis
1222 2360 1346 2381 supernae,
1364 2353 1484 2382 acquisitio
1502 2353 1556 2375 civi-

991 2395 1041 2416 tatis
1058 2397 1165 2416 aeternae
1183 2393 1227 2415 370
1246 2393 1260 2415 l)

1038 2446 1067 2449 —
1094 2433 1147 2455 Post
1172 2436 1291 2460 peccatum
1319 2433 1388 2454 1101110
1412 2438 1457 2454 non
1484 2435 1557 2459 potest

991 2472 1087 2494 caeleste.
1104 2471 1222 2499 suscipere
1239 2477 1351 2498 regnum,
1374 2471 1416 2493 nisi
1443 2471 1557 2498 poeniteat

992 2511 1036 2533 550
1056 2510 1069 2532 1)
1087 2523 1116 2526 -
1133 2510 1224 2538 agenda
1242 2513 1286 2537 cst,
1304 2511 1356 2538 quia
1371 2510 1436 2532 toties
1448 2516 1489 2537 per
1506 2516 1556 2537 pec-

991 2553 1039 2573 0313
1059 2550 1142 2572 mortni
1168 2556 1249 2572 sumus
1273 2549 1316 2571 4111
1335 2549 1349 2571 b
1368 2562 1397 2566 -—
1415 2549 1460 2572 Nisi
1479 2550 1556 2577 poeni-

992 2590 1084 2612 tentiam
1100 2596 1205 2617 agamus,
1219 2596 1263 2611 non
1277 2590 1405 2617 poterimus
1416 2589 1556 2616 respondere

992 2629 1013 2650 in
1032 2628 1117 2650 iudicio
1136 2628 1188 2650 ibid.
1206 2641 1235 2644 —
1249 2628 1351 2650 facienda
1370 2632 1403 2650 est
1415 2634 1457 2656 pro
1476 2634 1556 2655 pecca<

992 2668 1019 2690 tis
1037 2668 1136 2695 propriis
1154 2671 1175 2689 et
1193 2668 1272 2689 alienis
1290 2668 1334 2689 353
1354 2667 1367 2689 b
1390 2680 1419 2683 μ
1443 2668 1556 2689 Ρο31111011-

992 2707 1035 2729 tiae
1053 2707 1145 2728 lavacro
1172 2710 1263 2734 oportet
1288 2707 1402 2734 purificari
1425 2713 1491 2733 eum,
1517 2706 1556 2734 qui

992 2746 1129 2768 sacrificium
1148 2746 1289 2774 acceptabile
1308 2747 1356 2768 vult
1372 2747 1454 2768 offerre
1471 2746 1516 2767 655
1534 2752 1545 2767 a

1039 2798 1069 2801 -
1087 2786 1119 2807 Ati
1140 2786 1308 2813 persistentium
1327 2786 1348 2807 in
1362 2785 1501 2813 poenitentia
1515 2791 1557 2807 1105

992 2828 1085 2847 movent
1104 2828 1246 2847 restauratae
1271 2825 1358 2852 gratiae
1384 2824 1556 2852 multiplicatio,

992 2864 1119 2892 praesentis
1149 2864 1295 2886 adversitatis
1323 2864 1423 2890 sedatio,
1451 2867 1557 2885 aeternae

991 2903 1061 2931 gloria
1080 2903 1172 2930 adeptio
1192 2903 1235 2925 279
1253 2910 1273 2929 3,
1292 2903 1306 2925 b

1037 2955 1067 2958 —
1085 2942 1195 2964 Diabolus
1212 2942 1308 2964 libenter
1326 2945 1394 2964 tentat
1406 2942 1556 2969 poenitentes,

992 2984 1015 3003 ut
1032 2981 1173 3003 descendant
1190 2982 1219 3003 de
1237 2982 1374 3009 poenitentia
1393 2982 1437 3003 280
1454 2980 1468 3002 b
1482 2993 1509 2995 ξ
1522 2980 1556 3002 ΑΙ)

937 190 1035 218 INDEX
1058 190 1297 218 ALPHABETICUS
1319 189 1396 218 NONl
1419 190 1607 219 VOLUMlNlS.

1845 230 1898 253 POR

1587 269 1675 296 integra
1686 269 1824 296 poenitentia
1836 270 1945 292 recedere
1958 271 2056 298 proditio
2070 277 2153 299 magna

1587 310 1621 329 est
1638 308 1659 329 in
1683 308 1757 336 laicis;
1776 308 1856 336 maior,
1874 309 1896 330 in
1919 309 2018 337 clericis3
2041 311 2154 339 maxima,

1586 347 1608 368 in
1626 347 1748 375 Religiosis
1761 348 1804 369 279
1818 354 1830 369 3
1848 360 1877 364 -
1896 348 1939 376 Qui
1956 348 1986 370 ab
1999 349 2085 377 integi-a
2099 356 2155 377 poe-

1587 385 1681 408 nitentia
1700 386 1811 409 recedunt
1826 393 1871 409 11011
1884 392 2010 416 resurgunt
2027 395 2079 410 cum
2094 389 2154 411 Chri-

1587 428 1622 447 sto
1640 426 1685 447 278
1704 425 1718 447 1)
1736 438 1766 442 -
1784 427 1871 448 Horum
1895 430 2016 454 peccatum
2035 431 2154 456 gravatur,

1587 464 1640 492 quia
1659 468 1712 487 sunt
1730 465 1821 487 Domini
1849 466 1965 493 irrisores,
1990 467 2110 489 iraditores
2133 471 2154 490 et

1588 504 1718 531 proditores
1735 504 1788 527 iant.
1807 505 1851 527 279
1870 512 1880 527 3
1899 518 1929 522 -
1947 506 1990 534 Qui
2013 506 2042 528 31)
2066 507 2154 534 integra

1589 544 1726 571 poenitentia
1756 545 1867 567 recedunt
1897 546 2018 567 Dominum
2047 546 2153 574 irrident,

1588 586 1700 611 quantum
1719 586 1753 605 est
1769 584 1791 605 in
1810 584 1879 611 ipsis,
1896 585 1937 616 sed
1956 585 2067 607 Dominus
2093 586 2155 613 ipsos

1589 622 1693 645 irridebit
1709 623 1753 645 278
1772 629 1784 645 3
1803 636 1832 639 -
1850 624 1915 646 Tales
1932 628 2096 652 comparantur
2113 625 2156 647 Ab·

1588 662 1660 684 salom
1678 666 1700 684 et
1720 663 1794 689 iudae,
1812 663 1865 691 quia
1878 663 2002 685 Dominum
2017 665 2112 691 turpiter
2124 664 2154 687 de

1588 707 1628 723 sua
1647 701 1718 723 domo
1741 702 1835 724 eiiciunt
1860 705 1882 724 et
1899 702 2017 725 diabolum
2040 704 2155 731 recipiunt

1589 739 1643 762 ibid.
1662 740 1705 762 279
1725 747 1736 762 3
1754 753 1783 756 —
1802 747 1843 769 per
1862 744 1953 769 peccata
1973 743 2091 771 sequentia
2110 749 2155 765 non

1590 779 1613 801 fit
1631 780 1701 807 mala,
1727 780 1781 808 quia
1807 786 1849 808 pro
1874 786 1978 809 tempore
2002 782 2155 809 poenitentiae

1590 820 1659 841 1101110
1678 825 1722 841 non
1741 819 1848 847 punietur
1861 819 1914 842 iota.
1931 833 1961 836 -
1980 824 2055 848 potest
2071 821 2157 843 rex-ivi-

1589 864 1653 880 scere
1670 857 1725 880 ibid.

1639 910 1666 912 —
1691 897 1766 925 Aliqui
1794 901 1881 920 tantum
1909 899 1989 921 timent
2010 899 2061 927 pelli
2086 906 2155 927 suae,

1589 937 1653 965 quod
1665 943 1709 959 non
1722 937 1808 959 audent
1819 938 1916 965 aggredi
1934 939 2096 965 poenitentiam
2111 940 2155 962 560

1589 982 1600 997 a
1619 988 1649 992 —
1668 976 1771 1004 Quatuor
1789 980 1841 998 sunt
1861 977 1973 1004 rationes,
1991 984 2064 1006 quare
2086 979 2156 1007 aliqui

1589 1021 1613 1037 se
1631 1015 1734 1038 iudicare
1751 1016 1830 1038 nolunt
1848 1022 1888 1043 per
1900 1017 1977 1039 cordis
1995 1017 2155 1040 contritionem

1590 1055 1635 1076 585
1652 1061 1673 1081 a,
1692 1055 1705 1077 1)

1636 1107 1667 1110 -
1685 1095 1727 1123 Qui
1746 1101 1807 1117 nunc
1829 1101 1875 1117 11011
1898 1095 2047 1123 exstinguunt
2064 1096 2156 1123 culpam

1590 1140 1630 1161 per
1649 1134 1811 1161 poenitentiam
1834 1134 2010 1162 exstinguuntur
2028 1135 2049 1156 in
2071 1135 2156 1158 iudicio

1590 1179 1631 1200 per
1648 1173 1704 1195 iram
1733 1174 1771 1195 Dei
1797 1174 1841 1195 343
1861 1174 1875 1196 1)
1897 1186 1928 1190 ——
1951 1174 1994 1203 Qui
2018 1175 2087 1197 modo
2111 1181 2155 1197 non

1591 1212 1708 1240 poenitent
1736 1213 1852 1235 fructuose
1879 1213 2027 1241 postmodum
2054 1214 2157 1241 poenite-

1591 1251 1647 1273 bunt
1673 1252 1813 1274 infructuose
1839 1253 1879 1274 371
1902 1252 1916 1274 b
1939 1265 1969 1268 —
1993 1253 2155 1275 Paenitentiam

1591 1291 1731 1318 fugientibus
1741 1292 1915 1320 appropinquat
1926 1298 1999 1319 poena
2010 1294 2100 1314 aeterna
2116 1292 2156 1315 104

1591 1336 1602 1351 3
1625 1342 1655 1347 —
1678 1331 1721 1359 Qui
1745 1331 1868 1353 commissa
1896 1331 1994 1359 plangit,
2015 1338 2058 1354 nec
2081 1335 2156 1354 tamen

1590 1370 1682 1396 deserit,
1696 1376 1784 1397 poenae
1802 1371 1916 1398 gravioris
1934 1371 2014 1398 culpae
2026 1377 2051 1393 se
2064 1371 2157 1394 subiicit

1591 1409 1635 1431 279
1654 1416 1665 1431 3

1637 1461 1667 1465 -
1685 1449 1727 1477 Qui
1746 1456 1771 1471 ex
1792 1453 1855 1477 parte
1878 1453 1965 1471 tantum
1992 1450 2156 1478 poenitentiam

1590 1491 1662 1516 agunt
1679 1493 1776 1516 surgunt
1796 1492 1883 1511 tantum
1896 1489 2024 1511 secundum
2037 1490 2094 1518 quid
2112 1489 2156 1511 278

1590 1534 1602 1550 3
1620 1541 1649 1543 -
1668 1528 1735 1550 Tales
1760 1528 1915 1556 decipiuntur,
1932 1529 1985 1557 qnia
2015 1529 2157 1557 impossibile

1590 1570 1636 1594 est,
1659 1567 1722 1596 quod
1741 1568 1870 1595 salventur,
1894 1568 1960 1590 simul
1984 1575 2099 1590 venenum
2123 1568 2156 1591 hi-

1590 1606 1679 1633 bendo,
1700 1607 1735 1629 vel
1753 1607 1886 1635 aedificent,
1907 1608 1976 1629 simul
2001 1608 2155 1635 destruendo,

1589 1649 1629 1668 ant
1647 1647 1693 1668 Deo
1711 1646 1822 1674 placeant,
1838 1646 1906 1669 simul
1924 1646 2016 1669 diabolo
2033 1647 2156 1669 serviendo

1591 1685 1618 1707 11).
1637 1692 1657 1712 a,
1677 1685 1690 1707 1)

1638 1737 1667 1741 --
1687 1725 1789 1747 facienda
1807 1729 1839 1747 est
1852 1728 1903 1747 ante
1916 1729 2008 1753 tempus
2021 1726 2098 1748 iudicii
2112 1726 2156 1748 460

1591 1770 1602 1786 3
1621 1776 1651 1780 -
1668 1764 1691 1786 111
1710 1764 1843 1786 infirmitate
1855 1771 1899 1786 non
1912 1768 1947 1787 est
1959 1765 2056 1787 multum
2075 1771 2156 1793 appre-

1591 1803 1681 1830 tianda,
1699 1810 1744 1826 non
1763 1806 1839 1825 tamen
1857 1804 2010 1832 vituperanda
2029 1804 2074 1826 585
2094 1804 2109 1826 1)
2126 1818 2156 1821 —

1590 1849 1640 1865 sera
1659 1843 1744 1865 multos
1761 1844 1818 1865 solet
1836 1844 1943 1871 decipere
1956 1844 2001 1865 606
2014 1850 2025 1865 3
2038 1856 2069 1860 -
2081 1845 2156 1873 Aliqui

1591 1883 1673 1904 vivunt
1690 1882 1798 1905 deliciose
1815 1883 1836 1904 in
1855 1883 1981 1909 iuventute,
1999 1887 2156 1911 exspectantes

1592 1923 1665 1944 facere
1683 1922 1846 1949 poenitentiam
1866 1922 1886 1944 in
1899 1926 2016 1945 senectute
2034 1923 2078 1945 440
2096 1929 2108 1945 3
2126 1935 2157 1940 —

1591 1962 1664 1990 Aliqui
1683 1962 1757 1983 solum
1776 1965 1848 1989 agunt
1870 1962 2033 1989 poenitentiam
2058 1963 2078 1984 in
2097 1963 2157 1991 Qua-

1590 2001 1720 2028 dragesima
1740 2001 1785 2023 539
1803 2007 1814 2022 a

1638 2041 1697 2062 Poma
1715 2053 1746 2056 —
1763 2041 1902 2062 convallium
1920 2044 1973 2063 sunt
1992 2041 2097 2063 exercitia
2118 2042 2156 2064 113-

1590 2079 1690 2101 11111113115
1709 2079 1753 2101 285
1772 2079 1785 2101 b

1637 2119 1765 2141 Ponriricsss
1782 2131 1811 2134 ——
1827 2119 1870 2141 dici
1884 2122 1981 2146 possunt
1993 2119 2111 2147 pontifices
2123 2120 2156 2142 111-

1591 2158 1641 2180 13511
1659 2158 1704 2180 285
1722 2157 1736 2179 b

1637 2197 1723 2219 Pennus
1740 2209 1770 2213 —
1787 2200 1821 2219 est
1838 2198 1967 2225 proprietas
1990 2198 2022 2219 rei
2040 2198 2156 2221 stabiliens

1590 2242 1640 2258 eam
1659 2237 1681 2258 in
1699 2237 1748 2259 loco
1766 2242 1807 2258 suo
1826 2237 1871 2259 353
1884 2244 1894 2258 a
1913 2249 1942 2253 ·-
1954 2237 2058 2259 Pondere
2076 2244 2156 2259 unum-

1590 2276 1701 2304 quodque
1719 2282 1761 2298 suo
1778 2276 1828 2298 loco
1841 2276 1999 2298 constabilitur
2015 2277 2157 2298 0113113133-

1592 2318 1627 2337 tur
1645 2314 1674 2337 ib.
1692 2314 1707 2336 b

1638 2355 1745 2376 Pon-rirex
1763 2367 1792 2371 —
1811 2355 1863 2376 Eius
1886 2355 2003 2382 ingressus
2026 2355 2055 2377 ad
2078 2358 2155 2377 sancta

1591 2396 1722 2415 sanctorum
1736 2394 1841 2421 designat
1853 2394 2071 2421 contemplationem
2084 2398 2156 2416 aeter-

1590 2438 1674 2454 norum
1694 2432 1736 2454 409
1756 2439 1767 2454 3

1637 2484 1667 2487 ——
1692 2472 1763 2494 Debet
1784 2471 1868 2494 nabere
1894 2472 2057 2499 perfectionem
2080 2472 2156 2494 omnis

1591 2511 1678 2538 gratiae
1695 2511 1740 2532 640
1758 2518 1769 2532 3
1790 2524 1817 2526 -
1835 2511 1852 2532 Α
1871 2511 1978 2538 pontifice
1996 2512 2068 2539 gratia
2087 2510 2156 2533 debet

1591 2550 1731 2572 descendere
1750 2550 1770 2572 in
1788 2551 1843 2572 alios
1861 2549 1914 2572 t'lml.

1638 2590 1722 2612 l’oncus
1740 2602 1768 2605 -—
1787 2589 1873 2611 homini
1892 2589 2030 2611 assimilatur
2042 2593 2154 2618 quantum

1591 2629 1618 2651 ad
1639 2629 1744 2651 interiora
1763 2628 1807 2650 278
1826 2634 1836 2650 a
1856 2641 1886 2644 —
1903 2634 1929 2651 os
1947 2632 2032 2655 10111111,
2044 2630 2099 2651 dum
2118 2635 2154 2651 co-

1592 2669 1694 2695 meduut,
1713 2670 1733 2689 111
1752 2670 1841 2695 pastam
1860 2668 1935 2695 figunt
1959 2668 2004 2689 5552
2023 2668 2037 2689 1)
2056 2681 2084 2683 -
2106 2668 2155 2690 sine

1591 2708 1748 2729 masticatione
1765 2707 1896 2735 deglutiunt
1912 2710 1934 2729 et
1954 2708 2029 2729 statim
2053 2709 2105 2735 post
2127 2707 2155 2729 ci-

1592 2747 1647 2769 lium
1666 2747 1687 2768 in
1705 2747 1752 2768 luto
1769 2753 1794 2768 se
1811 2750 1900 2774 ponunt
1918 2745 1970 2769 ibid.
1997 2759 2027 2762 —
2045 2746 2088 2774 Qui
2107 2747 2155 2768 vult

1591 2786 1671 2808 xivere
1687 2786 1746 2808 sicut
1763 2786 1838 2813 porci,
1862 2789 1897 2807 eat
1915 2792 1967 2807 cum
1987 2785 2062 2812 porcis
2080 2786 2123 2807 523
2142 2791 2154 2807 3

1591 2837 1620 2841 -—
1638 2825 1759 2852 designant
1776 2825 1901 2847 daemones
1920 2824 1963 2846 423
1982 2824 1996 2846 l]

1640 2865 1711 2886 Pom-A
1729 2877 1758 2879 —
1777 2867 1810 2885 est
1828 2864 1848 2885 in
1867 2864 1924 2885 ostio
1949 2863 1994 2885 705
2018 2862 2033 2885 b
2054 2875 2085 2879 —
2102 2866 2155 2885 sunt

1591 2903 1663 2930 duae⁷
1682 2903 1768 2925 scilicet
1785 2909 1893 2930 egressus
1910 2902 1939 2924 ab
1963 2903 2004 2924 1130
2022 2903 2067 2924 vita
2085 2905 2107 2924 et
2125 2902 2154 2923 in-

1591 2948 1685 2969 gressus
1702 2942 1725 2963 in
1742 2942 1813 2963 vitain
1831 2944 1947 2963 aeternam
1966 2942 2010 2963 519
2029 2947 2041 2963 3
2064 2953 2094 2957 -
2117 2947 2155 2968 pa·

1591 2981 1660 3003 radisi
1677 2984 1711 3003 cst
1729 2980 1899 3008 perseverantia
1918 2981 1939 3002 in
1957 2980 2019 3002 bono
2037 2980 2081 3001 505
2099 2986 2111 3002 3
2126 2993 2153 2996 -
