2269 3448
404 193 440 221 36
1156 193 1369 222 DlSSERTATlO
1393 194 1409 221 l.

404 272 595 300 Bonaventura
616 276 707 300 autem
731 276 757 300 et
781 272 882 300 multos
908 272 1050 308 superavit
1079 276 1105 300 et
1134 279 1251 307 paucos,

402 319 467 347 dum
490 320 550 347 eius
571 319 696 347 doctrina
724 320 913 353 devotionem,
935 319 1043 347 devotio
1072 319 1183 347 instruit
1205 318 1251 346 do-

404 366 528 394 ctrinam.
552 366 576 394 Si
600 375 665 402 ergo
688 370 714 394 et
735 367 833 395 doctus
856 367 896 395 vis
917 374 977 395 esse
992 369 1019 394 et
1033 365 1163 399 devotus,
1180 365 1252 393 illius

403 414 544 450 opusculis
566 417 624 441 esto
647 413 768 442 intentus
783 425 809 441 ».

483 461 508 488 ln
526 460 656 497 Epistola
672 461 788 489 celebris
808 461 995 497 Wimpheling
1018 460 1119 496 scripta
1135 460 1168 488 ad
1184 468 1252 488 eun-

404 507 464 536 dem
488 507 670 536 Tritheminm
693 516 736 535 an.
764 508 831 536 14111
859 508 903 541 (ad
931 508 1032 536 calcem
1062 507 1186 535 biblioth.
1209 515 1252 535 ec-

404 555 520 583 clesiast.
543 555 644 583 Alherti
668 555 794 589 Falssiricii)
816 555 935 583 dicitur:
955 566 966 579 α
979 556 1015 582 An
1033 554 1198 582 rejiciendus
1212 557 1253 582 est

404 601 595 629 Bonaventura
619 601 716 634 uatus,
739 609 795 637 quo
817 604 927 629 nonest
946 601 1046 634 maior,
1062 608 1115 628 non
1143 600 1253 636 profun-

402 648 471 681 dior,
488 656 540 675 non
563 648 687 675 devotior
710 648 735 675 in
752 648 902 683 scripturis
918 648 1018 675 sanctis
1033 650 1065 675 »Τ
1088 647 1118 675 Et
1140 647 1202 675 alibi
1226 647 1251 675 in

404 694 534 731 Epistola
556 694 588 722 ad
611 695 749 731 quoslibet
771 695 923 731 theologiae
952 694 1089 722 studiosos
1110 702 1153 721 an.
1179 695 1252 722 1499

403 742 491 769 addit:
519 753 531 765 «
548 742 571 769 Si
597 742 638 769 vir
668 745 775 775 tantus,
805 745 900 778 utpote
931 742 1042 769 loannes
1069 741 1188 774 Gerson,
1212 741 1253 769 vir

403 788 541 825 prudens,
565 797 667 821 verax,
691 788 793 822 tidelis,
816 788 1078 822 christianissimus,
1108 788 1253 817 solertissi-

404 843 465 863 mus
494 836 654 871 explorator
684 836 890 869 doctrinarum,
921 835 1088 872 persuadere
1111 836 1186 864 visus
1213 839 1254 864 est

404 882 574 910 scholasticis
600 885 626 910 et
648 882 824 918 speculativis
846 882 992 919 theologis,
1015 885 1045 910 ut
1068 890 1134 919 prae
1155 882 1254 911 ceteris

404 929 595 965 theologorum
612 930 722 966 scriptis
738 930 787 957 has
802 933 922 966 quatuor
938 930 1147 958 Bonaventurae
1162 932 1254 966 partes

404 975 501 1010 (libros
530 976 746 1011 Sententiarnm)
770 976 938 1012 peculiarius
959 976 1177 1012 aiuplectaiitur3
1204 984 1253 1004 cur

403 1022 490 1050 nolint
505 1022 618 1050 studiosi
636 1023 700 1056 viri,
717 1023 763 1059 qni
788 1023 813 1050 in
836 1032 864 1051 se
880 1023 945 1059 ipsis
966 1023 1037 1051 docti
1055 1023 1176 1059 prunum
1192 1031 1254 1052 eva-

403 1069 468 1097 dere
490 1073 516 1097 et
538 1070 642 1103 devoti,
664 1070 761 1098 deinde
784 1078 912 1106 magnum
935 1070 1092 1098 animarum
1115 1070 1253 1103 fructum,

403 1116 569 1145 clu‘istianae
592 1117 731 1153 religionis
754 1117 954 1145 incrementum
977 1120 1004 1145 et
1027 1117 1073 1145 Dei
1097 1117 1204 1145 laudem
1227 1120 1254 1145 et

403 1163 517 1200 gloriam
537 1172 699 1199 promovere
714 1164 839 1200 cupiunt,
855 1164 1073 1192 saluberrimum
1096 1164 1173 1200 sequi
1190 1172 1254 1192 eon-

403 1210 494 1239 silium
520 1211 662 1247 prudentis
685 1211 844 1239 Parisiensis
866 1211 1020 1239 cancellarii
1036 1214 1069 1239 »Ἰ
1091 1215 1142 1240 etc.

483 1258 508 1285 ὃ,
532 1258 680 1286 Audiamus
702 1258 783 1286 etiam
805 1258 1017 1286 celeberrimum
1039 1259 1109 1287 inter
1126 1259 1254 1287 Scotistas

403 1304 444 1333 sui
461 1305 518 1332 aevi
537 1305 694 1341 theologum
712 1306 752 1333 Fr.
766 1306 940 1333 Franciscun]
956 1305 989 1334 de
1006 1305 1152 1342 Fingimus,
1169 1306 1253 1334 Areti-

404 1360 486 1386 uum,
509 1352 555 1389 qui
573 1352 741 1385 (Commeat.
757 1353 788 1380 m
804 1353 857 1380 ΙΙΙ.
875 1352 960 1385 Sciit„
978 1357 1047 1389 part.
1072 1353 1088 1380 l.
1112 1352 1197 1381 Praei.
1220 1353 1253 1380 ad

404 1400 486 1431 Lect.)
509 1399 618 1427 scribit:
640 1411 652 1424 α
670 1399 851 1436 Resplendent
872 1403 899 1428 et
920 1400 963 1427 alii
980 1399 1066 1428 solida
1081 1400 1253 1436 probataque

403 1446 541 1480 doctrina,
564 1455 671 1474 sumina
693 1454 755 1474 cum
779 1447 923 1475 sanctitate
945 1447 1104 1479 coniuncta,
1127 1454 1181 1483 qua
1199 1455 1251 1474 non

406 1492 485 1520 modo
509 1493 662 1521 intellectus
684 1493 874 1526 illuminatur,
897 1493 943 1521 sed
966 1497 993 1521 et
1014 1493 1129 1522 allectus
1157 1493 1190 1521 ad
1214 1493 1254 1521 di-

406 1540 469 1567 vina
501 1540 692 1576 prosequenda
724 1540 844 1568 allicitur
876 1544 902 1568 et
937 1540 1141 1572 inflammatur,
1174 1540 1254 1569 cuius

405 1587 499 1615 classis
520 1587 716 1623 antesignanus
738 1590 779 1615 est
793 1588 874 1615 divus
890 1587 1091 1621 Bonaventura,
1107 1595 1189 1624 quein
1206 1588 1252 1624 qni

403 1633 500 1662 doetus
522 1634 603 1662 simul
627 1637 653 1662 et
676 1634 737 1671 pius
758 1635 875 1663 evadere
892 1635 959 1668 vult,
974 1635 1075 1663 diurna
1095 1635 1254 1672 pariterque

405 1685 541 1709 nocturna
564 1690 646 1710 manu
667 1682 748 1710 debet
770 1690 881 1710 versare
894 1694 919 1710 ι).
935 1699 973 1702 —
989 1683 1057 1710 Tum
1074 1682 1108 1710 de
1122 1681 1252 1711 methodo

406 1728 543 1765 loquitur:
572 1741 584 1753 α
599 1729 694 1765 Quoad
718 1729 894 1763 methodum,
916 1738 999 1766 quam
1024 1730 1141 1766 ingenue
1158 1734 1252 1758 tenue-

404 1779 470 1803 runt
493 1776 518 1803 in
538 1776 771 1812 disputationibus
787 1777 975 1813 theologicis...
993 1777 1091 1805 Doctor
1107 1777 1253 1814 irrefraga-

405 1822 474 1856 bilis,
498 1823 651 1851 Alexander
675 1824 811 1857 italensis,
834 1824 934 1852 Doclor
957 1824 1131 1860 seraphicus,
1154 1824 1183 1852 D.
1206 1825 1253 1852 Bo-

404 1874 573 1903 naventura,
596 1870 696 1898 Doctor
719 1871 868 1907 angelicus,
892 1871 921 1898 b.
938 1871 1072 1904 Thomas,
1097 1871 1195 1899 Doctor
1211 1879 1253 1899 so-

405 1917 501 1945 lemnis
522 1926 537 1945 a
559 1917 711 1946 Mel‘liavilla
732 1921 758 1946 et
780 1918 823 1946 alii
847 1919 1045 1954 (piamplures,
1068 1918 1154 1947 fateor
1180 1918 1253 1955 apud

405 1964 515 1991 Scotum
534 1964 698 1997 desiderari,
714 1973 785 2001 quae
809 1973 852 1993 res
873 1973 936 1993 eum
961 1966 1081 1994 maxime
1102 1966 1252 1994 obscurum

405 2015 431 2038 et
453 2011 591 2039 difficilem
616 2012 772 2040 reddidit».

485 2059 556 2086 luter
580 2059 653 2087 viros
681 2060 824 2087 sanctitate
846 2063 872 2087 et
894 2060 1007 2088 scientia
1038 2060 1156 2088 ascetica
1187 2060 1254 2088 emi-

404 2108 500 2133 nentes
522 2106 687 2134 venerabilis
707 2106 860 2134 Ludovicus
881 2107 1057 2135 Granatensis
1079 2115 1159 2143 saepe
1181 2115 1254 2135 com-

405 2152 515 2180 mendat
536 2161 620 2188 opera
642 2154 666 2180 5.
691 2153 914 2187 ssonaventurae,
937 2157 963 2182 et
986 2154 1056 2182 inter
1071 2154 1123 2182 alia
1145 2154 1254 2190 scripsit

405 2199 576 2231 (alanzorz‘ot.
602 2200 676 2227 uitae
697 2199 862 2234 (ἐίινιζνίίιση.1
885 2203 963 2229 tract.
982 2201 1019 2228 111.
1043 2208 1101 2237 cap.
1127 2202 1170 2229 10.
1193 2209 1252 2238 pag.

406 2246 475 2279 314,
498 2246 538 2274 ed.
564 2247 656 2275 Venet.
688 2248 789 2281 1580):
820 2259 829 2270 ιι
846 2247 932 2275 Omne
961 2255 1046 2284 supra
1076 2247 1180 2276 dictum
1213 2251 1254 2276 est

406 2294 430 2321 S.
456 2294 678 2327 bonaventurae,
702 2294 781 2322 cuius
815 2294 999 2322 testimonium
1034 2302 1147 2332 maguae
1180 2295 1253 2331 apud

407 2348 502 2368 omnes
531 2341 703 2368 auctoritatis
736 2341 770 2368 sit
798 2344 922 2377 oportet,
945 2349 1008 2370 cum
1041 2342 1085 2370 hic
1117 2342 1254 2378 gloriosus

408 2387 507 2415 Doctor
529 2387 597 2415 adeo
619 2387 732 2424 insignis
754 2388 837 2416 l'nerit
861 2388 973 2422 litteris,
996 2389 1156 2422 sanctitate,
1178 2389 1252 2417 altis-

407 2434 476 2461 simo
499 2434 623 2470 spiritu»
651 2438 701 2462 etc.

406 2531 464 2555 tum
481 2527 514 2555 (le
532 2528 635 2555 Divino
658 2532 784 2563 minum:
813 2540 825 2553 «
842 2529 913 2557 lnter
928 2529 1119 2563 scholasticos,
1134 2530 1180 2566 qui
1197 2538 1252 2558 me-

407 2574 459 2601 lius
480 2582 511 2601 ac
540 2574 628 2602 fusius
660 2575 693 2603 de
725 2575 817 2603 divino
848 2583 943 2604 amore
972 2579 1143 2610 tractarunt,
1170 2576 1253 2613 quive

407 2621 506 2656 pietate
539 2621 641 2657 pariter
674 2622 869 2655 eminuerunt,
900 2622 1057 2651 recensendi
1093 2623 1206 2651 veniunt
1227 2624 1251 2651 S.

406 2668 540 2701 Thomas,
562 2668 608 2704 qui
633 2671 779 2697 tractatum
802 2669 835 2697 de
857 2669 951 2697 eodem
974 2669 1074 2702 edidit,
1105 2672 1179 2698 tanto
1202 2670 1253 2697 Do-

406 2717 481 2742 ctore
503 2714 615 2751 dignum
630 2716 648 2748 ¹,
673 2723 721 2743 nec
750 2724 802 2743 non
826 2717 850 2743 S.
874 2715 1065 2744 Bonaventura
1096 2724 1127 2744 ac
1156 2716 1253 2745 beatus

408 2760 552 2796 Dionysius
573 2761 773 2789 Carthusianus
789 2774 801 2786 »
827 2765 877 2790 etc..

486 2807 510 2834 1).
534 2807 664 2836 Claudius
685 2808 717 2836 de
742 2809 765 2836 la
787 2809 958 2838 Colomhiere
980 2811 1004 2837 S.
1023 2810 1049 2843 l.,
1069 2810 1149 2837 cuius
1171 2818 1253 2838 causa

407 2854 614 2882 beatificationis
636 2863 709 2883 nunc
737 2856 844 2892 agitur,
871 2857 895 2884 in
921 2857 1101 2894 perizeyyrico
1123 2857 1148 2885 S.
1172 2857 1254 2885 Bona·
1281 2877 1283 2905 ὲ

471 2964 477 2976 ¹
497 2965 537 2986 llic
555 2965 646 2987 videtur
664 2965 772 2987 insinuari
791 2966 826 2988 ille
844 2969 959 2993 tractatus,
976 2973 1046 2995 quem
1064 2973 1133 2994 supra
1152 2973 1206 2994 pag.
1224 2966 1253 2988 27

408 3010 429 3024 u.
446 3003 484 3025 77.
503 3004 690 3025 memoravimus.

1311 276 1445 300 venturae
1466 274 1483 307 ὅ
1507 274 1530 300 l.
1554 281 1580 300 n.
1603 273 1629 300 Δ.
1655 272 1720 300 haec
1748 272 1840 309 verba
1856 272 1929 308 apud
1952 272 2051 300 Bonelli
2077 272 2158 300 latine

1310 318 1415 347 reddita
1438 319 1534 347 habet:
1561 331 1573 343 (ι
1590 319 1692 347 Omnes
1713 318 1814 347 eruditi
1831 318 1881 347 viri
1900 322 2002 351 tenent,
2021 320 2046 346 S.
2063 319 2159 347 lweto-

1310 373 1367 393 rem
1392 366 1466 394 hunc
1488 366 1648 402 scripturae
1676 369 1703 394 et
1724 365 1833 394 scholae
1862 366 2004 394 scientiam
2026 365 2059 393 ad
2085 366 2160 394 altis-

1310 411 1410 440 simum
1433 413 1549 448 gradum
1580 412 1759 449 perduxisse;
1786 420 1821 440 ex
1852 412 1989 449 magistris
2017 413 2159 445 omnibus,

1309 458 1356 494 qui
1378 462 1442 487 ante
1463 459 1541 487 illum
1564 459 1729 492 docuerunt,
1753 467 1854 495 paucos
1876 459 2014 495 praeditos
2035 459 2160 487 extitisse

1309 513 1397 542 aeque
1428 506 1538 534 sublimi
1571 514 1602 535 ac
1632 506 1779 543 perspicaci
1810 506 1934 543 ingenio,
1964 509 1991 534 et
2023 507 2159 534 neminem

1310 551 1410 586 fuisse,
1432 553 1478 589 qui
1503 556 1606 581 tantam
1628 554 1791 581 soliditatem
1814 561 1877 581 cum
1908 556 1981 581 tanta
2010 553 2160 582 subtilitate

1310 599 1505 633 coniunxerit,
1528 601 1569 629 vel
1593 600 1723 628 maiorem
1753 600 1909 628 facilitatem
1939 608 1969 628 ac
1998 600 2158 628 methodum

1310 653 1372 674 cum
1396 649 1471 674 tanto
1493 647 1619 675 acumine
1635 659 1661 675 n.

1390 694 1415 721 6.
1439 693 1510 722 lnter
1531 694 1640 723 Fratres
1661 694 1771 723 Ordinis
1787 694 1922 722 illinorum
1946 694 1989 722 ille
2011 694 2160 723 catholicae

1312 740 1450 776 religionis
1465 745 1655 777 propugnator
1667 741 1829 775 acerrimus,
1843 741 1883 769 Fr.
1897 741 2034 777 Casparus
2049 741 2160 769 Schatz-

1310 794 1393 822 geyer
1416 787 1581 823 (Sasgerus),
1606 787 1728 815 Minister
1751 787 1949 824 provincialis¹
1973 788 2090 821 eminet,
2113 788 2159 824 qni

1310 833 1376 861 dicit
1391 833 1618 869 (A7‘ttz'littli.eru.5,
1636 834 1680 862 lib.
1697 834 1736 861 111.
1752 842 1811 870 cap.
1830 835 1901 869 ¹19.):
1922 846 1935 859 «
1948 835 2019 863 lnter
2034 835 2161 863 ecclesia-

1311 880 1392 908 sticos
1410 880 1545 914 doctores,
1561 889 1681 917 quornm
1703 881 1835 909 doctrinis
1859 881 1898 909 vel
1919 882 2028 918 scriptis
2043 882 2161 918 amplius

1312 927 1528 956 incumbendum
1543 928 1586 961 sit,
1600 936 1653 956 non
1672 931 1760 964 potest
1775 929 1969 957 convenienter
1985 929 2092 957 definiri
2109 929 2161 957 sub

1312 977 1388 1002 certa
1410 975 1520 1010 regula3
1536 974 1636 1002 diversi
1653 975 1725 1003 enim
1741 975 1857 1003 diversis
1872 975 2045 1003 delectantur
2060 976 2161 1004 doctri-

1312 1021 1353 1049 nis
1376 1022 1417 1049 vel
1440 1021 1558 1058 scriptis.
1582 1022 1629 1049 Alii
1652 1021 1813 1050 afficiuntur
1834 1022 1866 1050 ad
1894 1023 2086 1059 speculal'iilia,
2115 1023 2159 1051 alii

1310 1068 1342 1096 ad
1366 1069 1502 1104 practica,
1525 1068 1568 1096 alii
1591 1068 1623 1096 ad
1654 1069 1881 1105 coi'ilemplativa3
1903 1069 1947 1097 alii
1970 1070 2111 1098 abundant
2133 1070 2159 1098 iu

1312 1114 1354 1142 via
1376 1115 1518 1148 rationali,
1540 1115 1583 1143 alii
1607 1115 1633 1143 in
1657 1115 1879 1151 concupiscibili,
1901 1116 1945 1143 alii
1970 1116 1995 1144 in
2020 1116 2157 1144 irascibili.

1311 1161 1386 1197 Quae
1410 1162 1527 1190 varietas
1555 1162 1636 1190 etiam
1667 1162 1807 1191 invenitur
1837 1163 1908 1191 inter
1929 1163 2057 1191 doctores
2078 1164 2159 1199 ipsos.

1311 1209 1377 1236 Nam
1400 1210 1438 1236 Ss.
1462 1209 1632 1245 Augustinus
1653 1213 1680 1238 et
1701 1210 1861 1238 Ambrosius
1890 1210 1916 1238 in
1950 1210 1991 1238 via
2018 1210 2160 1243 rationali;

1311 1257 1335 1284 S.
1360 1256 1557 1292 Hieronymus,
1581 1257 1606 1285 in
1629 1257 1774 1291 irascibili;
1801 1257 1840 1285 Ss.
1863 1257 2013 1294 Gregorius
2041 1261 2068 1286 et
2098 1258 2160 1286 Ber-

1311 1303 1415 1331 nardus
1447 1304 1473 1331 in
1506 1304 1728 1340 concupiscibili3
1752 1304 1941 1333 moderniores
1965 1305 2107 1338 doctores,
2130 1308 2161 1333 ut

1311 1354 1377 1386 puta
1399 1351 1424 1378 S.
1446 1351 1580 1384 Thomas,
1602 1351 1756 1379 Alexander
1778 1351 1811 1380 de
1833 1351 1926 1385 Hales,
1949 1352 2046 1380 Scotus
2068 1355 2095 1380 et
2116 1352 2159 1380 alii

1311 1397 1496 1425 communiter
1519 1405 1603 1433 super
1625 1398 1778 1426 sententias
1800 1398 1952 1426 scribentes
1973 1398 2114 1427 abundant
2134 1399 2159 1427 in

1311 1444 1453 1478 rationali,
1485 1448 1510 1472 et
1543 1444 1575 1472 ad
1609 1444 1778 1473 intellectum
1806 1445 1991 1474 excolendum
2022 1449 2159 1482 satagunt.

1312 1490 1396 1518 Porro
1417 1492 1441 1518 S.
1459 1491 1652 1520 Bonaventura
1669 1495 1723 1520 tam
1738 1492 1764 1520 in
1781 1493 1905 1521 rationali
1923 1501 2004 1529 quan]
2022 1493 2047 1521 in
2064 1501 2161 1522 concu-

1312 1538 1442 1574 piscibili3
1463 1542 1584 1575 propter
1605 1540 1683 1576 quod
1704 1539 1839 1567 doctriua
1854 1540 1917 1568 eius
1931 1549 1987 1568 uon
2007 1540 2160 1569 inconsoue

1311 1594 1330 1613 α
1364 1585 1515 1622 Retifflosz‘s
1546 1590 1585 1613 est
1621 1587 1808 1623 capessenda.
1842 1587 1910 1615 Cum
1943 1587 2014 1615 enim
2047 1588 2101 1616 sint
2133 1588 2159 1616 in

1311 1633 1405 1660 schola
1425 1633 1525 1661 Christi
1550 1634 1706 1667 constituti,
1731 1634 1909 1670 principalius
1934 1634 2057 1663 studium
2084 1635 2161 1663 adhi-

1312 1680 1378 1709 here
1400 1681 1500 1709 debent
1521 1681 1553 1709 ad
1582 1681 1766 1710 excolendum
1795 1682 1941 1715 affectum,
1963 1682 2158 1711 secundarium

1311 1731 1402 1756 autem
1426 1728 1458 1755 ad
1482 1728 1693 1756 illuminandum
1727 1729 1910 1762 intellectum,
1933 1730 1990 1758 sive
2020 1730 2160 1758 incumbat

1311 1775 1349 1803 eis
1364 1783 1497 1803 exercere
1512 1779 1591 1804 actus
1607 1776 1806 1810 hierarchicos,
1822 1776 1879 1805 sive
1896 1785 1957 1805 uon.
1973 1777 2070 1805 Nullus
2087 1786 2159 1805 nam-

1311 1830 1365 1858 que
1388 1822 1528 1851 salubrius
1549 1827 1575 1851 et
1608 1822 1778 1852 fructuosius
1806 1824 1866 1852 aliis
1898 1825 2053 1860 praedicat,
2075 1833 2157 1861 quam

1312 1869 1404 1898 divino
1425 1878 1519 1898 amore
1541 1870 1609 1898 bene
1631 1872 1746 1899 allectus
1767 1874 1794 1899 et
1816 1872 1841 1899 in
1870 1872 1994 1900 moribus
2018 1872 2169 1909 laudabili-¹

1314 1920 1354 1945 ter
1377 1917 1521 1945 institutus
1536 1930 1562 1944 ».

1391 1965 1415 1991 7.
1439 1964 1510 1992 lnter
1534 1965 1701 1993 recentiores
1724 1973 1872 2001 praecones
1900 1967 1924 1993 S.
1953 1967 2159 1995 bonaventurae

1311 2010 1380 2038 duos
1392 2014 1498 2039 tantum
1511 2011 1670 2048 allegamus,
1680 2020 1800 2048 quorum
1814 2013 1921 2049 primus
1932 2017 1973 2042 est
1985 2013 2159 2043 doctissimus

1312 2058 1417 2091 iterate,
1440 2058 1586 2095 episcopus
1619 2059 1879 2096 Rottenburgensis,
1902 2061 1948 2097 qui
1972 2061 1997 2089 in
2020 2060 2158 2089 liii-clien-

1312 2104 1432 2138 leaei'con,
1455 2105 1496 2133 ed.
1523 2106 1545 2132 1.
1575 2108 1637 2133 tom.
1669 2106 1695 2134 ll.
1722 2114 1782 2143 pag.
1815 2108 1850 2135 79
1884 2107 1951 2135 haec
1984 2107 2009 2135 in
2044 2108 2158 2136 latinum

1311 2159 1391 2180 versa
1412 2152 1523 2180 scribit:
1552 2164 1563 2177 a
1580 2152 1772 2181 Bonaventura
1804 2154 1831 2181 in
1859 2162 1888 2182 se
1909 2154 2055 2182 coniuncta
2078 2154 2159 2182 habet

1310 2199 1365 2227 duo
1387 2199 1432 2227 illa
1454 2203 1605 2233 momenta,
1628 2200 1701 2229 unde
1724 2201 1849 2237 provenit
1864 2201 1999 2238 quidquid
2022 2202 2047 2229 in
2070 2201 2159 2230 medio

1310 2253 1377 2273 aevo
1399 2246 1489 2274 nobile
1511 2250 1569 2274 erat
1598 2250 1625 2275 et
1653 2247 1789 2281 sublime,
1811 2248 1945 2284 quidquid
1976 2248 2103 2284 pulcrum
2132 2251 2158 2276 et

1281 2325 1282 2328 Ἰ
1312 2300 1450 2329 magnum,
1470 2294 1572 2322 scilicet
1594 2294 1757 2330 profundam
1780 2295 1863 2323 animi
1887 2296 2013 2332 pietatem
2030 2299 2056 2323 et
2071 2295 2158 2323 scien-

1312 2339 1375 2367 tiam
1394 2340 1572 2376 splei‘ididam.
1591 2341 1640 2369 Has
1655 2341 1724 2369 duas
1738 2342 1815 2370 dotes
1830 2341 1856 2370 in
1872 2350 1901 2370 se
1916 2342 2093 2379 coniungens,
2110 2342 2158 2370 Bo-

1311 2391 1465 2415 naventura
1476 2390 1517 2415 est
1528 2388 1605 2424 quasi
1623 2391 1705 2424 typus
1720 2392 1929 2425 repraesentans
1947 2389 2062 2417 lucidam
2077 2388 2157 2417 medii

1281 2466 1282 2472 ἵ
1310 2434 1368 2462 aevi
1396 2437 1509 2470 partem.
1533 2436 1609 2463 Sicut
1634 2436 1706 2463 enim
1737 2436 1794 2472 ipse
1822 2440 1853 2464 ut
1881 2436 2021 2464 individua
2041 2444 2157 2473 persona

485 2481 565 2514 ltem,
588 2482 613 2508 S.
637 2481 797 2509 Franciscus
819 2482 938 2510 Salesius
967 2482 1064 2518 (Praef.
1094 2483 1126 2510 ad
1153 2486 1252 2511 tracta—
1281 2484 1282 2493 ¹

1310 2481 1437 2517 pietatem
1460 2482 1631 2518 seraphicum
1654 2483 1799 2511 coniunxit
1820 2491 1882 2511 cum
1906 2491 2003 2519 magna
2024 2483 2157 2517 doctrina,

1310 2527 1382 2563 quod
1406 2528 1503 2556 titulus
1534 2528 1620 2564 ipsius
1653 2529 1822 2558 honorificus
1850 2529 1998 2566 seraphici
2028 2530 2158 2558 Doctoris

1311 2574 1445 2607 insinuat;
1476 2574 1511 2602 ita
1537 2575 1625 2603 media
1652 2579 1742 2609 aetas,
1764 2577 1929 2612 generaliter
1958 2580 2065 2610 sumta,
2094 2585 2156 2605 cnm

1310 2621 1365 2649 dno
1398 2621 1464 2649 haec
1497 2626 1634 2650 momenta
1666 2623 1757 2656 uniat,
1791 2623 1979 2652 characterem
2011 2624 2060 2652 sibi
2095 2632 2157 2660 pro-

1312 2668 1402 2704 prium
1431 2668 1578 2703 expressit.
1602 2669 1703 2697 Horum
1726 2669 1815 2705 prima
1836 2670 1921 2703 ratio,
1944 2670 2046 2698 scilicet
2066 2671 2157 2698 scien-

1311 2713 1369 2747 tia,
1392 2714 1525 2750 produxit
1557 2714 1602 2742 illo
1636 2718 1757 2751 tempore
1788 2715 1977 2744 admirabilem
2008 2715 2157 2744 scholaste?-

1311 2770 1361 2789 εει-θ
1382 2764 1569 2795 structuram;
1596 2762 1641 2790 sed
1668 2762 1781 2799 insuper
1805 2763 1849 2791 illa
1871 2767 1945 2792 aetas
1966 2764 2155 2791 suavissimam

1310 2808 1428 2836 ostendit
1449 2808 1615 2844 misacam,
1632 2809 1759 2845 pietatem
1777 2810 1837 2838 dico
1859 2810 1981 2838 intimam
2004 2810 2155 2838 amantium

1310 2855 1474 2883 animarum.
1498 2855 1542 2882 llis
1562 2855 1707 2884 animabus
1731 2857 1950 2893 contemplativis
1979 2860 2033 2884 tota
2062 2864 2156 2885 rerum

1374 2965 1380 2977 ¹
1402 2966 1432 2987 De
1455 2965 1505 2993 ipso
1526 2965 1620 2992 egregie
1645 2966 1736 2993 scripsit
1753 2966 1792 2988 Dr.
1810 2965 1923 2989 Nicotaus
1942 2965 2044 2993 Paulus,
2067 2966 2157 2993 lkaspar

1311 3005 1471 3032 Scliatzgeyer,
1490 3004 1577 3026 llerder
1595 3004 1609 3026 1.
1628 3005 1652 3026 Β.
1670 3005 1737 3026 1893,
