2269 3448
377 194 432 223 144

633 232 690 255 mos

423 273 508 295 Momm
526 285 557 289 —-
573 274 693 300 supernae
712 271 831 293 ierusalem
850 274 943 293 aeterna

375 311 485 334 stabilitas
502 318 544 340 per
561 312 651 333 moenia
669 310 804 338 designatur
821 310 861 332 601
883 316 895 332 0

423 351 515 373 Mosam(
533 363 564 367 —
581 354 614 372 est
631 350 697 372 dolor
714 350 743 372 de
760 349 861 377 peccatis
879 355 942 376 prae·

377 390 448 413 teritis
466 390 510 412 393
529 396 540 412 a
560 402 588 405 —
606 392 640 412 est
657 389 772 417 optimum
785 389 900 411 motivum
914 388 942 410 ad

376 429 527 452 humilitatem
546 428 598 451 ibid.

424 469 508 491 Motum
526 481 557 484 —
575 468 650 494 flevit,
673 474 700 489 eo
726 467 788 496 quod
813 467 872 489 filius
896 469 945 488 erat

377 508 506 530 haereticus
523 510 545 530 et
563 508 637 529 malus
655 507 699 529 557
717 513 729 529 a

424 548 485 570 Mons
501 559 532 564 ——
549 550 583 569 est
599 546 687 569 51100115
699 546 850 571 eminentiae,
865 545 943 567 immo

377 586 428 609 bilis
446 586 605 614 persistentiae
622 589 644 607 et
660 585 760 607 liberalis
774 584 945 607 communican-

376 626 421 648 tiae
433 626 478 648 217
491 632 503 647 a
516 638 546 642 —
559 624 706 647 immobiliter
717 627 770 646 sunt
782 623 877 651 expositi
890 629 944 644 ven-

377 665 412 692 tis,
430 665 610 693 impulsionibus
627 664 686 686 aeris
704 666 726 685 et
743 663 865 691 grandium
882 661 911 684 ib.
930 661 944 683 b

376 717 407 720 —
423 704 513 731 omnia,
531 709 695 732 quaecumque
720 702 846 729 recipiunt,
867 701 943 723 statim

377 743 509 766 diffundunt
525 742 580 765 ibid.
597 755 628 758 —
646 742 667 764 in
695 742 814 769 pulverem
838 740 944 768 redigen-

377 786 414 805 tur
430 783 453 804 in
471 783 516 804 sine
534 782 614 804 1111111111
633 782 662 803 35
680 787 691 802 0

424 834 454 838 -
471 821 575 844 Christus
592 821 675 843 dicitur
691 825 798 842 summus
816 825 882 841 mons
900 818 944 841 455

377 867 389 883 a
401 874 432 877 —
444 861 551 888 designat
562 860 678 883 Christum
692 860 737 882 535
749 865 762 881 0
779 871 809 875 —-
822 859 945 886 designant

377 900 478 928 Angelos
496 900 540 922 400
558 906 570 922 0
582 912 613 916 -
625 902 737 921 vocantur
755 898 832 924 Maria,
850 897 943 919 Patriar-

378 941 442 966 chae,
460 940 587 967 Prophetae
604 942 626 960 et
643 938 745 966 Apostoli
764 938 808 959 688
828 937 842 959 b
859 949 890 953 -
908 937 945 959 de-

377 979 470 1007 signant
495 979 637 1000 Patriarchas
662 980 684 999 et
707 983 773 1005 reges
799 976 843 998 432
870 976 884 998 b
914 988 945 992 -

378 1019 499 1046 designant
517 1021 606 1039 mentes
623 1017 746 1039 Beatorum
766 1016 809 1038 449
828 1015 843 1037 b
860 1028 891 1032 —
908 1015 945 1037 (10-

378 1057 454 1085 signat
472 1057 599 1085 praelatum
613 1056 658 1078 217
676 1062 688 1078 0
700 1068 730 1072 -
748 1055 862 1083 significat
879 1060 946 1082 prae-

378 1097 521 1125 parationem
539 1097 703 1124 praelatorum,
715 1095 843 1117 activorum
857 1097 878 1116 et
896 1100 946 1116 con-

380 1136 568 1164 temptativorum
589 1134 643 1157 ibid.
662 1147 687 1150 —
708 1134 813 1162 designat
832 1133 946 1161 superbos

380 1175 424 1198 432
442 1174 457 1197 b
474 1187 504 1191 —
532 1175 553 1196 in
576 1181 623 1203 quo
646 1174 749 1196 Christus
770 1173 947 1200 transfiguratus

378 1218 425 1241 est,
443 1214 557 1242 significat
575 1214 697 1235 Ierusalem
716 1212 807 1235 beatam
825 1212 870 1234 219
888 1218 900 1233 0
915 1224 946 1228 —

379 1254 486 1282 designat
502 1253 666 1281 poenitendam
685 1252 729 1274 540
745 1258 757 1274 0

426 1305 457 1309 -
475 1292 564 1315 Domini
583 1292 639 1320 qnid
652 1291 767 1319 significet
785 1292 808 1313 31
831 1297 843 1313 0
861 1303 891 1307 -
904 1292 945 1313 Sex

379 1335 433 1355 sunt
450 1332 554 1355 eiusdem
574 1331 695 1359 privilegia
713 1330 767 1353 ibid.
786 1343 814 1346 —
832 1330 865 1352 Ad
885 1336 946 1352 mon-

379 1375 424 1394 tem
444 1371 532 1394 DomIni
551 1370 723 1393 ascendendum
742 1372 777 1392 est
794 1376 834 1398 per
846 1372 946 1398 quatuor

378 1411 485 1434 exercitia
503 1410 532 1433 ib.
550 1409 565 1432 b
583 1423 611 1425 —
630 1412 759 1432 aromatum
772 1412 806 1431 est
823 1412 895 1431 status
906 1410 947 1431 Re-

379 1450 483 1478 ligionis,
501 1449 624 1478 patientiae
646 1452 669 1471 et
691 1448 845 1476 poenitentiae
863 1448 903 1470 541
932 1447 946 1469 b

377 1502 408 1506 —
427 1489 492 1512 lsrael
510 1489 616 1517 designat
629 1488 822 1516 contemplativos
834 1488 878 1509 2¹8
892 1494 903 1509 a
917 1500 946 1503 —-

378 1529 496 1557 caliginosi
514 1532 566 1551 sunt
583 1528 611 1550 illi
632 1528 672 1556 qui
690 1528 746 1550 dant
761 1527 813 1549 falsa
828 1527 946 1554 dogmata,

380 1568 473 1591 consilia
489 1568 525 1590 vel
544 1568 628 1590 iudicia
646 1567 690 1588 689
708 1573 720 1589 a
743 1579 767 1582 —
786 1565 872 1588 Gelboe
889 1566 946 1588 desi-

379 1611 451 1636 gnant
468 1610 660 1635 praesumtuosos
677 1607 722 1628 229
740 1612 752 1628 0
766 1619 793 1621 -
807 1605 892 1628 Gelboe
905 1605 945 1627 de-

379 1647 472 1675 signant
488 1647 571 1673 elatos,
590 1646 694 1672 invidos,
712 1645 833 1667 indevotos
851 1645 895 1667 689
913 1651 924 1666 a

428 1699 456 1701 —
475 1686 558 1714 Quales
581 1688 670 1707 montes
692 1691 742 1707 esse
760 1684 899 1712 debeamus,
922 1687 946 1706 ut

378 1725 456 1747 divina
476 1725 547 1752 gratia
566 1724 587 1746 in
605 1731 647 1746 nos
664 1724 789 1746 descendat
806 1723 860 1746 ibid.

428 1765 489 1786 Mons
505 1776 536 1780 —
553 1767 585 1786 est
605 1764 692 1791 triplex,
710 1764 796 1786 scilicet
813 1764 902 1791 culpae,
914 1763 946 1784 vi-

379 1807 415 1826 tae
432 1804 558 1832 praesentis
575 1806 597 1825 et
614 1809 702 1831 poenae
719 1803 853 1831 gehennalis
871 1803 915 1824 (308
933 1808 944 1824 a

380 1856 409 1859 —
427 1846 520 1865 aeterna
538 1849 592 1865 vere
610 1849 673 1864 mors
689 1845 724 1864 est
742 1842 785 1864 473
804 1841 819 1863 b
841 1854 872 1858 --
893 1842 945 1864 Nul-

379 1882 414 1904 lus
431 1881 540 1904 liberatur
557 1888 569 1903 a
587 1884 661 1903 morte
679 1884 785 1908 aeterna,
805 1881 847 1903 nisi
870 1881 945 1909 primo

380 1921 489 1943 liberetur
506 1927 517 1943 a
537 1923 610 1943 morte
628 1920 753 1949 iniquitatis
771 1921 815 1942 239
834 1926 845 1942 a
858 1932 888 1936 —
901 1921 946 1942 Me-

380 1960 423 1983 lius
439 1963 499 1982 esset
516 1960 612 1982 interfici
631 1960 780 1987 corporaliter
802 1966 872 1988 (1110111
896 1959 945 1981 neci

382 1999 547 2021 consentiendo
573 1999 669 2021 interfici
692 1998 838 2026 spiritualiter
860 1998 904 2020 465
930 1998 945 2020 b

381 2040 443 2060 —ln
462 2042 535 2060 morte
553 2038 687 2066 intelligitur
704 2038 821 2060 tolerantia
840 2038 945 2059 dolorum

380 2077 409 2099 48
427 2084 439 2100 a

421 2130 451 2132 —
469 2117 553 2139 occidit
566 2122 651 2144 corpus
664 2116 820 2144 temporaliter
837 2116 881 2137 306
895 2122 906 2137 0
918 2128 947 2131 —-

380 2156 482 2178 animam
501 2162 513 2177 a
526 2161 623 2183 corpore
635 2155 758 2177 crudeliter
769 2158 862 2183 separatv
875 2154 898 2176 41
910 2156 914 2176 1
933 2154 947 2176 1)

379 2207 409 2211 --
427 2198 461 2217 est
474 2195 586 2217 maximus
604 2195 660 2216 inter
677 2200 758 2217 omnes
775 2194 878 2216 defectus
896 2200 947 2221 poe-

382 2234 479 2256 nalitatis
498 2234 541 2256 273
560 2240 580 2256 0.
599 2234 638 2256 411
661 2233 676 2255 h
694 2247 722 2249 —
741 2237 774 2256 est
795 2234 889 2255 materia
907 2233 947 2255 de-

380 2273 496 2296 solationis
514 2273 553 2295 271
576 2280 596 2295 a.
615 2274 659 2295 273
677 2280 689 2295 0
712 2285 742 2289 -—
765 2274 806 2295 Per
829 2273 948 2301 poeniten-

382 2313 436 2335 tiam
454 2312 568 2335 debemus
591 2313 649 2334 mori
676 2313 698 2334 in
724 2313 766 2334 hac
792 2313 837 2334 vita
861 2315 883 2334 et
906 2318 947 2340 per

381 2355 479 2374 mortem
498 2354 592 2374 naturae
604 2352 693 2374 eximus
710 2351 740 2374 ab
752 2353 795 2374 1100
812 2352 859 2373 ν110
877 2351 921 2373 270
934 2357 946 2373 a

427 2403 457 2407 —-
470 2391 521 2413 licet
533 2397 544 2413 a
557 2391 602 2413 Deo
617 2391 645 2413 sit
656 2391 748 2418 inflicta,
758 2392 807 2413 eins
819 2397 887 2413 causa
900 2397 946 2412 non

381 2433 415 2452 est
428 2431 495 2458 Deus,
507 2430 547 2452 sed
561 2430 667 2452 voluntas
684 2430 769 2452 cadens
782 2437 793 2452 a
811 2430 947 2452 rectitudine

380 2469 478 2491 iustitiae
500 2470 543 2491 273
564 2476 585 2491 a.
604 2469 643 2491 411
666 2469 681 2491 1)
698 2482 728 2486 -
746 2476 790 2491 1100
808 2472 843 2491 051
862 2470 892 2491 (10
911 2476 947 2491 na-

380 2512 430 2531 tura
447 2508 546 2531 hominis
559 2508 662 2535 instituti,
673 2509 714 2531 sed
727 2515 802 2536 poena
815 2508 947 2531 inobedien-

381 2548 425 2569 tiae
444 2548 544 2569 hominis
566 2548 622 2575 lapsi
642 2547 681 2569 271
712 2554 724 2569 0
746 2560 776 2564 -
798 2548 849 2569 licet
874 2549 948 2570 trahat

380 2587 524 2609 occasionem
535 2593 546 2608 a
558 2587 708 2609 iraudulentia
720 2587 798 2614 hostis,
809 2589 883 2608 tamen
894 2592 948 2608 cau-

381 2632 429 2648 sam
444 2625 513 2648 habet
524 2626 553 2648 ab
566 2626 698 2653 arrogantia
711 2626 794 2648 mentis
806 2629 827 2647 et
839 2632 946 2648 consum-

382 2665 508 2687 mationem
525 2671 537 2686 a
561 2665 747 2692 concupiscentia
769 2665 844 2687 carnis
867 2665 911 2686 273
934 2671 946 2686 0

381 2715 412 2720 —
429 2704 482 2726 Eius
500 2704 566 2731 origo
589 2707 623 2725 cst
647 2704 714 2725 elatio
738 2704 820 2725 mentis
845 2704 947 2726 mulieris

382 2742 421 2765 411
445 2743 459 2765 b
479 2756 505 2758 —
524 2749 569 2764 non
588 2743 879 2770 051101110ῑο111511111111101·
897 2749 947 2770 pec·

382 2785 459 2804 catum
478 2782 522 2804 647
541 2789 553 2804 0
565 2794 596 2798 -
614 2782 666 2804 Eius
684 2782 806 2804 necessitas
824 2782 947 2804 incurritur

383 2824 476 2848 propter
499 2821 639 2843 debilitatem
667 2821 793 2848 potentiae,
814 2821 946 2843 caecitatem

382 2860 537 2887 ignorantiae,
559 2860 721 2888 poenalitatem
744 2861 849 2882 miseriae
868 2860 911 2882 432
934 2866 946 2881 0

381 2911 411 2915 -
428 2899 520 2921 durabit
546 2905 619 2927 usque
642 2899 670 2921 ad
695 2900 824 2927 generalem
848 2905 947 2921 resurre-

382 2938 480 2960 ctionem
501 2938 528 2960 48
547 2945 558 2960 a
578 2951 606 2954 —
625 2939 735 2960 llomines
752 2944 834 2960 01111105
851 2939 946 2961 01110111-

383 2976 464 2998 timum
483 2977 593 2999 iudicium
612 2977 738 2999 morientur
756 2978 785 2999 35
802 2984 814 2999 a

1024 283 1053 286 —
1071 270 1128 292 Nihil
1147 273 1181 292 est
1198 270 1283 292 certius
1300 274 1386 297 1110110,
1401 269 1456 292 nihil
1473 269 1544 291 incer-

977 310 1022 332 tius
1039 310 1089 331 eius
1106 310 1161 331 hora
1174 309 1218 331 606
1237 315 1249 331 a
1261 321 1292 325 —
1304 309 1366 331 lianc
1379 309 1490 331 Dominus
1502 314 1543 330 vo-

977 349 1018 371 luit
1030 355 1080 371 esse
1093 349 1210 375 incertam,
1226 350 1250 370 ut
1261 354 1354 376 semper
1367 348 1473 370 timeatur
1490 346 1544 370 ibid.

976 400 1007 404 —
1035 388 1143 416 Quotidie
1169 387 1282 410 morimur
1309 393 1351 409 nec
1376 387 1403 409 ad
1432 389 1543 414 punctum

977 430 1038 450 stare
1055 433 1182 455 possumus
1199 426 1244 449 545
1263 426 1277 448 b
1304 439 1332 442 —
1351 426 1411 448 Multi
1430 425 1545 448 intrabant

977 467 1061 489 lectum
1079 467 1127 489 sani
1145 470 1167 488 et
1189 466 1211 488 in
1232 466 1332 488 crastino
1350 465 1380 487 ibi
1398 464 1545 487 invenieban-

979 508 1014 528 tur
1032 506 1116 528 mortui
1134 506 1179 527 525
1197 505 1212 527 b
1229 517 1260 521 —
1283 505 1349 533 Quod
1371 505 1441 527 semel
1463 503 1493 526 ab
1518 510 1544 526 ea

978 545 1075 573 capitur,
1093 551 1212 573 nunquam
1231 544 1352 566 dimittitur
1371 543 1410 566 421
1433 543 1447 566 b

1025 596 1056 600 ——
1073 584 1153 606 Onmis
1171 589 1212 611 per
1234 586 1340 606 naturam
1360 586 1463 605 creatura
1482 582 1546 605 111001

978 626 1000 645 01
1018 623 1075 651 fugit
1090 626 1187 645 mortem
1201 623 1245 645 523
1259 622 1274 644 b
1291 635 1322 639 --
1340 622 1440 644 incussio
1458 622 1546 644 timoris

978 662 1059 685 mortis
1076 669 1103 684 ex
1120 665 1220 691 quatuor
1237 665 1328 684 creatur
1345 662 1390 683 607
1404 661 1418 683 b
1436 674 1466 678 —
1478 661 1547 684 Medi-

979 702 1033 724 tatio
1050 702 1131 723 mortis
1144 701 1522 723 010010011011111111111110111101676
1533 707 1544 722 0

977 753 1009 757 -
1021 741 1129 763 Memoria
1143 741 1223 762 mortis
1235 741 1311 767 efficit,
1324 746 1352 762 ne
1363 740 1489 762 consolatio
1503 740 1546 762 dis-

978 780 1080 802 solx‘atur
1093 780 1115 801 in
1129 780 1235 801 laetitiam
1249 779 1294 802 273
1306 785 1319 801 a
1331 792 1361 795 —
1374 779 1416 807 Qui
1432 785 1546 801 memores

978 822 1031 841 sunt
1049 819 1129 841 mortis
1146 819 1288 841 visitationes
1310 819 1401 841 divinas
1418 818 1547 846 suscipiunt

979 858 1023 880 676
1039 864 1052 880 a
1069 871 1099 874 —
1117 858 1194 880 Mortis
1212 858 1329 880 meditatio
1344 858 1488 885 significatur
1505 863 1546 885 per

978 898 1105 920 sessionem
1116 897 1222 920 Abrahae
1235 898 1256 919 in
1268 897 1327 920 ostio
1340 896 1479 920 tabernaculi
1492 896 1545 920 ibid.

1026 950 1057 953 —
1074 937 1117 965 Qui
1135 937 1185 959 vult
1202 936 1261 959 bene
1280 937 1339 959 mori
1356 936 1426 959 debet
1443 936 1545 964 cogitare

979 977 1007 999 de
1026 976 1085 999 bona
1110 976 1155 998 vita
1174 977 1218 998 618
1237 982 1249 998 0
1275 988 1306 992 -
1330 975 1440 998 Medicina
1465 976 1545 997 mortis

979 1019 1114 1044 praeparata
1133 1019 1167 1038 est
1185 1022 1225 1044 per
1238 1015 1321 1038 Christi
1333 1015 1463 1043 passionem
1475 1015 1519 1037 273
1532 1021 1544 1037 a

1025 1068 1056 1071 —
1074 1055 1191 1083 Tempore
1203 1055 1283 1077 mortis
1295 1061 1340 1077 uon
1358 1055 1403 1076 iam
1422 1060 1546 1082 possumus

979 1094 1071 1123 operari
1087 1095 1115 1116 ad
1134 1094 1321 1116 satisfaciendum
1340 1094 1384 1116 387
1402 1100 1414 1116 a
1437 1106 1467 1110 —
1491 1094 1547 1116 Ante

981 1137 1077 1156 mortem
1104 1140 1149 1155 non
1176 1136 1209 1156 est
1234 1133 1400 1162 quiescendum
1424 1133 1469 1155 574
1486 1140 1498 1154 a
1517 1145 1546 1149 —-

980 1174 1038 1195 Ante
1060 1176 1158 1195 mortem
1183 1179 1251 1195 nemo
1274 1175 1308 1194 est
1329 1173 1395 1200 plene
1418 1172 1548 1194 laudandus

982 1212 1022 1234 271
1046 1211 1060 1234 b

1027 1264 1058 1267 ——
1085 1255 1197 1280 quantum
1227 1255 1261 1273 051
1285 1251 1314 1273 de
1339 1257 1377 1277 se,
1401 1254 1435 1273 cst
1460 1251 1546 1278 peccati

982 1297 1068 1319 poena,
1086 1295 1107 1313 et
1126 1291 1177 1313 ideo
1197 1291 1329 1317 toleranda,
1344 1291 1398 1319 quia
1416 1290 1548 1312 inobedien-

981 1330 1035 1352 tiam
1053 1331 1125 1358 punit,
1144 1336 1268 1358 personam
1286 1336 1332 1352 non
1360 1330 1456 1357 accipit,
1478 1330 1548 1352 nemi-

980 1376 1032 1392 nem
1051 1370 1191 1397 impunitum
1210 1369 1317 1398 relinquit
1335 1369 1375 1391 271
1399 1375 1411 1391 0
1430 1381 1461 1385 -
1478 1375 1548 1398 quau-

980 1412 1028 1431 tum
1046 1412 1080 1431 est
1097 1409 1125 1431 de
1143 1409 1231 1431 ratione
1248 1409 1346 1431 iustitiae
1364 1409 1497 1435 adiunctae,
1514 1410 1549 1430 est

980 1448 1088 1471 transitus
1110 1448 1139 1470 ad
1158 1448 1243 1476 vitamy
1266 1450 1288 1470 et
1312 1448 1364 1469 idco
1389 1447 1454 1470 bonis
1480 1454 1548 1475 appe-

980 1488 1060 1515 tenda,
1078 1488 1131 1516 quia
1155 1488 1194 1509 dat
1220 1488 1288 1509 finem
1307 1487 1436 1509 actionibus
1452 1487 1548 1509 laborio-

979 1528 1017 1555 sis⁷
1035 1527 1199 1549 tentationibus
1216 1527 1358 1555 periculosis,
1385 1526 1547 1549 afflictionibus

980 1567 1088 1590 taediosis
1106 1566 1135 1589 ib.
1153 1573 1173 1594 a,
1187 1566 1201 1589 b
1220 1580 1248 1582 —
1266 1567 1313 1589 Non
1332 1566 1445 1588 debemus
1463 1566 1547 1588 contri-

979 1607 1033 1629 stari
1056 1606 1085 1629 de
1109 1608 1182 1629 morte
1205 1606 1332 1634 bonorum,
1357 1606 1410 1634 quia
1434 1605 1548 1628 habemus

980 1646 1087 1668 fiduciam
1107 1645 1282 1668 resurrectionis
1299 1645 1344 1667 274
1362 1651 1374 1667 0
1392 1646 1456 1667 —ln
1475 1645 1547 1667 Thra—

979 1686 1013 1707 cia
1031 1686 1085 1707 olim
1105 1692 1154 1707 11105
1172 1685 1212 1707 fuit
1231 1686 1254 1707 in
1267 1689 1340 1707 morte
1358 1685 1477 1707 hominum
1491 1690 1548 1712 gau-

979 1725 1045 1752 dere,
1069 1725 1123 1753 quia
1142 1725 1223 1747 mundi
1241 1725 1299 1746 mala
1319 1725 1446 1752 effugerent
1468 1723 1513 1746 545
1532 1723 1546 1745 b

1030 1777 1056 1780 —
1075 1764 1129 1786 Mori
1148 1764 1170 1786 in
1189 1763 1296 1786 manibus
1319 1764 1408 1785 Domini
1435 1768 1468 1786 est
1488 1763 1546 1785 mori

980 1804 1003 1826 in
1021 1803 1082 1825 bono
1108 1806 1167 1825 statu
1186 1803 1215 1825 55
1233 1809 1244 1825 a
1262 1815 1293 1819 —
1311 1803 1352 1831 Qui
1372 1803 1502 1825 moriuntur
1525 1804 1545 1824 iu

980 1843 1088 1865 manibus
1112 1843 1214 1871 Domini,
1233 1845 1350 1864 transeunt
1373 1842 1395 1864 in
1421 1841 1545 1864 continenti

980 1882 1007 1904 ad
1027 1888 1124 1909 regnum
1143 1881 1197 1904 ibid.
1214 1894 1245 1898 —
1262 1882 1342 1903 Anima
1361 1881 1384 1903 in
1402 1881 1547 1909 separatione

980 1927 991 1943 a
1002 1927 1100 1948 corpore
1110 1921 1244 1948 perducitur
1253 1921 1281 1943 acl
1291 1920 1456 1948 possidendum
1466 1920 1546 1947 Deum,

980 1962 1020 1982 aut
1037 1960 1155 1982 diabolum
1174 1960 1219 1981 630
1239 1959 1253 1981 b
1272 1973 1298 1975 —
1319 1960 1401 1981 iniusto
1424 1962 1458 1981 est
1480 1962 1546 1987 porta

981 1999 1061 2021 mortis
1079 2002 1184 2021 aeternae
1204 1999 1248 2020 608
1267 2005 1278 2020 a

1028 2039 1183 2060 Mommamo
1201 2050 1232 2054 —
1249 2039 1366 2066 restringit
1387 2038 1548 2065 concupiscen-

981 2078 1043 2105 tiam,
1062 2080 1138 2099 motus
1156 2081 1177 2099 et
1194 2077 1308 2100 desideria
1327 2077 1402 2099 carnis
1421 2077 1464 2098 417
1482 2083 1493 2099 a
1517 2089 1548 2093 —

982 2117 1022 2138 Per
1041 2117 1114 2144 ipsam
1132 2116 1232 2138 servitur
1250 2117 1296 2138 Deo
1309 2116 1353 2138 5573
1368 2116 1382 2138 b
1394 2129 1423 2132 —
1442 2117 1483 2138 Per
1496 2122 1548 2144 poe-

982 2156 1098 2178 nitentiam
1116 2155 1231 2178 debemus
1248 2161 1340 2178 carnem
1361 2158 1461 2178 nostram
1479 2156 1549 2177 sacri-

982 2195 1051 2217 ficare
1069 2201 1111 2222 pro
1128 2194 1218 2217 Christo
1237 2195 1281 2217 304
1301 2194 1314 2216 b
1332 2207 1362 2211 -
1380 2195 1469 2217 Nervus
1494 2194 1547 2217 dici-

982 2238 1017 2256 tur
1035 2240 1186 2261 marcescere,
1205 2234 1300 2263 quando
1327 2234 1477 2256 mortificatur
1494 2240 1547 2256 caro

981 2273 1025 2295 578
1044 2280 1055 2295 a
1078 2287 1107 2289 —
1133 2273 1248 2296 Debemus
1274 2274 1412 2295 mortificare
1438 2274 1549 2295 vanitates

981 2313 1123 2340 spirituales,
1141 2313 1271 2340 voluptates
1296 2313 1398 2335 carnales
1415 2315 1437 2334 et
1459 2312 1549 2340 cupidi-

982 2354 1038 2374 tates
1056 2353 1195 2379 temporales
1212 2352 1256 2374 246
1271 2351 1285 2374 b
1297 2365 1326 2368 -—
1338 2352 1413 2374 carnis
1425 2352 1549 2380 aliquando

982 2391 1086 2419 perditur
1104 2398 1145 2419 per
1157 2390 1300 2419 superbiam,
1312 2391 1436 2420 aliquando
1454 2397 1495 2419 per
1507 2397 1549 2418 gu-

982 2431 1025 2452 lam
1044 2430 1089 2452 375
1107 2437 1118 2452 a

1029 2470 1114 2491 1110111111
1132 2482 1163 2485 -
1181 2470 1322 2492 Mortuerum
1341 2473 1386 2491 tres
1408 2472 1460 2491 sunt
1486 2469 1549 2491 ‹liffe—

981 2509 1067 2530 rentiae
1085 2509 1129 2530 608
1149 2507 1163 2530 b
1184 2521 1210 2524 —-
1236 2509 1262 2530 111
1286 2508 1445 2535 significantur
1467 2508 1487 2530 in
1511 2508 1549 2529 Pa-

982 2547 1056 2570 tribus
1073 2548 1157 2570 veteris
1176 2548 1315 2570 Testamenti
1334 2547 1387 2569 ibid.

1029 2587 1131 2609 lito-rivum
1148 2600 1178 2602 —
1196 2586 1229 2609 Ad
1249 2586 1379 2608 faciendum
1402 2586 1487 2614 aliquid
1506 2592 1548 2613 per

981 2630 1081 2655 quatuor
1100 2632 1222 2648 movemur
1239 2626 1284 2647 558
1303 2625 1325 2647 b.
1343 2625 1387 2647 550
1406 2631 1418 2646 0

1030 2666 1104 2687 Morus
1121 2678 1150 2681 —
1177 2665 1232 2687 dicit
1257 2664 1381 2686 terminum
1408 2664 1453 2686 320
1480 2664 1494 2685 b
1516 2677 1546 2679 —

982 2704 1057 2726 omnis
1074 2707 1108 2726 est
1125 2707 1220 2732 propter
1237 2704 1339 2732 quietem
1358 2703 1402 2725 267
1422 2702 1435 2725 b
1460 2716 1486 2718 —
1505 2703 1547 2724 cir-

982 2744 1065 2765 cularis
1082 2750 1129 2765 non
1146 2746 1221 2765 cessat.
1239 2743 1283 2765 612
1303 2742 1316 2764 b

1029 2783 1116 2804 11101515
1134 2795 1162 2798 --
1180 2783 1307 2804 occultatus
1330 2785 1363 2804 est
1386 2788 1398 2803 a
1418 2782 1473 2803 t'acie
1492 2782 1548 2803 Pha-

982 2822 1059 2843 raonis
1076 2821 1121 2843 665
1139 2828 1150 2843 a
1169 2834 1200 2837 —
1217 2821 1262 2844 Cur
1282 2821 1392 2843 Dominus
1415 2821 1458 2848 ipsi
1475 2826 1548 2848 appa-

981 2861 1052 2883 ruerit
1069 2862 1090 2882 in
1109 2861 1201 2882 flamma
1215 2860 1267 2882 rubi
1280 2860 1324 2882 630
1337 2867 1348 2882 0
1366 2873 1396 2876 —
1411 2860 1451 2882 fuit
1463 2860 1548 2881 electus

982 2900 1002 2921 in
1021 2900 1147 2927 praelatum
1166 2900 1246 2927 populi
1265 2902 1359 2927 propter
1377 2900 1501 2927 perfectam
1514 2898 1548 2920 iu-

981 2939 1065 2961 stitiam
1075 2939 1120 2961 516
1134 2938 1148 2961 b
1162 2951 1189 2954 —
1203 2939 1312 2961 exaltatus
1321 2941 1361 2965 est,
1371 2938 1425 2967 quia
1437 2944 1462 2960 se
1474 2937 1547 2959 humi-

981 2978 1044 2999 liavit
1061 2977 1107 3000 577
1125 2977 1140 2999 b
1157 2989 1187 2994 —-·
1205 2977 1315 3000 Dominus
1333 2977 1416 3003 voluit,
1436 2976 1546 3004 populum

929 192 1029 221 lNDEX
1051 191 1291 220 ALPHABETICUS
1312 191 1390 219 NONl
1412 190 1599 220 VOLUMtNts.

1833 229 1891 252 MUN

1577 274 1652 291 suum‘
1664 268 1713 296 regi
1731 275 1772 296 per
1790 268 1882 296 Moysen
1901 268 1946 290 525
1960 267 1975 290 b
1993 281 2022 284 -
2039 267 2145 290 liberavit

1577 308 1690 335 populum
1709 308 1828 336 captivum
1846 308 1891 330 665
1904 314 1916 329 a
1930 320 1959 323 —
1971 308 2000 330 ad
2018 309 2069 335 hoc,
2080 308 2145 337 quod

1577 347 1692 374 acciperet
1704 347 1798 375 Legem,
1811 347 1922 369 ieiunavit
1932 347 2085 375 quadraginta
2099 347 2145 369 die-

1578 386 1622 408 bus
1640 387 1685 408 635
1703 386 1718 408 b
1739 399 1769 402 —
1791 387 1814 408 ln
1836 387 1879 408 hoc
1903 386 1989 408 ieiunio
2011 386 2146 414 designatur

1578 425 1708 453 purificatio
1726 425 1805 453 legalis
1822 424 1877 448 ibid.
1888 437 1920 442 —
1931 425 2021 448 audivit
2038 431 2145 448 socerum

1578 465 1650 487 multo
1668 465 1800 487 inferiorem
1819 468 1841 486 et
1858 465 1911 487 ideo
1929 464 2055 492 sapientior
2073 466 2145 487 factus

1578 507 1612 526 est
1630 504 1674 526 456
1693 503 1708 526 b

1625 555 1656 559 -—
1674 544 1695 565 ln
1714 543 1764 571 ipso
1782 545 1830 565 erat
1847 542 1976 565 obedientia
1996 549 2053 571 pura
2072 543 2116 565 439
2131 543 2145 565 b

1579 594 1608 599 —
1627 582 1667 604 fuit
1684 588 1782 610 magnus
1799 583 1873 605 cultor
1891 582 2018 605 Divinitatis
2036 582 2064 604 48
2084 582 2098 604 1)
2115 594 2146 599 -

1579 624 1627 643 erat
1645 621 1825 649 gratiosissimus
1848 622 1870 643 in
1888 621 1961 644 oculis
1983 621 2022 643 Dei
2045 620 2098 644 ibid.
2115 633 2146 638 —-

1579 660 1633 682 011111
1652 660 1802 688 principalius
1819 660 1953 689 requirebat
1975 667 1987 683 a
2010 661 2057 683 Deo
2075 666 2145 689 quam

1580 700 1659 722 videre
1678 700 1758 722 faciem
1777 699 1858 722 Christi
1877 699 1934 722 ibid.
1949 712 1979 716 —
1997 700 2020 722 in
2037 699 2146 722 omnibus

1580 739 1659 761 verbis
1676 739 1723 761 suis
1740 739 1832 761 oculum
1852 738 1932 761 habuit
1949 739 1978 761 ad
1995 739 2042 761 Filii
2061 739 2146 761 1301111-

1579 779 1735 801 carnationem
1758 779 1799 800 128
1818 785 1829 800 a
1848 791 1877 794 —
1900 778 2008 806 designat
2029 778 2145 801 Christum

1580 818 1624 840 548
1644 824 1655 839 a

1627 858 1709 879 Muctus
1722 857 1866 885 (Monachus)
1876 869 1907 873 —
1919 857 1990 879 solem
2003 857 2033 879 ad
2045 857 2147 879 occasio-

1580 903 1632 919 nem
1650 897 1800 919 deelinantem
1819 897 1905 919 diutius
1922 899 1983 918 stare
2000 896 2052 919 fecit
2069 896 2108 918 551
2131 895 2146 918 b

1628 937 1711 959 illatum
1728 948 1759 952 —
1776 939 1810 958 est
1827 936 1905 958 timida
1924 942 1951 958 ex
1969 938 2049 958 natura
2070 936 2114 958 173
2132 935 2146 958 b

1580 988 1609 992 —-—
1627 982 1708 998 omnes
1729 982 1782 997 cum
1806 975 1992 1003 concupiscentia
2014 976 2147 1003 concipiunt

1584 1015 1626 1037 135
1638 1022 1649 1037 0
1668 1028 1697 1031 -
1716 1015 1821 1043 designat
1833 1015 1934 1037 divinam
1948 1015 2088 1043 Sapientiam
2101 1015 2146 1036 369

1581 1061 1592 1076 a
1611 1067 1641 1070 —
1659 1055 1766 1082 designat
1783 1060 1875 1077 carnem
1895 1055 1934 1076 261
1958 1061 1969 1076 0

1628 1106 1658 1110 —-
1676 1095 1791 1122 Quantum
1811 1094 1896 1115 malum
1909 1093 1938 1115 sit
1955 1094 2038 1116 mulier
2054 1096 2076 1116 et
2087 1086 2147 1122 (11100

1581 1134 1639 1155 mala
1658 1140 1699 1161 per
1718 1133 1791 1161 ipsam
1811 1133 1865 1155 110111
1887 1133 1930 1155 459
1948 1139 1959 1155 0
1978 1145 2008 1149 -
2027 1133 2146 1155 Cat-nalem

1580 1173 1724 1195 affectionem
1750 1173 1779 1195 ad
1804 1173 1913 1195 mulieres
1937 1172 2055 1200 deponere
2077 1171 2147 1195 debe-

1581 1218 1633 1234 mus
1651 1212 1691 1234 501
1714 1211 1729 1234 1)
1746 1225 1777 1228 -
1794 1212 1880 1234 lnsania
1903 1214 1938 1234 est
1954 1218 2040 1240 corpus
2057 1214 2079 1234 et
2095 1218 2147 1234 sen-

1580 1257 1620 1273 sus
1642 1257 1758 1279 exponere
1780 1251 1809 1274 ad
1831 1251 1958 1273 videndum
1977 1251 2085 1273 mulieres
2103 1251 2146 1273 476

1581 1297 1592 1312 a
1616 1303 1647 1307 —
1670 1291 1799 1313 Similitudo
1823 1289 1878 1313 ibid.
1904 1303 1935 1306 —
1957 1291 1976 1312 si
2001 1290 2093 1312 videtur
2118 1290 2147 1312 ad

1581 1330 1807 1358 concupiscendum,
1825 1329 1897 1357 gratia
1919 1329 2022 1357 perditur
2039 1332 2062 1351 et
2082 1329 2147 1352 letale

1582 1369 1666 1391 vulnus
1683 1369 1795 1397 accipitur
1812 1368 1866 1391 ibid.
1883 1381 1913 1385 --
1930 1375 2031 1397 nequam
2049 1368 2110 1396 capit
2126 1372 2148 1391 et

1582 1409 1650 1431 trahit
1671 1408 1773 1431 lubricos
1796 1408 1824 1431 ad
1848 1408 2002 1430 carnalitatem
2026 1408 2070 1430 396
2087 1414 2099 1430 a
2118 1420 2148 1425 —

1582 1454 1682 1476 nequam
1695 1448 1778 1470 occidit
1790 1454 1875 1476 corpus
1887 1451 1906 1470 et
1926 1447 2026 1469 animam
2045 1450 2148 1469 aeterna-

1581 1488 1630 1509 liter
1648 1486 1701 1510 ibid.
1718 1499 1750 1503 —
1766 1490 1801 1509 est
1818 1488 1914 1515 laqueus
1932 1487 2072 1509 daemonum
2091 1485 2146 1509 ibid.

1630 1539 1659 1542 —
1678 1528 1699 1548 ln
1718 1527 1797 1549 mundi
1817 1526 1984 1548 deformatione
2005 1526 2085 1548 mulier
2108 1526 2149 1548 fuit

1584 1566 1605 1588 in
1623 1569 1802 1592 nocumentum;
1832 1566 1852 1587 in
1880 1565 1960 1587 mundi
1985 1565 2148 1588 reformatione

1582 1605 1699 1633 proposita
1726 1607 1760 1627 est
1784 1604 1851 1627 nobis
1877 1605 1958 1626 mulier
1980 1604 2002 1626 in
2026 1604 2146 1632 speculum

1581 1644 1723 1666 innocentiae
1740 1647 1762 1666 0-1
1779 1644 1910 1672 exemplum
1931 1644 2084 1671 poenitentiae
2102 1643 2146 1665 558

1582 1691 1593 1705 0
1611 1696 1642 1700 --
1660 1683 1769 1711 Legimus
1786 1684 1894 1705 mulieres
1910 1683 1940 1705 ab
1959 1682 2092 1705 hominibus
2111 1682 2148 1704 be-

1580 1723 1683 1745 nedictas
1701 1726 1795 1751 propter
1815 1723 1887 1745 decus
1904 1723 2048 1751 integritatis,
2062 1728 2147 1744 munus

1581 1762 1726 1785 fecunditatis
1742 1765 1764 1784 et
1781 1768 1841 1790 opus
1858 1762 1970 1784 virilitatis
1987 1762 2032 1784 683
2050 1767 2061 1783 a

1627 1815 1657 1818 —
1676 1805 1736 1824 tanto
1762 1808 1842 1824 amore
1864 1801 2008 1830 quaerebant
2032 1800 2147 1823 Christum

1584 1841 1753 1868 resuscitatum,
1771 1843 1795 1863 ut
1812 1841 1880 1863 etiam
1899 1841 1921 1863 in
1939 1843 2006 1863 nocte
2023 1846 2068 1862 non
2087 1840 2148 1868 quie-

1580 1883 1670 1903 scerent
1691 1880 1731 1902 173
1750 1886 1762 1902 0

1627 1932 1658 1936 -
1676 1922 1722 1942 1105
1738 1920 1867 1947 allegantur
1884 1919 1906 1941 in
1924 1919 2016 1947 signnm
2031 1918 2148 1946 praedica-

1581 1959 1655 1986 tionis,
1679 1959 1838 1986 confessionis,
1856 1958 1965 1980 orationis
1979 1958 2023 1980 213
2042 1964 2062 1985 a,
2081 1957 2095 1979 b
2117 1969 2148 1974 ·—-

1580 2002 1668 2026 septem
1688 1999 1810 2026 designant
1828 2003 1915 2026 septem
1935 1997 2050 2020 mirabiles
2067 2003 2149 2025 opera-

1581 2038 1667 2065 tiones,
1685 2044 1745 2066 quae
1762 2038 1784 2060 in
1803 2038 1841 2060 die
1855 2037 2010 2065 conceptionis
2021 2037 2149 2064 apprehen-

1581 2077 1664 2099 derunt
1681 2077 1795 2099 Christum
1819 2077 1859 2098 108
1873 2083 1884 2098 a
1902 2088 1933 2092 —
1945 2076 2050 2098 inclinata
2063 2076 2091 2098 ad
2105 2078 2148 2098 ter-

1581 2122 1629 2138 ram
1648 2116 1762 2143 significat
1780 2115 1881 2137 animam
1901 2115 1982 2137 merito
1995 2114 2148 2143 corruptionis

1581 2155 1701 2182 originalis
1718 2156 1800 2182 culpae
1813 2155 1928 2182 alligatam
1947 2155 1975 2176 ad
1990 2158 2076 2176 terrena
2097 2153 2125 2176 46
2135 2159 2147 2175 0

1581 2206 1612 2210 -
1630 2194 1733 2216 inclinata
1751 2194 1858 2222 designat
1875 2193 1988 2215 lubricum
2007 2193 2051 2215 397
2072 2199 2083 2214 a

1631 2234 1797 2255 illutrtrttcxsto
1816 2245 1845 2248 —
1862 2233 1938 2255 omnis
1960 2235 1994 2255 est
2015 2232 2045 2254 ab
2064 2232 2149 2254 unitate

1583 2272 1627 2295 352
1646 2279 1657 2294 0

1631 2312 1746 2334 Musonio
1763 2324 1794 2328 -—
1812 2311 1927 2333 Debemus
1951 2310 2057 2333 mundari
2080 2310 2101 2332 in
2118 2311 2148 2332 af-

1583 2351 1687 2379 fectione,
1705 2351 1826 2378 locutione,
1844 2350 2018 2372 conversatione
2031 2350 2076 2371 620
2093 2356 2104 2371 a
2117 2361 2148 2366 —

1584 2391 1721 2412 Mundamns
1736 2396 1777 2412 nos
1794 2390 1824 2412 ab
1836 2390 1898 2412 omni
1917 2389 2090 2418 inquinamento
2101 2395 2149 2411 car-

1583 2430 1624 2457 nis,
1642 2430 1659 2451 si
1678 2435 1764 2457 corpus
1781 2429 1894 2451 mundum
1913 2428 2057 2451 custodimus
2074 2431 2096 2450 et
2113 2434 2148 2450 su-

1583 2468 1687 2496 perbiam
1707 2469 1807 2490 vitamus
1825 2468 1869 2490 646
1889 2468 1903 2490 b

1632 2508 1738 2529 Mumrrti
1756 2519 1787 2523 —-
1804 2507 1906 2529 consistit
1924 2507 2043 2529 inanitate
2061 2506 2147 2534 gratiae

1582 2550 1603 2569 et
1622 2547 1721 2569 trinitate
1738 2547 1848 2568 virtutum
1867 2546 2049 2573 theologicarum
2068 2546 2107 2567 201
2135 2552 2146 2567 0

1581 2598 1612 2602 -
1642 2586 1718 2608 cordis
1751 2586 1844 2613 respicit
1876 2585 1953 2607 cordis
1979 2585 2147 2612 simplieitatem

1582 2625 1658 2653 quoad
1678 2625 1750 2647 Deum
1768 2625 1812 2647 568
1826 2631 1838 2646 a
1856 2637 1885 2640 —
1903 2624 2056 2647 conscientiae
2073 2623 2102 2646 ab
2115 2624 2148 2645 in-

1583 2664 1638 2686 timo
1656 2664 1719 2686 venit
1732 2664 1776 2686 507
1791 2663 1805 2686 1)
1824 2676 1851 2679 -
1871 2663 1914 2686 Ubi
1931 2667 1964 2686 est
1977 2663 2088 2686 munditia
2100 2669 2148 2685 cor-

1582 2703 1631 2729 dis,
1648 2703 1680 2724 ibi
1697 2706 1731 2725 est
1754 2703 1865 2725 munditia
1890 2703 1936 2725 oris
1953 2703 1994 2724 081
2016 2709 2028 2724 0
2051 2714 2081 2718 -
2104 2701 2147 2724 Ubi

1582 2744 1638 2764 haec
1656 2745 1716 2770 sunt,
1733 2746 1767 2764 est
1790 2745 1812 2764 et
1837 2742 1949 2764 munditia
1966 2742 2071 2769 corporis
2093 2740 2147 2763 ibid.

1581 2793 1612 2797 —
1630 2782 1672 2809 Qui
1692 2781 1760 2803 habet
1772 2781 1909 2803 munditiam
1927 2781 2026 2803 exterius
2044 2780 2147 2802 incarne

1582 2820 1651 2842 debet
1667 2820 1744 2842 lavare
1761 2821 1868 2842 atl'ectum
1888 2820 1931 2842 470
1949 2819 1964 2841 b

1631 2872 1658 2875 —
1681 2859 1762 2882 Cordis
1788 2859 1922 2881 munditiam
1947 2864 2039 2886 semper
2062 2857 2147 2881 habere

1581 2901 1672 2926 oportet
1689 2898 1733 2921 534
1748 2898 1762 2920 b
1776 2911 1803 2914 —
1818 2899 1849 2920 De
1861 2897 1972 2920 munditia
1991 2903 2075 2925 magna
2091 2903 2146 2919 eura

1581 2940 1615 2959 est
1627 2937 1732 2959 habenda
1745 2936 1800 2959 ibid.
1812 2949 1841 2952 —
1852 2937 1928 2959 cordis
1940 2939 1974 2959 est
1986 2936 2145 2963 custodIenda,

1581 2982 1610 2998 ne
1623 2982 1664 3004 per
1676 2977 1793 2998 lasciviam
1806 2976 1935 2998 ctl'undatur
1946 2975 1989 2997 476
2000 2975 2015 2997 b
2026 2988 2054 2991 —
2064 2975 2146 2997 mentis
