2269 3448
394 195 446 223 106

641 232 696 255 cau

391 273 435 295 267
453 280 464 295 a
483 285 513 289 —
532 273 553 294 ln
571 278 639 295 cruce
656 278 781 300 possumus
803 271 906 293 invenire
923 277 955 293 sa-

390 313 512 340 pientiam,
541 312 753 339 mortificationem,
783 314 955 338 paupertatem,

390 352 554 379 humilitatem,
572 351 681 373 virtutem
700 350 745 372 304
764 349 778 372 1)
796 362 826 366 -
843 350 873 372 Ex
885 349 956 372 corde

390 392 457 418 cluro,
474 391 492 412 si
511 390 639 418 percutitur
653 390 717 417 virga
736 389 821 416 crucis,
841 390 911 411 fluent
928 388 955 410 la-

390 436 496 458 crymae,
513 432 535 451 et
556 430 588 452 sic
614 429 636 451 in
654 429 731 456 ipsum
752 428 847 450 influent
869 428 956 455 gratiae

390 469 430 492 341
448 476 459 491 0
472 481 503 485 -
516 469 557 490 Per
574 475 624 490 eam
643 474 695 490 arca
714 468 842 490 testamenti
854 467 956 495 aperitur

390 512 412 531 et
429 509 540 536 religatur
558 508 603 530 265
622 507 636 529 b

440 560 466 563 —
486 548 508 569 ln
526 553 595 569 cruce
612 547 744 569 invenimus
761 546 831 568 vitam
850 545 957 573 spiritua-

391 587 434 609 lem
453 587 498 609 305
516 593 527 608 a
546 598 576 602 —
593 586 640 608 sola
658 586 753 614 prodest
778 585 807 607 ad
831 585 902 606 vitam
920 590 957 606 ae-

391 629 479 648 ternam
504 625 547 647 467
572 632 583 647 a
601 637 631 641 ——-
649 627 683 646 est
704 624 796 647 debitus
819 624 903 646 modus
920 629 957 645 ve-

391 665 468 687 niendi
486 665 515 687 ad
533 665 604 686 vitam
623 664 667 685 464
685 670 697 685 a
715 676 744 679 -«
762 664 809 685 sola
829 665 903 690 potest
915 668 957 684 nos

390 704 487 726 liberare
506 704 550 726 265
569 703 583 725 b
601 716 630 719 -—
648 703 700 724 Sine
724 708 792 724 cruce
809 708 891 723 omnes
908 707 957 723 cur-

390 744 463 765 rimus
485 743 513 764 ad
540 743 656 764 infernum
683 742 727 763 266
752 741 765 763 b
793 754 821 756 —
848 740 957 763 indecens

391 786 425 805 est
442 783 464 804 in
481 782 524 804 alio
543 781 635 809 gloriari
653 781 694 803 nisi
713 781 735 802 in
753 786 821 802 cruce
839 780 884 801 305
902 786 914 801 0
927 792 957 795 —-

391 823 413 843 ln
431 828 457 843 ea
475 825 509 843 est
527 821 676 843 dulcissimus
694 821 781 842 fructus
800 819 839 841 471
864 818 878 840 b

438 873 468 876 —
487 861 528 882 Per
545 860 594 882 cius
620 859 755 881 memoriam
781 858 857 881 omnis
877 858 958 879 amari·

391 900 447 922 tudo
469 899 610 921 convertitur
636 899 659 920 in
681 898 799 920 dulcorem
825 901 847 919 et
864 897 958 919 sedatur

391 939 466 961 omnis
484 939 576 961 tentatio
595 938 639 960 266
658 937 681 959 b.
698 937 743 959 267
761 943 773 959 0
790 949 822 953 -
838 936 957 964 Optimum

391 982 426 1001 051
451 984 543 1006 50101)οι-
566 978 587 999 111
614 983 683 999 cruce
709 976 814 998 meditari
833 976 877 998 265
896 975 910 997 b
928 988 957 991 ——-

392 1018 498 1040 Studium
518 1017 592 1039 crucis
615 1017 654 1038 dat
679 1016 755 1038 visum
773 1015 859 1042 caecis,
877 1015 958 1037 sanita-

391 1061 436 1079 tem
456 1057 563 1084 infirmis,
575 1056 645 1078 vitam
664 1055 760 1077 mortuis
778 1055 823 1077 304
840 1054 855 1076 b
867 1066 898 1070 —
909 1054 958 1076 Non

392 1096 514 1119 evadimus
533 1096 603 1122 mala,
621 1095 663 1117 nisi
681 1095 807 1117 sentiamus
824 1094 912 1122 aliquid
929 1093 958 1116 de

392 1142 460 1158 cruce
478 1136 523 1157 265
541 1135 556 1157 b

442 1187 468 1190 —
486 1175 549 1197 Nulla
568 1175 628 1196 salus
645 1176 679 1196 est
695 1173 717 1195 in
740 1173 823 1199 domo,
836 1172 878 1195 nisi
890 1178 959 1194 cruce

392 1214 466 1237 munit
491 1215 559 1236 homo
583 1213 628 1235 305
647 1213 661 1234 b
683 1225 714 1228 —
731 1212 851 1240 Quaedam
878 1211 959 1233 mulier

393 1254 467 1276 evasit
483 1252 683 1278 submersionem,
700 1252 753 1280 quia
772 1252 862 1279 signata
881 1251 921 1273 suit
933 1250 959 1272 si·

392 1299 438 1320 gno
455 1292 531 1315 crucis
549 1293 593 1314 266
611 1298 623 1313 0

440 1345 470 1348 —
494 1332 575 1354 Christi
602 1331 740 1353 divisionem
763 1330 815 1352 tecit
838 1330 895 1351 inter
918 1335 960 1351 nos

393 1375 415 1393 et
432 1372 546 1393 mundum
574 1371 617 1392 266
637 1370 651 1391 b
669 1383 697 1386 —
724 1369 768 1398 Qui
786 1375 878 1391 crucem
896 1369 960 1391 dere-

392 1410 475 1439 linquit
491 1414 513 1432 et
530 1410 653 1432 Dominum
673 1408 812 1437 derelinquit
830 1408 873 1430 465
892 1407 906 1429 b
929 1420 959 1423 —

392 1450 470 1472 Nullus
488 1449 517 1471 de
534 1449 634 1471 exercitu
660 1448 743 1470 Christi
760 1451 807 1474 est,
824 1447 866 1469 nisi
886 1450 960 1475 portet

393 1489 486 1517 signum
504 1489 553 1510 eius
571 1489 615 1510 58ss
633 1488 648 1509 b

440 1541 470 1544 —
488 1527 536 1550 Sul)
555 1528 689 1555 metaphora
708 1527 755 1555 iugi
774 1527 803 1549 ad
821 1532 914 1549 crucem
927 1526 960 1548 in-

393 1568 493 1589 vitamur
511 1570 620 1595 tanquam
645 1567 673 1588 ad
696 1566 842 1588 obedientiae
864 1566 959 1593 iugum,

392 1607 518 1635 sapientiae
535 1606 632 1633 librum,
650 1608 791 1628 armaturam
804 1604 959 1633 protectionis,

393 1646 483 1673 virgam
498 1645 613 1673 potentiae
625 1645 670 1667 262
684 1645 698 1666 1)
710 1657 741 1660 -
754 1645 812 1666 Dura
830 1650 867 1666 res
883 1646 918 1666 est
929 1644 960 1665 in-

393 1685 471 1707 vitatio
490 1685 519 1707 ad
536 1690 629 1706 crucem
647 1683 701 1706 ibid.
718 1696 749 1700 —
766 1684 795 1706 de
812 1690 837 1705 se
859 1686 893 1705 est
910 1684 960 1705 hor-

393 1723 477 1751 rihitis,
489 1724 530 1746 sed
543 1726 619 1746 tamen
633 1723 729 1745 multum
742 1722 902 1745 desiderabilis
915 1722 959 1744 463

393 1764 416 1786 b.
435 1763 479 1785 464
498 1769 511 1785 a
529 1776 558 1778 —
581 1762 683 1785 Christus
710 1768 755 1784 non
777 1762 859 1784 invitat
875 1757 902 1783 ad
922 1767 961 1783 nu-

394 1803 447 1825 dam
466 1808 572 1828 crucem„
595 1802 636 1824 sed
662 1801 787 1829 praemittit
811 1800 959 1823 resectionem

394 1845 416 1864 et
433 1841 553 1869 subiungit
571 1841 675 1870 requiem
694 1841 739 1863 262
757 1840 772 1862 1)
790 1853 818 1856 -
832 1840 880 1862 Νο11
892 1839 961 1862 debet

394 1881 461 1903 nobis
479 1881 552 1903 videri
570 1881 669 1903 arduum
688 1883 780 1908 portare
792 1880 873 1907 iugum
885 1879 961 1901 cruc-is

394 1920 438 1942 263
452 1926 463 1942 a
477 1933 506 1935 —
518 1920 537 1942 si
551 1920 640 1942 tollatur
652 1922 777 1947 spontanea
790 1919 915 1945 voluntate,
927 1921 960 1940 est

394 1960 475 1987 iugum
490 1965 569 1986 suave,
579 1959 721 1981 salutiferum
734 1961 756 1980 et
768 1958 893 1986 gloriosum
907 1956 935 1979 ib.
946 1957 960 1979 h

442 2011 472 2014 —
490 1998 571 2021 Christi
589 1998 659 2020 dehet
677 1998 733 2024 tolli,
752 2001 775 2019 ut
799 1997 959 2025 humiliemur,

395 2037 544 2064 erudiamur,
563 2040 681 2065 tueamur,
699 2036 849 2058 sublevemur
875 2037 920 2058 262
938 2035 962 2057 b.
977 2055 979 2058 .

444 2311 564 2332 DAEMONES
578 2323 605 2325 —-
619 2310 712 2337 potione
724 2308 848 2337 superbiae
859 2315 915 2331 suae
928 2314 961 2331 ce-

396 2351 502 2373 ciderunt
517 2350 546 2371 de
563 2350 626 2371 caelo
645 2350 689 2371 325
707 2355 719 2370 0
731 2361 762 2365 -
774 2348 873 2371 0110111111
888 2348 961 2370 Deum

397 2393 492 2417 propter
510 2394 575 2411 suam
593 2388 702 2410 iustitiam
722 2388 765 2409 480
783 2394 795 2409 a
814 2400 844 2403 —-
861 2390 962 2410 5011100-

396 2432 513 2451 cusatores
532 2428 603 2450 nostri
621 2434 699 2449 coram
720 2428 765 2449 Deo
784 2428 828 2448 626
847 2426 862 2448 1)
878 2432 962 2448 -vo-

397 2471 478 2490 cantur
496 2470 617 2489 venatores
636 2467 679 2488 396
697 2472 709 2488 0
728 2479 756 2482 —-
774 2466 820 2488 Cur
843 2466 903 2488 Deus
925 2465 963 2487 ali·

397 2507 491 2535 quando
509 2506 680 2529 condescendat
697 2505 812 2533 potentiae
835 2504 963 2527 diabolicae

397 2546 426 2568 24
445 2546 459 2568 b
476 2558 507 2562 —
526 2546 613 2567 Partem
631 2551 683 2567 cum
696 2546 728 2567 eis
741 2544 825 2567 habent
838 2545 963 2566 irreveren-

398 2589 430 2607 tes
448 2589 469 2607 et
487 2585 661 2611 incontinentes,
678 2584 798 2606 discordes
820 2587 842 2605 et
865 2583 963 2605 immise-

397 2624 501 2646 ricordes
519 2624 563 2646 629
582 2630 593 2645 0
611 2636 641 2640 -
659 2623 762 2645 Christus
779 2623 851 2644 salvat
874 2628 916 2644 nos
933 2621 962 2643 ab

397 2663 559 2685 hostilitatibus
577 2663 717 2685 daemonum
737 2662 764 2684 42
783 2661 797 2683 b

447 2703 547 2724 Damam
573 2714 603 2718 -
627 2702 776 2723 decesserunt
803 2704 864 2723 extra
893 2701 962 2723 tidem

397 2742 566 2768 omnimodam,
589 2741 624 2762 xel
649 2741 769 2762 soi-matam
792 2740 836 2761 606
855 2746 866 2761 0
886 2752 915 2755 —
933 2740 963 2761 iu-

398 2781 447 2802 vari
466 2786 511 2802 non
529 2783 625 2808 possunt
637 2779 692 2802 ibid.
704 2791 734 2795 —
746 2785 816 2807 super
829 2779 963 2801 fundamen-

399 2823 446 2841 tum
465 2819 517 2841 111101
536 2819 688 2841 aediticarunt
699 2824 745 2845 005,
758 2820 844 2840 serrum
857 2821 880 2840 et
892 2818 964 2845 plum-

399 2858 454 2880 bum
472 2859 516 2880 608
536 2858 550 2879 b
572 2870 603 2874 —
627 2858 726 2885 perdunt
751 2857 963 2885 repromissionem,

398 2897 452 2925 quia
470 2900 660 2924 contempserunt
677 2896 869 2924 repromissorem
888 2896 932 2917 607
950 2902 962 2918 a

398 2949 427 2952 —-
447 2936 564 2963 possident
586 2935 703 2958 diabolum
725 2938 747 2957 et
770 2935 916 2963 possidentur
933 2934 963 2957 ab

399 2981 425 2996 eo
445 2975 488 2996 630
508 2974 522 2996 b

990 272 1034 293 263
1052 277 1065 293 a
1082 283 1113 287 —-
1130 270 1246 293 Debemus
1264 271 1341 293 tollere
1358 270 1443 292 librum
1469 270 1556 297 crucis,

990 313 1015 333 ut
1026 311 1182 338 intelligamus
1194 316 1277 332 arcana
1289 310 1414 337 sapientiae
1432 310 1471 331 Dei
1484 310 1528 332 263
1541 309 1556 331 b

988 362 1020 366 -
1036 349 1134 372 Crucem
1153 355 1223 371 manu
1241 352 1263 371 et
1280 349 1383 371 humeris
1408 349 1557 371 circumferre

990 388 1104 411 debemus
1130 388 1169 410 341
1197 394 1210 410 a
1233 400 1263 404 —
1282 388 1357 410 Homo
1380 388 1488 410 continuo
1506 394 1557 415 por-

990 430 1040 450 tans
1065 433 1158 450 crucem
1182 430 1283 454 reportat
1306 428 1404 449 tructam
1431 427 1476 449 263
1495 426 1509 448 b
1526 439 1557 442 —

990 466 1025 488 Ad
1042 472 1135 489 cruceni
1152 466 1238 488 nudam
1257 466 1312 488 nudi
1326 466 1429 493 aspirare
1441 465 1556 487 debemus

993 506 1036 527 467
1056 512 1067 527 a

1038 558 1068 560 —
1086 544 1182 567 Crucem
1202 547 1293 572 portant
1309 545 1332 566 111
1354 544 1447 572 angaria
1466 544 1505 572 qui
1523 550 1558 565 ae-

991 586 1054 606 terna
1073 584 1215 611 despiciunt,
1233 584 1368 611 temporalia
1391 583 1559 610 concupiscunt

991 625 1013 645 et
1030 623 1151 645 carnaliter
1177 623 1260 645 vivunt
1285 623 1330 644 263
1349 622 1363 644 b
1381 635 1411 638 —
1428 622 1446 644 si
1469 622 1559 644 tollatur

993 662 1015 684 in
1033 662 1141 690 angaria,
1158 664 1192 684 est
1217 662 1298 689 iugum
1322 667 1445 688 asperum,
1464 661 1559 682 mortale

991 704 1014 723 et
1042 701 1223 728 ignominiosum
1253 699 1307 723 ibid.
1330 712 1360 716 --
1388 700 1453 722 l’auci
1480 700 1560 722 volunt

991 746 1083 763 crucem
1101 740 1226 767 sustinere,
1244 740 1297 768 quia
1315 739 1364 761 eius
1381 739 1559 761 amaritudinem

991 786 1037 802 11011
1056 782 1148 807 portant
1172 779 1194 801 in
1217 778 1287 801 corde
1309 778 1349 800 47¹1
1377 777 1392 799 1)
1414 790 1444 794 -
1468 778 1560 800 Scimus

992 819 1100 841 virtutem
1119 818 1206 844 crucis,
1220 818 1261 841 sed
1274 818 1303 840 ad
1322 824 1372 839 eam
1386 824 1431 839 non
1444 817 1560 840 currimus

993 858 1038 880 465
1064 857 1078 880 1)
1101 870 1131 874 -
1153 857 1234 880 Crucis
1255 857 1342 879 inimici
1365 863 1446 879 sumus
1465 859 1560 884 propter

992 901 1092 926 quatuor
1111 897 1154 919 468
1173 903 1184 918 a

1039 949 1069 952 -
1088 942 1129 964 pro
1147 935 1269 958 mundanis
1286 938 1320 958 est
1336 935 1427 957 stultitia
1446 935 1490 957 305
1504 934 1518 956 b
1529 947 1560 951 —

992 975 1074 998 Christi
1094 976 1169 1003 primo
1188 975 1228 997 tuit
1249 974 1312 1002 apud
1338 974 1444 1002 ludaeos,
1462 974 1501 996 sed
1521 974 1560 996 im—

993 1018 1085 1043 perator
1108 1014 1271 1037 Constantinus
1294 1014 1408 1036 transtulit
1431 1015 1504 1041 ipsam
1530 1013 1559 1035 ad

993 1054 1133 1077 Christianos
1150 1054 1194 1076 266
1214 1053 1228 1075 1)

1040 1106 1070 1110 -
1087 1092 1209 1121 apparebit
1227 1093 1249 1114 in
1267 1092 1304 1114 die
1322 1092 1399 1114 iudicii
1422 1092 1443 1113 in
1466 1091 1559 1119 signum

993 1132 1122 1155 severitatis
1139 1132 1185 1154 586
1204 1131 1218 1153 b
1238 1144 1264 1146 —
1283 1131 1391 1158 apparuit
1415 1131 1437 1152 in
1456 1131 1493 1153 die
1511 1137 1560 1158 pas-

993 1172 1064 1194 sionis
1090 1172 1112 1193 in
1137 1172 1230 1198 signum
1254 1170 1427 1193 misericordiae
1453 1169 1506 1192 ibid.
1530 1182 1560 1185 —

993 1214 1090 1239 apparet
1106 1211 1128 1232 in
1146 1216 1244 1238 corpore
1260 1209 1342 1232 Christi
1356 1209 1451 1237 mystico
1464 1208 1517 1231 ibid.
1530 1221 1560 1224 —

993 1250 1120 1278 specialiter
1137 1250 1245 1278 apparuit
1263 1249 1411 1271 Constantino
1433 1252 1453 1270 et
1472 1248 1560 1270 Franci-

993 1295 1032 1311 sco
1050 1289 1070 1311 in
1089 1289 1182 1316 signum
1201 1288 1311 1311 victoriae
1328 1287 1383 1310 ibid,
1403 1288 1447 1309 587
1466 1294 1477 1309 a

1041 1327 1182 1351 Cnvsrattus
1209 1340 1239 1344 —
1267 1327 1354 1349 Radius
1381 1327 1436 1349 solis
1463 1326 1559 1349 totaliter

994 1373 1044 1389 eam
1063 1370 1167 1395 penetrat
1185 1367 1229 1389 616
1247 1373 1259 1388 0

1042 1406 1112 1429 Cum
1130 1419 1160 1422 —
1179 1407 1202 1428 ln
1220 1403 1286 1428 omni
1312 1406 1378 1433 culpa
1402 1408 1435 1427 est
1460 1405 1559 1431 offensa,

994 1446 1096 1472 macula,
1121 1446 1215 1474 sequela
1242 1445 1287 1467 296
1311 1444 1326 1466 b
1352 1457 1380 1460 -
1404 1444 1560 1472 principaliter

994 1485 1067 1507 oritur
1092 1491 1118 1507 ex
1144 1485 1276 1507 carnalitate
1298 1487 1320 1506 et
1342 1484 1467 1511 cupiditate
1485 1483 1529 1505 270
1547 1489 1560 1505 a

994 1537 1024 1541 —
1042 1524 1103 1552 ignis
1120 1524 1202 1552 culpae
1220 1530 1264 1546 non
1282 1526 1317 1546 est
1334 1523 1448 1551 caelestis,
1460 1523 1501 1545 sed
1519 1525 1561 1545 ter-

995 1564 1072 1586 restris
1091 1563 1136 1585 342
1155 1563 1169 1585 1)
1188 1575 1218 1579 -
1237 1563 1296 1591 ignis
1313 1563 1397 1590 culpae
1414 1562 1511 1584 libenter
1523 1568 1560 1584 ac-

994 1603 1100 1625 cenditur
1117 1609 1158 1630 per
1175 1602 1294 1625 diabolum
1313 1605 1335 1624 et
1352 1602 1451 1624 maxime
1463 1608 1504 1629 per
1523 1603 1560 1623 ho-

995 1643 1069 1664 mines
1087 1642 1211 1664 malitiosos
1228 1641 1282 1664 ibid.
1300 1654 1331 1658 —-
1352 1642 1393 1663 Per
1416 1641 1493 1669 ignem
1516 1641 1560 1663 cul-

995 1688 1039 1709 pae
1061 1688 1127 1704 mens
1149 1681 1277 1709 peccatoris
1299 1680 1458 1707 obnubilatur,
1480 1686 1560 1702 consu-

995 1721 1076 1748 mitur,
1103 1721 1236 1743 molestatur
1260 1719 1314 1743 ibid.
1340 1720 1385 1742 343
1411 1726 1423 1741 0
1446 1732 1477 1735 -
1501 1719 1560 1747 ignis

994 1760 1075 1788 culpae
1097 1762 1132 1782 est
1153 1759 1334 1787 exstinguendus
1362 1759 1405 1781 343
1429 1765 1440 1780 a
1465 1771 1495 1774 ——
1518 1759 1560 1780 Ra-

995 1800 1055 1822 tione
1075 1800 1157 1827 0011100
1180 1799 1267 1821 nullum
1291 1805 1350 1826 opus
1372 1802 1405 1821 est
1427 1798 1516 1821 bonum
1538 1798 1560 1819 in

994 1845 1079 1867 genere
1096 1839 1188 1867 gratuiti
1212 1842 1234 1861 et
1255 1838 1353 1866 dignum
1377 1837 1561 1860 remuneratione

996 1879 1035 1901 451
1059 1878 1074 1900 b

1043 1930 1071 1933 —
1089 1918 1206 1940 Bonarum
1225 1917 1336 1939 mentium
1363 1920 1397 1939 est
1415 1916 1446 1938 ibi
1468 1917 1560 1943 culpam

994 1963 1136 1984 agnoscere,
1154 1956 1193 1979 nbi
1219 1957 1287 1984 culpa
1313 1962 1357 1978 non
1384 1959 1418 1978 051
1435 1955 1480 1977 347
1499 1955 1513 1977 b
1530 1967 1561 1971 —

995 1996 1101 2018 deflenda
1120 1999 1154 2018 est
1171 1998 1275 2023 tempore
1289 1995 1471 2021 misericordiae,
1485 2001 1512 2016 110
1524 1994 1561 2016 (10-

995 2035 1098 2063 piaretur
1116 2038 1220 2062 tempore
1237 2034 1335 2056 iustitiae
1347 2033 1460 2056 acerbitas
1472 2039 1562 2061 poenae

1256 2166 1302 2213 D

1041 2321 1072 2323 —
1090 2307 1159 2330 vitam
1178 2307 1269 2330 beatam
1288 2307 1439 2335 perdIderunt
1451 2307 1560 2334 irrepara-

995 2347 1069 2369 biliter
1086 2348 1131 2369 606
1150 2346 1164 2369 b
1188 2359 1217 2362 —-
1239 2352 1358 2374 nunquam
1385 2346 1412 2368 ad
1439 2346 1559 2367 caelestem

995 2386 1094 2414 patriam
1112 2389 1164 2408 sunt
1181 2385 1272 2408 venturi
1291 2386 1335 2407 608
1354 2384 1368 2407 b
1380 2397 1411 2401 —
1424 2385 1518 2412 proprie
1530 2384 1561 2406 di-

995 2428 1078 2448 cuntur
1096 2425 1199 2453 percussi
1218 2425 1262 2446 607
1282 2424 1295 2446 h
1313 2437 1343 2440 —
1361 2430 1401 2452 per
1418 2424 1500 2446 eadem
1519 2430 1561 2451 pu-

995 2465 1096 2491 niuntur,
1114 2470 1139 2487 ex
1157 2464 1243 2492 quibus
1260 2463 1428 2486 constituuntur
1446 2463 1490 2485 383
1504 2462 1519 2484 1)
1530 2474 1561 2478 -

996 2504 1053 2532 111515
1073 2504 1115 2526 erit
1137 2504 1222 2526 durum
1246 2502 1330 2525 bellum
1354 2503 1412 2524 inter
1429 2507 1521 2524 carnem
1539 2504 1561 2523 et

996 2544 1096 2566 animam
1114 2546 1142 2565 01·
1153 2543 1235 2565 durius
1258 2543 1315 2564 inter
1332 2548 1432 2569 poenam
1455 2544 1477 2563 et
1494 2543 1561 2563 natu-

996 2589 1045 2605 ram
1064 2583 1088 2604 81
1111 2589 1122 2604 a

1044 2622 1159 2644 011111οΛ110
1184 2633 1215 2637 --
1240 2621 1313 2643 Causa
1339 2619 1493 2642 damnationis
1519 2625 1561 2646 pro

998 2661 1074 2683 multis
1086 2664 1139 2683 sunt
1150 2661 1252 2688 divitiae,
1264 2660 1366 2686 deliciae,
1379 2661 1478 2681 honores
1490 2658 1535 2680 365
1548 2664 1560 2679 a

998 2712 1027 2715 —-
1045 2699 1202 2722 Consideratio
1214 2699 1368 2721 damnationis
1380 2698 1515 2725 angelorum
1528 2697 1561 2719 in-

998 2739 1061 2761 ducit
1078 2738 1264 2766 poenitentialem
1283 2737 1465 2766 purificationem
1483 2736 1528 2758 635
1545 2736 1561 2758 1.)

1044 2778 1141 2800 Danaum
1158 2790 1189 2793 —
1202 2777 1303 2806 Quilibet
1314 2780 1380 2799 cavet
1391 2776 1485 2798 sollicite
1497 2775 1561 2797 dam-

997 2823 1054 2839 num
1071 2823 1139 2839 suum
1158 2817 1203 2839 572
1220 2823 1232 2838 0
1250 2828 1280 2832 -
1298 2822 1344 2838 11011
1362 2815 1506 2843 emendatur,
1518 2813 1560 2836 nisi

998 2859 1084 2878 tantum
1103 2856 1139 2878 vel
1158 2856 1209 2883 plus
1225 2855 1357 2877 restituatur
1375 2855 1419 2876 223
1438 2853 1453 2875 b

1045 2896 1128 2918 DANlEL
1139 2908 1167 2911 —
1177 2895 1284 2922 designat
1294 2892 1486 2921 contemplativos
1496 2893 1508 2914 6
1516 2893 1520 2913 1
1528 2892 1558 2913 Oa

1045 2935 1126 2957 Damus
1146 2947 1173 2949 —
1192 2934 1353 2961 interpretatur
1375 2932 1452 2954 fertilis
1475 2931 1518 2953 358
1537 2930 1560 2953 1).

998 2974 1038 2996 361
1061 2973 1076 2995 b
1094 2986 1122 2989 —
1140 2973 1246 3001 designat
1263 2972 1378 2995 Christum
1396 2970 1449 2993 ibid.

936 193 1035 221 tNDEX
1058 192 1298 221 ALPHABETICUS
1321 192 1397 221 NONl
1421 192 1607 221 VOLUMlNlS.

1847 231 1905 254 DAV

1591 270 1635 292 307
1654 276 1665 291 a
1685 282 1717 287 —
1737 269 1835 298 Culpam
1862 270 1969 299 persequi
1995 270 2109 293 debemus
2134 271 2158 292 in

1591 309 1658 331 nobis
1676 312 1697 331 et
1715 310 1736 331 in
1754 310 1816 336 aliis,
1833 309 1852 332 si
1870 310 1979 332 volumus
2002 309 2088 332 habere
2108 316 2158 338 gra-

1591 349 1645 371 tiam
1672 348 1717 370 342
1744 355 1756 370 0
1779 361 1809 365 -
1836 349 1912 371 Primo
1934 348 2049 371 debemus
2065 350 2158 377 culpam

1592 388 1699 416 persequi
1717 388 1740 410 in
1757 388 1825 410 nobis
1842 394 1912 417 quam
1931 388 1951 410 in
1970 388 2033 415 aliis,
2049 391 2071 411 et
2084 389 2159 416 primo

1591 427 1612 449 in
1630 426 1758 449 maioribus
1783 427 1857 455 culpis
1883 433 1954 455 quam
1981 427 2003 449 in
2030 427 2159 450 minoribus

1591 465 1645 488 ibid.

1638 517 1669 521 —
1686 504 1791 528 Christus
1807 505 1879 527 salvat
1897 511 1938 527 nos
1950 511 1962 527 a
1976 506 2041 533 culpa
2055 512 2096 533 per
2110 511 2160 533 gra-

1593 544 1647 566 tiam
1667 544 1694 566 42
1713 544 1728 566 b
1746 557 1773 560 —
1798 544 1916 567 Contraria
1943 544 2024 572 culpae
2049 547 2159 567 curantur

1592 583 1712 605 contrariis
1728 583 1815 611 gratiae
1833 583 1877 605 396
1891 582 1905 605 b
1917 595 1948 599 —
1960 583 2112 611 exstinguitur
2124 589 2159 606 oc-

1593 623 1711 644 casionum
1730 622 1865 649 evitatione,
1878 623 2033 650 lacrymarum
2047 623 2159 645 effusione

1593 664 1615 683 et
1632 664 1735 683 extremo
1753 662 1856 683 examine
1875 661 1918 683 343
1938 667 1958 688 a,
1976 660 1990 683 b
2005 674 2030 677 —
2046 664 2158 689 purgatur

1594 706 1635 728 per
1653 700 1760 722 iustitiam
1780 700 1800 722 in
1819 700 1938 728 punitione
1960 703 1982 722 et
2007 701 2158 723 detestatione

1595 739 1703 761 vitiorum
1716 745 1757 767 per
1769 739 1933 767 poenitentiam
1946 740 2028 762 factam
2042 740 2064 762 in
2077 740 2160 762 timore

1596 778 1683 800 Domini
1710 778 1755 800 348
1773 784 1785 800 a
1803 790 1833 794 ———
1850 779 1995 801 consumitur
2020 785 2061 806 per
2079 779 2160 801 carita-

1595 820 1640 840 tem
1659 818 1687 840 08
1706 824 1717 839 0

1642 856 1728 879 Cot-rus
1745 869 1775 873 —
1794 857 1889 879 Maxime
1902 857 1922 878 01
1935 860 2051 884 repugnat
2062 857 2159 879 domum

1594 896 1703 918 orationis
1720 897 1794 918 facere
1806 896 1902 918 domum
1915 896 2075 923 negotiationis
2087 896 2132 918 650
2144 895 2159 918 b

1642 934 1758 957 Curmrrits
1768 947 1799 951 —
1811 938 1844 957 est
1863 935 1923 962 ignis
1935 941 2075 957 consumens
2088 935 2133 957 658
2147 941 2160 957 a

1593 986 1625 991 -—
1642 975 1716 1002 magis
1733 977 1814 1002 regnat
1836 975 1858 996 in
1880 973 1976 996 senibus
1992 980 2063 1002 quam
2081 974 2103 996 in
2129 974 2161 996 iu-

1595 1013 1694 1035 venibus
1719 1014 1763 1035 277
1782 1019 1794 1035 a
1813 1026 1842 1029 —
1864 1013 1956 1035 inclinat
1981 1020 2021 1036 cor
2046 1013 2075 1036 ad
2093 1019 2161 1041 pecu-

1595 1053 1655 1074 niam
1673 1055 1695 1074 et
1712 1052 1786 1080 iungit
1798 1059 1839 1080 per
1851 1058 1968 1079 amorem,
1980 1059 2006 1075 ex
2024 1058 2071 1081 quo
2083 1052 2159 1074 anima

1595 1092 1619 1114 tit
1636 1092 1727 1119 impura
1746 1091 1791 1114 474
1809 1098 1820 1113 a
1838 1104 1869 1108 —
1887 1095 1982 1120 generat
1994 1092 2160 1114 simulatoriam

1595 1131 1714 1153 salsitatem
1732 1131 1777 1153 373
1796 1130 1810 1153 1)
1827 1143 1857 1147 -
1875 1130 1959 1158 Cupidi
1976 1131 2105 1159 figurantur
2119 1137 2161 1159 per

1595 1171 1678 1198 vulpes
1696 1170 1740 1192 389
1758 1169 1773 1192 1)
1790 1183 1821 1185 -
1839 1173 1935 1198 generat
1952 1171 2041 1192 sumum
2056 1170 2085 1192 62
2103 1169 2118 1192 b
2129 1183 2161 1186 -—

1594 1211 1701 1232 excaecat
1725 1210 1805 1231 0011105
1830 1209 1969 1236 cupidorum
1996 1208 2050 1232 ibid.
2071 1221 2102 1225 —
2119 1215 2161 1237 per

1595 1249 1717 1271 tridentem
1744 1249 1848 1276 signatur
1867 1247 1921 1270 ibid.
1937 1260 1969 1264 —
1987 1248 2122 1276 praecipitat
2139 1248 2160 1271 in

1595 1288 1739 1316 protundum
1757 1287 1801 1309 587
1821 1287 1835 1309 1)
1853 1300 1883 1303 -—
1901 1286 2031 1315 submergit
2042 1288 2160 1310 hominem

1594 1327 1742 1355 spiritualiter
1760 1326 1804 1349 467
1822 1332 1834 1348 a

1643 1379 1671 1382 —
1689 1366 1812 1394 Cupiditati
1830 1365 1945 1388 debemus
1970 1365 2028 1388 mori
2051 1372 2093 1394 per
2110 1372 2161 1388 con-

1594 1408 1708 1433 temptum
1720 1405 1851 1427 mundanae
1863 1405 2015 1431 excellentiae,
2027 1405 2160 1432 sapientiae,

1595 1445 1727 1472 opulentiae
1745 1444 1789 1466 270
1808 1443 1822 1466 b
1839 1456 1869 1460 —
1887 1444 1940 1466 Eius
1958 1444 2102 1466 mortificatio
2120 1444 2160 1466 du-

1594 1484 1624 1506 cit
1641 1484 1669 1506 ad
1687 1484 1758 1506 vitam
1777 1484 1891 1511 perfectae
1908 1483 2007 1505 iustitiae
2024 1482 2077 1506 ibid.
2090 1484 2130 1505 271
2148 1489 2161 1505 a

1595 1536 1623 1539 -
1642 1529 1763 1552 nunquam
1786 1523 1904 1550 expellitur
1927 1523 1971 1544 nisi
1991 1522 2085 1544 caritate
2101 1523 2130 1544 98
2147 1528 2160 1544 a

1642 1562 1702 1585 Cum
1720 1574 1750 1578 —
1767 1561 1842 1590 Aliqui
1860 1562 1910 1590 plus
1928 1564 2010 1584 curant.
2025 1562 2055 1584 de
2067 1561 2116 1583 aliis
2128 1567 2161 1583 re-

1594 1601 1638 1624 bus
1655 1607 1726 1630 quam
1744 1602 1774 1624 de
1791 1607 1816 1623 50
1828 1601 1884 1629 ipsis
1896 1600 1941 1623 525
1958 1607 1971 1622 a

1642 1640 1749 1663 Cumosus
1766 1652 1796 1656 —-
1813 1640 1862 1662 vult
1878 1640 1971 1662 divinae
1983 1640 2109 1668 sapientiae
2121 1646 2160 1662 ve-

1595 1680 1663 1707 stigia
1682 1679 1822 1707 perscrutari
1847 1679 1891 1701 299
1911 1679 1925 1701 b
1942 1691 1972 1695 —
1994 1678 2120 1701 Curiositas
2137 1679 2160 1701 in

1595 1719 1671 1742 studio
1688 1725 1780 1741 summe
1797 1719 1921 1741 damnatur
1939 1719 1968 1740 62
1986 1717 2008 1740 b.
2028 1718 2056 1740 63
2075 1724 2095 1745 a,
2113 1717 2128 1740 b

1642 1757 1726 1781 Census
1743 1770 1773 1774 —
1790 1758 1833 1786 Qui
1851 1757 1939 1780 desistit
1950 1764 1961 1779 a
1975 1763 2044 1780 cursu
2057 1757 2161 1785 perditus

1595 1800 1629 1820 est
1646 1797 1691 1819 505
1709 1796 1724 1819 h

1642 1836 1766 1859 Cusromaa
1781 1848 1811 1852 —-
1828 1836 1920 1858 Grande
1943 1835 2056 1863 flagitium
2080 1842 2160 1864 perpe-

1596 1879 1667 1898 trasse
1685 1875 1781 1903 putandi
1806 1879 1860 1897 sunt
1882 1875 1921 1904 qui
1946 1875 2015 1897 valde
2038 1875 2160 1902 diligenter

1595 1915 1756 1937 custodiuntur
1775 1915 1820 1936 285
1838 1914 1853 1936 1)

1643 1954 1767 1977 Cxpnessus
1784 1967 1812 1970 ——
1831 1954 1938 1982 designat
1954 1953 2092 1976 suavitatem
2109 1959 2159 1981 gra-

1596 1994 1640 2016 tiae
1658 1994 1687 2015 30
1706 1993 1720 2015 b

1642 2032 1717 2055 anus
1735 2045 1763 2048 -
1781 2032 1888 2060 designat
1905 2027 2020 2054 Christum
2040 2031 2084 2054 477
2102 2031 2117 2053 1)

1640 2306 1737 2328 Dii-rivus
1753 2317 1784 2321 —
1801 2305 1951 2333 acquisitivus
1968 2307 2002 2327 est
2018 2305 2063 2327 706
2082 2305 2096 2326 l>

1641 2345 1713 2367 vam
1729 2357 1761 2360 —
1778 2347 1827 2366 erat
1843 2350 1925 2366 servus
1942 2347 2021 2372 gratus
2039 2344 2060 2366 in
2073 2350 2160 2366 recom-

1595 2384 1712 2411 pensando
1729 2383 1842 2411 gratuitae
1854 2383 1982 2406 dilectionis
1994 2384 2100 2405 affectum
2114 2382 2158 2405 439

1594 2429 1605 2445 0
1618 2435 1650 2439 -
1661 2425 1710 2445 erat
1726 2429 1765 2445 rex
1782 2422 1865 2445 nobilis
1881 2425 1903 2444 et
1916 2422 1951 2444 vir
1967 2422 2077 2444 cordatus
2089 2422 2133 2444 256
2146 2428 2158 2444 a

1594 2475 1624 2478 —
1642 2465 1690 2484 erat
1707 2468 1807 2490 magnus
1824 2468 1907 2489 praeco
1925 2464 1947 2483 et
1964 2461 2085 2489 ampliator
2102 2461 2158 2483 divi-

1595 2508 1637 2523 nae
1654 2501 1728 2523 laudis
1748 2501 1792 2522 413
1813 2507 1824 2522 a
1849 2513 1879 2516 —
1900 2500 2062 2528 interpretatur
2088 2506 2158 2522 manu

1595 2541 1658 2562 tortis
1676 2541 1719 2562 266
1738 2546 1759 2567 a,
1778 2539 1802 2562 h.
1821 2540 1865 2561 570
1884 2546 1895 2561 a

1641 2592 1672 2596 -—
1688 2579 1794 2606 designat
1811 2578 1927 2601 Christum
1945 2579 1990 2600 266
2006 2585 2027 2606 0,
2046 2577 2067 2600 b.
2080 2578 2125 2600 660
2137 2584 2157 2600 a.

1594 2619 1639 2640 718
1657 2618 1672 2640 b
1692 2630 1724 2634 —
1746 2618 1799 2640 Eius
1824 2618 1890 2645 pueri
1915 2617 2036 2645 designant
2059 2617 2158 2645 Angelos

1595 2658 1639 2679 660
1666 2663 1678 2679 a
1706 2669 1736 2672 —
1765 2663 1835 2679 verus
1859 2659 1893 2679 est
1919 2656 2029 2678 Dominus
2054 2656 2158 2678 Salvator

1595 2696 1639 2718 554
1658 2695 1672 2718 b

1641 2747 1671 2751 —
1688 2735 1872 2763 reprehenditur,
1889 2741 1917 2757 eo
1934 2734 1996 2763 quod
2009 2734 2063 2756 odio
2078 2733 2158 2756 habuit

1594 2774 1716 2802 diligentes
1732 2775 1808 2802 ipsum
1827 2774 1871 2795 559
1889 2780 1900 2796 0
1919 2786 1949 2790 -
1966 2773 2040 2800 surgit
2056 2773 2085 2795 de
2096 2776 2158 2800 pote-

1594 2816 1651 2835 state
1669 2813 1782 2835 diabolica
1802 2813 1885 2835 virtute
1902 2813 1984 2835 Christi
1998 2812 2037 2834 ·131
2054 2818 2075 2834 0.
2088 2811 2132 2834 424
2144 2818 2156 2834 0

1593 2865 1624 2869 —-
1641 2853 1714 2874 voluit
1731 2853 1822 2880 plorare
1844 2854 1963 2879 peccatum
1987 2857 2063 2878 suum,
2086 2853 2107 2872 et
2125 2853 2157 2872 ta-

1595 2898 1647 2913 men
1665 2898 1711 2913 non
1729 2892 1813 2913 fecerat
1824 2891 1866 2913 nisi
1880 2897 1951 2912 unum
1964 2891 2008 2912 256
2022 2896 2033 2912 a
2046 2902 2077 2906 —
2088 2889 2157 2912 tiebat

1594 2932 1725 2959 frequenter
1747 2933 1769 2952 et
1786 2929 1930 2952 abundanter
1947 2928 2000 2951 ibid.
2018 2941 2048 2944 —
2067 2930 2089 2950 ln
2107 2928 2156 2950 eius

1594 2970 1732 2998 poenitentia
1757 2972 1806 2991 erat
1829 2968 1967 2991 verecundia
1984 2970 2006 2990 et
2029 2967 2155 2990 humiliatio
