2269 3448
393 180 447 209 136

642 219 701 241 iimo

389 259 496 281 viderent
508 259 531 280 in
549 258 690 280 humanitate
702 258 826 285 humilem,
844 257 957 279 adorave-

390 301 443 320 runt
460 301 536 320 tamen
554 301 576 320 et
593 298 741 320 crediderunt
758 297 797 319 Dei
820 296 956 324 sapientiam

390 340 412 359 et
429 337 537 359 virtutem
552 337 595 359 130
608 343 621 358 0
638 349 668 353 —
679 336 818 358 confitentur
837 335 906 358 Verbi
920 335 957 357 be-

391 376 527 404 nignitatem
550 378 573 398 et
595 375 758 398 sublimitatem
782 375 825 397 1167
844 374 859 397 b
883 387 912 390 —-
935 375 958 396 in

392 416 465 438 Puero
483 418 537 437 nato
561 415 699 437 confitentur
724 414 915 442 omnipotentiam
937 417 959 435 et

391 454 527 482 sapientiam
550 454 592 475 168
610 460 622 476 a
642 466 671 469 —
689 454 773 475 Eorum
791 453 849 476 fides
861 453 959 480 explica-

392 497 428 516 tur
446 496 558 522 quantum
577 493 606 515 ad
623 496 700 515 actum
718 493 876 520 intrinsecum,
891 498 957 520 prae-

391 532 512 555 ambulum
530 535 552 554 et
569 532 752 560 subsequentem
772 531 816 553 145
831 530 846 553 1)
863 543 893 547 -—-
904 531 958 559 quia

391 571 461 594 fldem
480 571 619 599 habuerunt,
631 571 772 598 Sapientiam
790 571 914 592 increatam
927 570 959 591 in-

394 613 508 632 venerunt
533 613 555 632 et
585 610 636 632 facti
663 612 717 632 sunt
741 609 811 637 primi
838 608 959 631 Christiani

396 650 437 672 t57
456 649 470 671 b

439 700 471 704 —
488 689 551 711 Circa
570 689 649 715 Magos
670 690 762 710 notatur
784 687 863 709 divina
879 686 960 709 libera-

391 728 441 749 litas
458 730 480 749 et
497 727 647 755 apparitionis
664 726 746 748 Christi
771 725 892 748 celebritas
915 725 959 747 167

392 766 407 788 b
425 779 455 783 —
472 765 633 794 praeferebant
651 766 793 787 nativitatem
815 765 959 792 spiritualem

392 806 477 828 carnali
499 805 540 827 146
560 805 574 827 b
599 818 630 820 —
656 804 759 827 Christus
776 804 894 832 tripliciter
919 804 961 826 fuit

392 845 464 872 Magis
486 845 510 866 in
534 844 738 866 sanctificationem
761 843 805 865 ι130
823 849 835 865 a
854 856 883 858 —
906 849 959 865 cum

392 890 476 911 magna
495 883 607 911 sapientia
625 883 712 905 reversi
730 885 790 909 sunt,
807 882 861 911 quia
879 888 904 904 se
922 883 961 904 hu-

393 923 540 945 miliaverunt
565 922 610 944 556
628 928 640 944 a
658 934 688 938 —
714 922 780 950 Quod
809 922 850 943 tuit
874 921 960 943 Herodi

392 968 460 985 eausa
480 962 560 984 mortis
578 962 619 983 fuit
636 961 692 989 ipsis
709 967 778 983 causa
796 961 875 983 salutis
894 961 935 982 130
948 967 959 982 0

439 1013 469 1017 -
488 1007 583 1022 munera
599 1000 732 1022 obtulerunt
743 1000 833 1022 Christo
850 1002 959 1028 tanquam

393 1040 455 1068 regi,
475 1039 544 1062 iudici
566 1042 588 1062 et
613 1039 716 1067 pontifici
746 1039 787 1061 164
806 1045 817 1061 0
840 1051 871 1055 -
893 1038 959 1061 Com-

392 1079 516 1102 mendatur
534 1078 673 1108 obsequium
692 1079 811 1106 Magorum
829 1084 841 1100 a
859 1078 961 1100 benevo-

392 1119 460 1141 lentia
477 1119 578 1141 caritatis
595 1124 621 1140 ex
644 1120 709 1146 parte
730 1118 859 1145 largientis,
876 1117 906 1139 ab
924 1123 960 1139 ex-

393 1158 494 1180 cellentia
517 1158 635 1185 dignitatis
660 1163 685 1179 ex
712 1160 775 1184 parte
792 1157 930 1184 recipientis,
948 1162 960 1178 a

392 1197 526 1219 sufficientia
540 1196 672 1225 quantitatis
685 1202 711 1218 ex
723 1199 788 1224 parte
801 1196 903 1218 munerIs
919 1196 959 1217 163

393 1235 408 1258 b
427 1248 455 1251 —
473 1235 562 1258 Christo
575 1235 707 1258 obtulerunt
725 1241 807 1257 aurum
826 1235 847 1257 in
866 1234 959 1257 foedum

393 1275 481 1297 ratione
498 1275 612 1303 potentiae
624 1277 645 1297 et
663 1275 684 1296 in
702 1277 908 1296 sustentamentum
927 1279 960 1295 ra-

394 1314 455 1336 tione
479 1314 620 1342 paupertatis
642 1314 683 1336 158
702 1313 717 1335 b
734 1325 764 1329 —
782 1313 805 1335 Ei
828 1312 961 1335 obtulerunt

394 1355 447 1376 thus
459 1354 601 1375 reverentiae
613 1356 634 1375 et
646 1352 791 1375 obedientiae
803 1355 824 1374 et
841 1353 959 1380 myrrham

393 1399 461 1415 verae
484 1392 627 1414 mortalitatis
649 1392 692 1414 1159
713 1398 733 1414 0,
753 1392 792 1413 1161
815 1398 826 1413 0
844 1404 874 1407 —
896 1390 961 1413 obtu-

393 1432 468 1454 lerunt
490 1438 572 1454 aurum
590 1434 702 1460 quantum
721 1431 749 1453 ad
767 1431 909 1453 credendum
928 1436 960 1452 ar-

394 1471 475 1493 ticulos
491 1471 520 1493 de
538 1471 679 1492 humanitate
701 1470 741 1492 176
760 1470 775 1492 b
792 1482 824 1486 —
840 1476 887 1492 nun
904 1476 960 1492 ven-

394 1510 504 1532 diderunt
515 1516 541 1531 ex
554 1509 687 1537 cupiditate,
696 1509 737 1531 sed
750 1508 881 1531 obtulerunt
893 1514 961 1537 spon-

395 1552 459 1571 tanea
478 1549 595 1571 voluntate
614 1549 658 1571 185
676 1555 687 1570 a

441 1600 472 1604 —
489 1588 611 1616 sapientes,
634 1587 728 1615 gloriosi
747 1590 769 1610 et
794 1587 877 1609 divites
894 1593 961 1609 vene-

394 1630 447 1650 runt
472 1627 501 1650 ad
527 1627 642 1650 Christum
661 1633 773 1654 puerum,
791 1627 960 1654 pauperculum

394 1669 416 1688 et
434 1672 475 1694 pro
499 1666 569 1688 nihilo
594 1669 741 1694 reputatum,
762 1666 814 1695 quia
838 1666 962 1688 voluerunt

393 1705 526 1732 sublimari,
543 1706 677 1733 locupletari
699 1708 721 1727 et
738 1705 859 1733 glorificari
879 1705 922 1727 146
940 1712 960 1727 a.

395 1744 438 1766 149
451 1750 464 1766 a
481 1756 511 1760 —
526 1745 588 1767 Haec
601 1745 708 1767 facientes
720 1751 767 1766 1100
785 1747 882 1772 egerunt
893 1745 961 1767 stulte

396 1783 439 1805 1146
457 1790 469 1805 a
487 1796 517 1799 —
536 1787 648 1806 venerunt
665 1784 694 1806 ad
712 1783 836 1811 Christum,
855 1786 878 1806 ut
895 1784 961 1806 addi-

395 1825 485 1845 scerent
508 1825 666 1850 contemptum
690 1823 861 1845 mundanorum
888 1822 931 1845 148
948 1829 961 1845 0

394 1874 425 1878 -
442 1865 557 1884 venerunt
581 1862 611 1884 ad
636 1861 752 1884 Christum
776 1863 914 1890 parvulum,
938 1864 962 1884 ut

395 1901 541 1923 addiscerent
557 1901 709 1923 humilitatem
722 1904 744 1923 ct
761 1902 905 1923 efficerentur
917 1901 960 1929 spi-

395 1940 487 1962 rituales
507 1940 550 1962 146
569 1939 590 1962 b.
610 1940 653 1962 r147
673 1946 685 1961 a

442 1980 553 2002 MAGlsren
572 1991 600 1994 —
619 1979 740 2001 miseretur
751 1979 865 2007 discipulo
883 1979 961 2001 illumi-

394 2019 472 2041 nando
494 2021 516 2040 et
538 2019 678 2040 consolando
696 2018 741 2041 350
759 2017 774 2040 b
796 2030 827 2034 —
848 2018 888 2046 qui
906 2018 960 2040 nihil

395 2057 450 2084 scit,
468 2060 563 2085 generat
585 2063 674 2079 errores
698 2058 726 2079 63
745 2057 760 2079 1)
776 2069 807 2073 -
825 2057 873 2079 Non
891 2057 962 2079 debe-

396 2103 448 2119 mus
465 2103 508 2119 nos
527 2098 600 2119 facere
615 2097 739 2124 magistros
751 2096 780 2118 de
795 2102 822 2118 eo
834 2096 898 2125 quod
916 2102 961 2118 non

395 2136 529 2158 audivimus
546 2136 591 2158 697
608 2142 620 2158 a
640 2149 667 2151 —
686 2136 752 2158 Solus
763 2135 867 2158 Christus
883 2141 909 2158 ex
922 2135 961 2158 du-

395 2175 448 2203 plici
470 2181 538 2197 causa
556 2174 625 2197 debet
642 2175 720 2197 vocari
744 2175 853 2203 magister
876 2174 916 2197 441
939 2174 960 2197 b.

396 2214 441 2236 442
458 2221 470 2236 a

443 2253 612 2275 MAGNANlMlTAS
627 2265 658 2269 —
676 2253 727 2275 facit
745 2253 853 2276 idoneum
871 2253 899 2275 ad
918 2259 962 2274 ma<

400 2299 444 2321 gna
464 2292 507 2315 486
526 2292 540 2315 b

442 2333 564 2355 0111110110
582 2345 612 2349 -
638 2332 800 2360 interpretatur
825 2335 898 2354 eastra
922 2332 963 2354 Dei

396 2371 440 2393 617
458 2377 471 2393 a

443 2411 578 2433 ΜΛ1101113105
595 2423 626 2427 -
643 2410 710 2437 dicit,
728 2411 791 2439 quod
811 2411 859 2432 lesu
882 2410 962 2432 datum

396 2452 430 2471 est
453 2450 562 2472 miracula
585 2451 660 2472 facere
684 2450 728 2472 356
748 2449 762 2471 b
788 2462 817 2465 —
835 2450 911 2472 veniet
933 2449 963 2471 ad

397 2489 508 2511 iudicium
526 2495 579 2511 cum
598 2488 729 2511 infidelibus
745 2489 775 2511 72
793 2495 805 2510 0

445 2528 579 2550 mammem
605 2540 635 2544 —
658 2528 770 2556 processit
795 2534 821 2550 ex
844 2528 918 2550 Adam
941 2531 963 2550 et

398 2568 443 2589 Eva
462 2567 507 2589 684
525 2573 536 2589 a
554 2579 585 2583 -
607 2567 665 2590 Huic
690 2567 794 2589 subiacet
815 2567 905 2594 omnis,
923 2567 962 2595 qui

397 2612 441 2628 non
459 2607 509 2628 vult
525 2612 537 2628 a
555 2606 627 2634 gratia
647 2606 764 2629 fecundari
782 2605 836 2629 ibid.

444 2645 612 2667 lilanevonsswrm
630 2658 660 2661 —
673 2646 714 2667 Per
733 2645 916 2667 malevolentiam
933 2646 963 2667 of-

397 2684 496 2706 tenditur
513 2684 633 2711 proximus
652 2684 695 2706 427
714 2690 725 2705 0

444 2723 578 2745 MAttom’rAs
596 2736 623 2739 »—
636 2723 780 2751 malignitatis
797 2726 831 2745 est
848 2723 963 2751 denegare

397 2762 461 2784 alteri
478 2762 541 2790 quod
559 2763 611 2791 quis
628 2762 671 2784 sibi
689 2763 745 2790 petit
762 2762 863 2785 exhiberi
889 2762 932 2784 436
951 2769 962 2784 a

396 2813 426 2816 —
445 2801 466 2823 Si
485 2804 598 2823 tentamur
616 2801 645 2824 de
671 2802 825 2829 malignitate,
850 2801 964 2824 debemus

397 2841 544 2863 considerare
561 2840 675 2863 Christum
689 2845 792 2863 orantem
805 2847 847 2868 pro
866 2841 964 2863 inimicis

398 2880 438 2901 261
461 2878 475 2901 b

446 2919 535 2941 Mittunt
554 2931 584 2935 —
601 2919 638 2941 llle
655 2919 677 2941 in
695 2926 742 2948 quo
764 2922 844 2947 regnat
866 2920 963 2948 malitia⁷

396 2963 442 2979 non
461 2960 535 2984 potest
552 2964 602 2980 esse
620 2962 753 2981 mansuetus
770 2959 799 2981 39
817 2965 828 2981 a

1037 258 1117 279 Mittunt
1135 270 1165 272 —
1183 256 1294 284 punicum
1307 255 1351 278 sub
1365 262 1408 277 una
1421 255 1505 277 cortice
1518 256 1557 276 ha-

991 295 1030 318 bet
1046 296 1111 324 plura
1124 301 1196 323 grana
1214 295 1243 317 64
1256 301 1267 317 a
1287 307 1315 310 —
1329 295 1435 322 designat
1448 294 1557 321 animam,

991 342 1052 364 quae
1069 334 1138 357 habet
1155 334 1217 357 retici
1228 334 1353 356 devotione
1366 333 1497 361 multiplicis
1508 333 1558 355 ‹lul-

991 374 1079 397 cedinis
1096 373 1151 396 ibid.
1170 386 1201 390 -
1218 373 1329 401 punicum
1352 373 1459 400 designat
1483 373 1558 394 fervo-

991 420 1040 436 rem
1059 413 1163 441 martyrii
1180 413 1225 435 ‘285
1243 412 1258 434 b

1038 465 1070 469 -—
1087 454 1121 475 est
1138 452 1275 479 fugiendum
1294 454 1388 479 propter
1406 451 1512 472 timorem
1525 450 1559 472 di-

992 492 1061 514 vinae
1078 491 1221 514 reverentiae
1238 491 1278 513 311
1301 497 1312 512 0
1331 502 1361 506 -
1377 496 1438 518 quae
1459 496 1500 511 nos
1523 489 1559 511 hic

993 533 1108 559 premunt,
1120 530 1149 552 ad
1161 530 1234 552 Deum
1247 529 1280 552 ire
1292 529 1432 557 compellunt
1444 529 1489 550 652
1503 528 1517 550 b
1529 541 1559 544 —

992 571 1096 598 Quatuor
1112 572 1208 591 movent
1224 568 1254 590 ad
1268 568 1370 590 eundum
1389 574 1430 595 per
1442 574 1559 590 recessum

993 615 1005 631 0
1023 609 1082 630 malo
1100 608 1145 631 518
1163 607 1178 630 b
1195 620 1226 624 —
1243 613 1313 629 omne
1335 608 1438 629 aufertur
1464 613 1504 634 per
1529 607 1561 628 in-

993 647 1136 674 nocentiam,
1154 646 1303 674 pudicitiam,
1326 645 1503 672 confidentiam,
1521 645 1560 667 be-

993 686 1149 709 nevolentiam
1175 688 1197 708 et
1223 685 1418 714 perseverantiam
1445 685 1489 706 320
1507 691 1527 711 0,
1545 684 1560 706 1)

993 738 1023 742 -
1040 726 1122 748 Mirum
1139 728 1185 753 est,
1203 725 1265 754 quod
1284 725 1337 746 nihil
1355 725 1463 746 volumus
1475 723 1561 745 habere

994 765 1079 787 malum
1097 764 1139 787 nisi
1157 771 1199 787 nos
1216 764 1279 792 ipsos
1296 763 1341 786 533
1359 770 1371 785 a

1041 805 1115 826 11111105
1132 816 1161 819 -
1180 803 1288 826 Boethius
1313 803 1380 830 dicit,
1407 803 1480 824 malos
1505 802 1560 824 nihil

993 850 1043 866 esse
1056 844 1096 866 531
1114 850 1126 865 0
1143 856 1174 859 -
1191 849 1284 871 semper
1300 843 1349 864 vult
1365 843 1422 864 alios
1438 845 1561 864 concutere

994 883 1022 905 39
1040 889 1052 905 a
1070 895 1101 899 —
1118 882 1260 905 seducuntur
1276 882 1335 904 iuxta
1353 887 1435 903 eorum
1448 881 1559 903 demerita

994 922 1023 944 24
1036 921 1051 944 b
1063 934 1094 938 —
1111 928 1155 944 non
1173 921 1293 944 attendunt
1310 921 1421 943 iudicium
1441 920 1484 942 377
1504 919 1518 942 b
1532 932 1560 935 —

994 962 1064 984 Malos
1081 961 1185 984 Christus
1204 961 1224 982 111
1244 960 1305 983 bono
1324 960 1376 982 vicit
1390 960 1418 982 39
1436 966 1447 981 a
1466 972 1496 975 —
1508 959 1561 981 Nul-

994 1001 1029 1023 lus
1046 1004 1081 1023 est
1098 1000 1125 1022 ita
1140 1001 1225 1027 malus,
1243 1000 1306 1028 quod
1325 1006 1370 1021 non
1390 999 1456 1021 faciat
1467 999 1487 1020 01
1501 999 1561 1020 Deus

994 1040 1095 1066 bonum,
1114 1039 1157 1062 nisi
1174 1039 1198 1061 in
1217 1039 1302 1061 malitia
1320 1039 1347 1060 sit
1365 1038 1494 1060 obstinatus
1516 1037 1560 1059 439

994 1079 1009 1101 b
1027 1092 1056 1094 —
1074 1079 1136 1101 1110115
1153 1079 1275 1106 displicere
1292 1077 1407 1100 laudabile
1424 1080 1458 1099 est
1475 1077 1519 1099 227
1537 1083 1549 1098 0

1042 1119 1141 1141 1111015511
1153 1130 1183 1134 —-
1200 1118 1362 1145 intorpretatur
1373 1117 1498 1139 necessitas
1516 1116 1559 1137 196

994 1164 1007 1180 0
1024 1170 1054 1174 -
1070 1158 1234 1185 interpretatur
1246 1156 1412 1184 obstupescens
1427 1156 1463 1177 vel
1481 1155 1560 1177 oblivi-

993 1203 1059 1219 scens
1077 1196 1117 1218 431
1139 1203 1150 1218 0
1169 1209 1200 1212 -
1212 1196 1374 1224 interpretatur
1386 1195 1472 1217 oblivio
1491 1195 1533 1216 165
1545 1193 1560 1216 b

996 1249 1023 1252 --
1041 1236 1148 1264 designat
1166 1235 1273 1258 iustitiam
1291 1235 1419 1257 sanctitatis
1438 1235 1480 1256 Ἰ196
1500 1240 1511 1256 0
1529 1246 1560 1250 -

994 1276 1099 1303 designat
1116 1275 1178 1302 illos,
1202 1275 1222 1296 in
1248 1274 1334 1303 quibus
1357 1274 1431 1296 carnis
1453 1273 1561 1300 concupi—

993 1314 1079 1336 scentia
1096 1314 1158 1336 velut
1175 1313 1244 1336 oblita
1262 1313 1351 1340 stupuit
1369 1313 1408 1334 431
1431 1319 1443 1334 0
1461 1324 1491 1328 -
1503 1312 1561 1334 (1051-

994 1356 1049 1381 gnat
1066 1353 1188 1381 diligentes
1210 1352 1251 1374 165
1269 1352 1284 1374 b

1041 1392 1167 1414 MANDATUM
1185 1404 1215 1408 —
1240 1392 1318 1414 Nullus
1340 1391 1419 1413 salvus
1440 1391 1494 1418 erit,
1516 1391 1560 1412 nisi

995 1431 1061 1454 faciat
1084 1431 1190 1453 mandata
1217 1431 1307 1453 Domini
1326 1430 1371 1453 527
1389 1437 1400 1452 a
1427 1443 1457 1447 -
1482 1431 1560 1452 divina

995 1471 1103 1493 continue
1115 1474 1167 1492 sunt
1179 1469 1324 1492 observanda
1338 1469 1383 1491 342
1397 1476 1408 1491 a
1426 1482 1457 1485 —
1470 1470 1559 1492 Domini

995 1516 1066 1538 opere
1084 1510 1206 1537 diligenter
1223 1509 1371 1537 adimplenda
1390 1512 1443 1531 sunt
1460 1509 1490 1530 75
1503 1508 1518 1531 b
1530 1521 1560 1525 —

994 1549 1121 1576 diliguntur
1138 1551 1232 1576 propter
1249 1551 1422 1576 praeceptorem
1441 1548 1481 1570 571
1505 1547 1519 1570 1)
1530 1561 1561 1565 -

994 1588 1099 1611 divinum
1126 1591 1160 1610 est
1177 1587 1368 1616 praeeligendum
1387 1590 1477 1609 terreno
1500 1593 1560 1609 com-

994 1627 1064 1650 modo
1082 1627 1127 1649 516
1145 1633 1158 1649 0

1041 1667 1111 1688 —ln
1138 1666 1251 1688 mandatis
1276 1668 1351 1694 potest
1373 1666 1502 1694 dispensari
1525 1672 1560 1687 ra-

994 1705 1056 1727 tione
1073 1705 1215 1728 necessitatis
1233 1705 1277 1727 420
1289 1711 1301 1726 0
1314 1717 1344 1721 -
1359 1705 1380 1727 ln
1398 1705 1506 1727 mandato
1524 1711 1561 1727 ca-

995 1745 1067 1767 ritatis
1089 1751 1133 1767 non
1158 1747 1233 1772 potest
1254 1744 1383 1772 dispensari
1400 1744 1455 1767 ibid.
1472 1756 1502 1760 —
1520 1745 1560 1767 Dei

994 1784 1164 1806 strictissimum
1187 1786 1221 1806 est
1244 1783 1298 1806 illud
1320 1784 1350 1806 de
1372 1790 1450 1806 amore
1474 1783 1513 1806 Dei
1539 1786 1561 1806 et

995 1823 1093 1851 proximi
1109 1823 1154 1845 364
1167 1822 1182 1845 1)
1193 1835 1224 1839 -
1236 1823 1387 1850 designantur
1405 1823 1498 1845 nomine
1515 1823 1561 1845 via-

996 1869 1047 1885 rum
1066 1862 1110 1884 420
1128 1861 1143 1884 b

1043 1902 1107 1924 MANE
1124 1915 1154 1917 —
1174 1902 1196 1924 ln
1213 1908 1282 1923 mane
1294 1901 1403 1923 materiali
1416 1901 1455 1923 aer
1467 1901 1561 1924 illustra-

995 1944 1031 1963 tur
1048 1943 1071 1963 et
1087 1944 1214 1967 serenatur,
1233 1943 1289 1963 terra
1309 1941 1419 1962 irroratur
1442 1944 1464 1962 et
1488 1942 1561 1963 fecun-

996 1980 1071 2007 datur,
1089 1986 1144 2007 ager
1167 1980 1286 2007 vigoratur
1310 1982 1330 2002 et
1348 1979 1463 2008 quietatur
1486 1980 1529 2001 126
1548 1986 1560 2001 0

998 2032 1026 2034 ---
1045 2019 1066 2040 10
1085 2025 1153 2040 mane
1170 2019 1294 2046 spirituali,
1312 2025 1365 2040 cum
1386 2018 1488 2040 Verbum
1506 2025 1560 2041 caro

999 2059 1084 2080 factum
1102 2060 1143 2084 est,
1161 2060 1222 2079 totus
1235 2057 1336 2079 mundus
1353 2060 1387 2079 est
1404 2057 1529 2079 illustratus
1541 2060 1562 2079 ct

995 2100 1124 2125 serenatus,
1142 2097 1252 2119 irroratus
1269 2099 1291 2118 et
1308 2097 1455 2124 fecundatus,
1473 2097 1562 2124 vigora-

996 2139 1032 2158 tus
1049 2139 1071 2158 et
1087 2136 1203 2165 quietatus
1220 2135 1274 2159 ibid.

1043 2176 1121 2197 111111οΑ
1140 2188 1168 2191 --
1186 2174 1267 2197 habuit
1283 2181 1371 2197 novum
1388 2181 1504 2202 saporem,
1521 2175 1561 2197 sed

996 2221 1041 2237 non
1059 2214 1164 2242 sapiebat
1180 2214 1222 2236 nisi
1241 2213 1379 2236 habentibus
1396 2220 1482 2236 novum
1501 2215 1563 2242 pala-

997 2257 1045 2276 tum
1067 2254 1108 2276 136
1126 2260 1137 2276 a
1156 2266 1186 2269 —
1204 2254 1251 2276 Non
1269 2260 1351 2276 omncs
1373 2256 1494 2275 senserunt
1514 2253 1563 2275 eius

996 2293 1133 2315 suavitatem
1152 2293 1196 2315 579
1215 2292 1230 2315 b
1252 2305 1282 2309 —
1304 2293 1354 2315 Non
1371 2299 1451 2315 omnes
1469 2293 1563 2314 invene-

996 2336 1050 2355 runt
1074 2332 1096 2354 in
1122 2338 1149 2354 eo
1175 2338 1281 2360 saporem
1308 2332 1337 2354 63
1361 2332 1375 2354 b
1400 2344 1431 2348 —
1455 2332 1563 2355 Carnales

997 2378 1069 2394 unum
1087 2377 1194 2399 saporem
1213 2371 1245 2393 ibi
1263 2371 1416 2398 inveniebant,
1434 2372 1474 2393 sed
1498 2371 1562 2398 spiri·

996 2411 1069 2433 tuales
1085 2411 1223 2433 suavitatem
1241 2411 1317 2432 omnis
1333 2410 1422 2438 saporis
1444 2411 1484 2432 136
1502 2409 1517 2431 b
1532 2422 1562 2426 —-

996 2450 1086 2472 infectis
1098 2449 1222 2472 animabus
1234 2449 1357 2471 videbatur
1374 2455 1493 2476 amarum,
1511 2449 1563 2471 licet

997 2492 1087 2516 tamen,
1099 2489 1129 2511 ad
1141 2494 1314 2518 quemcumque
1326 2494 1433 2516 saporem
1447 2487 1562 2515 volebant,

996 2535 1021 2551 se
1038 2527 1188 2551 convertebat
1210 2528 1254 2550 258
1272 2534 1284 2549 0
1302 2540 1332 2543 -
1351 2528 1372 2549 111
1399 2533 1482 2549 manna
1508 2528 1563 2549 refe·

996 2568 1040 2590 ctio
1058 2568 1126 2589 datur
1143 2567 1234 2595 intelligi
1252 2567 1297 2589 714
1316 2566 1330 2588 b
1347 2579 1377 2583 —
1390 2566 1503 2594 significat
1515 2572 1563 2588 cor-

997 2613 1041 2635 pus
1058 2607 1201 2629 dominicum
1221 2606 1266 2628 675
1283 2612 1295 2628 a

1044 2646 1191 2668 MANSUETUDO
1208 2658 1238 2662 -
1257 2646 1309 2667 facit
1333 2645 1451 2667 hominem
1477 2644 1563 2667 amabi-

997 2685 1041 2707 lem
1060 2684 1194 2707 hominibus
1212 2685 1256 2706 262
1280 2691 1292 2706 a
1311 2697 1341 2700 ——
1364 2685 1493 2706 Mansuetus
1516 2684 1563 2706 dili-

998 2724 1066 2751 gitur,
1079 2724 1133 2752 quia
1146 2724 1272 2746 naturalem
1286 2723 1449 2751 proprietatem
1464 2723 1562 2745 hominis

997 2766 1119 2785 conservat
1136 2762 1180 2785 594
1196 2763 1209 2785 b
1227 2775 1257 2779 —
1275 2762 1353 2785 haberi
1372 2762 1441 2785 debet
1458 2763 1479 2784 in
1498 2763 1561 2784 vultu

997 2802 1042 2824 528
1060 2801 1075 2824 1)
1092 2815 1122 2817 -
1140 2802 1299 2824 Admonemur
1316 2802 1346 2824 ad
1361 2802 1561 2824 mansuetudinem

997 2841 1128 2863 interiorem
1147 2844 1170 2863 et
1186 2841 1322 2863 exteriorem
1341 2841 1385 2863 594
1404 2841 1418 2863 b

1043 2892 1075 2896 -—
1092 2880 1220 2903 necessaria
1238 2883 1272 2902 est
1288 2880 1317 2902 ad
1335 2880 1436 2902 studium
1453 2880 1561 2906 veritatis,

997 2919 1026 2942 ad
1044 2919 1176 2942 exercitium
1194 2919 1314 2947 bonitatis,
1337 2920 1365 2941 ad
1392 2919 1502 2941 iudicium
1526 2925 1563 2941 ae-

997 2959 1090 2988 quitatis
1107 2962 1129 2981 et
1145 2959 1175 2981 ad
1199 2958 1306 2981 bravium
1328 2959 1467 2981 aeternitatis
1488 2958 1533 2980 594
1550 2964 1562 2979 0

937 178 1037 207 INDEX
1060 177 1300 206 ALPllABE'l'lCUS
1323 177 1400 205 NONl
1423 176 1609 205 VOLUMlNlS.

1826 214 1884 236 MAR
1903 213 1936 242 (1)

1591 267 1621 269 -
1633 253 1685 276 Sine
1703 260 1727 275 ea
1741 259 1786 275 non
1806 253 1830 275 fit
1847 252 1967 279 eorrectio,
1979 252 2020 274 sed
2033 251 2158 274 destructio

1592 293 1637 315 594
1649 299 1661 314 a
1675 305 1705 309 —
1722 299 1768 315 non
1781 295 1856 320 potest
1867 298 1918 314 esse
1936 291 1957 313 in
1975 298 2014 318 eo,
2026 291 2049 313 in
2067 297 2113 320 quo
2125 297 2159 313 re-

1592 335 1647 360 gnat
1663 331 1766 358 avaritia,
1785 331 1867 353 malitia
1886 334 1908 353 et
1924 330 2034 358 superbia
2052 331 2081 352 39
2098 336 2110 352 a
2128 342 2159 346 —

1592 371 1647 393 Sine
1663 377 1688 393 ea
1708 371 1779 398 gratia
1798 377 1842 393 non
1860 372 1936 398 potest
1952 369 2033 392 haberi
2054 375 2097 391 nec
2114 375 2159 391 ser-

1592 410 1642 432 vari
1654 410 1694 432 681
1712 410 1727 432 b
1740 422 1768 425 —-
1782 409 1893 432 Mansueti
1906 408 2057 437 possidebunt
2074 411 2158 430 terram

1592 450 1722 472 viventium
1735 449 1779 471 682
1792 455 1805 470 a
1821 461 1852 465 —
1869 448 1980 470 Mansueti
1992 452 2064 470 terrae
2081 448 2160 470 dicun-

1593 492 1629 511 tur
1647 489 1745 511 humiles
1761 488 1833 511 corde
1849 488 1879 510 75
1896 494 1909 509 a

1640 529 1716 550 Manus
1732 540 1762 544 --
1774 530 1906 550 exerceatur
1924 527 1946 548 in
1958 526 2078 549 laboribus
2089 526 2134 548 725
2147 532 2158 548 a

1593 581 1623 584 -
1640 567 1747 595 designat
1764 572 1834 594 opera
1853 566 1897 588 415
1916 565 1930 587 b
1949 578 1977 581 -—
1995 565 2101 593 designat
2119 564 2160 587 bo-

1594 613 1647 629 nam
1665 606 1825 634 operationem
1843 606 1888 627 232
1905 604 1928 627 1).
1947 604 1992 627 540
2011 604 2025 626 b
2042 617 2072 620 —
2093 604 2160 632 signi-

1594 646 1662 668 ficant
1678 646 1770 673 incepta
1787 650 1857 673 opera
1874 644 1971 666 iustitiae
1987 644 2028 666 196
2042 643 2056 665 1)
2073 655 2104 660 ——
2121 643 2160 665 de-

1594 685 1669 713 signat
1685 684 1826 707 adiutorium
1843 684 1936 706 divinae
1953 683 2043 705 virtutis
2062 682 2106 704 485
2124 681 2139 704 1)

1642 725 1731 746 1111111005
1749 736 1777 739 —
1801 723 1842 745 fuit
1864 723 1992 750 discipulus
2017 722 2077 744 beati
2102 721 2161 744 Petri

1595 763 1640 786 524
1657 763 1672 786 b
1697 776 1724 779 —
1751 763 1831 785 Petrus
1855 765 1943 784 tantum
1970 762 2046 784 dilexit
2071 761 2160 789 ipsum,

1594 803 1659 832 quod
1676 809 1729 825 eum
1747 801 1846 825 vocabat
1863 801 1935 824 filium
1948 801 2015 823 5200
2033 814 2063 816 -
2082 801 2161 823 Petrus

1595 849 1655 870 opus
1671 842 1721 864 eius
1742 842 1772 864 de
1791 841 1854 864 factis
1872 841 1964 863 Domini
1987 839 2162 862 commendavit

1595 885 1617 904 et
1634 882 1719 909 statuit,
1738 884 1762 904 ut
1778 881 1801 903 in
1824 880 1923 903 Ecclesia
1945 880 2059 908 legeretur
2077 879 2120 902 524
2146 879 2160 901 b

1594 934 1625 938 —
1641 921 1683 944 fuit
1700 920 1774 943 bonus
1791 920 1879 946 doctor,
1897 919 1951 948 quia
1969 919 2033 947 prius
2050 918 2162 941 didicerat

1595 960 1624 983 ab
1642 961 1685 982 alio
1708 960 1752 982 525
1771 966 1783 981 0
1805 971 1836 975 -
1862 965 1980 987 nunquam
2006 957 2094 980 dimisit
2119 964 2161 985 pro

1595 999 1671 1028 aliquo
1690 1001 1803 1021 tormento
1820 998 1954 1026 praedicare
1972 997 2092 1019 veritatem
2115 996 2159 1019 523

1595 1039 1610 1061 b
1629 1051 1656 1054 —
1674 1045 1748 1067 quare
1760 1038 1849 1060 dicatur
1866 1037 2016 1065 suggestione
2028 1036 2126 1064 Spiritus
2139 1036 2161 1057 S.

1594 1077 1639 1100 sibi
1655 1079 1788 1105 amputasse
1806 1077 1920 1104 pollicem,
1938 1078 1963 1098 ut
1982 1075 2110 1098 sacerdotio
2128 1075 2162 1097 in-

1595 1117 1676 1139 habilis
1693 1116 1817 1139 haberetur
1835 1116 1879 1138 530
1897 1122 1918 1142 a,
1936 1114 1951 1137 1)

1643 1169 1673 1172 -
1691 1157 1713 1178 10
1730 1156 1780 1184 ipso
1792 1158 1841 1178 erat
1852 1151 1943 1177 virtu'tis
1955 1153 2065 1182 perfectio
2079 1156 2100 1176 et
2113 1159 2161 1181 per-

1595 1196 1697 1218 fectionis
1714 1195 1837 1218 declaratio
1855 1194 1900 1216 530
1913 1200 1925 1216 a
1943 1206 1973 1210 —
1985 1193 2162 1216 commendatur

1595 1235 1616 1256 in
1635 1234 1752 1262 diligentia
1770 1234 1904 1261 disciplinae
1915 1236 1937 1255 et
1953 1232 2163 1255 communicatione

1595 1273 1713 1296 doctrinae
1735 1272 1780 1295 524
1799 1272 1813 1294 b
1834 1285 1864 1289 —-
1887 1271 2062 1294 commendatur
2084 1270 2161 1299 quoad

1595 1312 1737 1335 sanctitatem
1755 1314 1777 1334 et
1794 1311 1929 1339 sapientiam
1948 1311 1992 1332 519
2011 1309 2034 1332 b.
2046 1310 2091 1332 520
2109 1316 2121 1331 a
2133 1321 2161 1325 —

1597 1351 1720 1379 Explicatio
1738 1351 1782 1373 520
1795 1357 1807 1372 0
1824 1363 1855 1367 -
1867 1350 1921 1372 Εἰο5
1938 1350 2049 1378 sapientia
2063 1349 2159 1371 multum

1596 1391 1637 1413 fuit
1653 1390 1714 1413 utilis
1732 1390 1844 1412 Ecclesiae
1862 1388 1907 1411 524
1925 1395 1936 1411 0
1955 1401 1986 1405 -
2003 1389 2056 1411 Eius
2078 1388 2161 1410 sancti—

1596 1433 1629 1452 tas
1648 1430 1689 1452 fuit
1706 1428 1803 1457 probata
1822 1435 1863 1457 per
1881 1428 2013 1456 patientiam
2036 1427 2080 1449 523
2100 1427 2114 1449 b
2131 1439 2162 1444 —

1596 1469 1676 1491 habuit
1692 1469 1834 1491 sanctitatem
1853 1469 1874 1490 in
1893 1468 1963 1490 corde
1981 1468 2021 1490 521
2044 1466 2059 1489 1)
2076 1479 2107 1483 -
2125 1468 2162 1489 ha-

1596 1509 1645 1531 buit
1662 1508 1799 1531 munditiam
1818 1510 1840 1529 et
1857 1506 2012 1529 obedientiam
2031 1507 2075 1529 522
2094 1505 2108 1527 b

1643 1548 1806 1570 lilannocusizus
1822 1559 1853 1563 -
1870 1546 1925 1568 vicit
1948 1548 1969 1568 et
1994 1546 2103 1568 exaltatus
2128 1547 2162 1567 est

1596 1588 1640 1610 299
1659 1587 1673 1609 b

1643 1627 1707 1648 11111οΕ
1725 1638 1756 1642 -·
1772 1628 1806 1648 051
1823 1624 1932 1647 omnibus
1944 1623 2085 1652 fluminibus,
2098 1624 2162 1646 fonti-

1596 1666 1640 1688 bus
1658 1669 1679 1688 et
1705 1665 1789 1694 pluviis
1814 1665 1880 1693 origo
1907 1667 1928 1686 et
1945 1664 2011 1692 quies
2033 1664 2073 1686 192
2092 1663 2106 1685 1)
2131 1675 2161 1679 -

1595 1709 1695 1735 quatuor
1713 1705 1851 1727 mutationes
1867 1704 1948 1732 recipit
1960 1704 1982 1725 in
2000 1703 2063 1726 omni
2082 1709 2161 1725 mense

1595 1745 1724 1767 secundum
1743 1747 1842 1773 quatuor
1865 1743 1994 1771 septenaria
2017 1743 2085 1764 lunae
2108 1741 2160 1764 ibid.

1595 1796 1625 1800 —
1642 1789 1735 1811 semper
1752 1783 1834 1805 retinet
1851 1789 1955 1805 amarum
1969 1781 2023 1804 ibid.
2036 1794 2067 1797 —
2081 1781 2103 1803 ln
2117 1787 2162 1803 me-

1595 1823 1633 1845 dlo
1655 1823 1713 1845 mari
1736 1823 1806 1845 homo
1828 1825 1862 1844 est
1887 1822 1908 1843 in
1934 1821 2034 1843 maximo
2059 1820 2161 1848 periculo

1596 1862 1636 1884 541
1656 1868 1668 1884 a
1693 1875 1721 1877 —
1743 1864 1796 1884 ante
1817 1861 1922 1883 ultimum
1944 1860 2055 1882 iudicium
2079 1859 2162 1882 exalta-

1597 1901 1681 1924 buntur
1692 1907 1762 1929 super
1774 1907 1854 1923 omnes
1867 1903 1964 1928 montes,
1977 1906 2020 1921 non
2037 1902 2113 1921 tamen
2131 1899 2162 1920 es-

1595 1941 1667 1963 ssueut
1685 1943 1759 1962 terrae
1777 1940 1806 1962 34
1820 1939 1834 1962 b
1848 1952 1878 1956 —
1890 1939 1995 1968 Aequora
2011 1939 2038 1960 ita
2051 1938 2074 1960 in
2087 1938 2160 1960 imum

1596 1982 1776 2007 prosternentur,
1786 1982 1810 2001 ut
1822 1979 1860 2001 vix
1873 1978 1995 2001 videantur
2004 1976 2058 2000 ibid.
2070 1989 2101 1993 —
2110 1979 2162 1998 ante

1596 2019 1702 2041 ultimum
1721 2019 1831 2041 iudicium
1850 2018 1983 2046 redigentur
2001 2017 2021 2039 in
2039 2016 2161 2044 antiquum

1596 2061 1694 2084 statum,
1712 2064 1758 2086 quo
1776 2060 1851 2080 creata
1869 2060 1922 2080 sunt
1939 2056 1992 2079 ibid.

1642 2109 1673 2113 —-
1691 2097 1788 2119 llundus
1811 2097 1894 2119 dicitur
1920 2102 1982 2118 mare
2006 2102 2032 2118 ex
2057 2095 2162 2124 quinque

1596 2135 1724 2158 rationibus
1743 2136 1786 2157 v192
1804 2142 1824 2162 a,
1848 2135 1862 2157 b
1886 2147 1917 2151 —
1939 2135 2021 2157 Anima
2048 2134 2161 2161 peccatrix

1596 2178 1693 2197 vocatur
1710 2175 1755 2197 tilia
1768 2175 1838 2197 maris
1859 2174 1900 2196 104
1913 2180 1925 2196 a
1939 2186 1967 2189 —
1980 2173 2085 2201 designat
2098 2178 2162 2200 prae-

1596 2220 1649 2236 sens
1667 2215 1784 2236 saeculum
1802 2216 1898 2242 propter
1916 2213 1956 2235 tria
1976 2212 2020 2234 426
2038 2219 2049 2234 a
2072 2224 2103 2228 —
2124 2211 2162 2234 de·

1596 2253 1673 2281 signat
1690 2253 1803 2275 mundum
1822 2253 1989 2280 procellosum,
2007 2251 2161 2279 profundum,

1597 2293 1752 2320 periculosum
1772 2292 1815 2314 190
1834 2291 1848 2314 b

1642 2344 1673 2348 —
1693 2332 1723 2354 De
1740 2332 1847 2359 periculis
1865 2331 1935 2353 maris
1948 2332 2017 2352 homo
2029 2336 2074 2352 non
2088 2332 2162 2358 potest

1597 2377 1647 2393 esse
1665 2371 1723 2393 bene
1741 2373 1821 2393 cautus
1834 2368 1874 2398 per
1886 2370 1990 2392 auditum
2003 2370 2077 2392 solum
2091 2368 2136 2391 525
2149 2374 2160 2390 0

1645 2411 1716 2432 Mitius
1733 2422 1764 2426 —
1783 2410 1790 2431 1
1813 2409 1916 2432 Nomina.
1933 2410 1955 2432 et
1971 2408 2065 2439 styurae
2078 2409 2090 2430 2
2103 2407 2161 2431 Scm-

1597 2448 1707 2479 ctificate'o
1725 2450 1748 2471 et
1763 2448 1844 2478 qratia
1860 2449 1873 2470 3
1892 2447 2010 2471 Nutivz'cas
2028 2447 2040 2469 4
2060 2447 2162 2470 Virtutes

1597 2489 1611 2511 5
1630 2487 1785 2511 Annuntiat'io
1807 2489 1828 2511 el
1846 2489 1935 2517 partus
1953 2488 1966 2509 6
1985 2485 2123 2516 Purificalt'o
2140 2487 2162 2509 et

1598 2527 1644 2550 vitu
1662 2527 1755 2556 reliqua
1772 2527 1786 2549 7
1805 2526 1925 2550 Assnmtio
1944 2527 1956 2548 8
1975 2525 2121 2549 Eaeceltemz'a
2140 2526 2162 2548 et

1597 2565 1707 2597 beneficia
1724 2567 1737 2588 9
1755 2566 1858 2589 Imitatio
1875 2567 1897 2589 et
1913 2565 2010 2589 devotio.

1630 2606 1638 2627 1
1662 2618 1690 2621 —-
1708 2605 1870 2633 interpretatur
1893 2611 1956 2627 mare
1978 2610 2097 2631 amarum,
2116 2604 2161 2626 illu-

1597 2645 1710 2671 minatrix,
1722 2645 1814 2667 domina
1830 2645 1874 2666 636
1894 2644 1916 2666 1).
1933 2644 1978 2666 689
1997 2643 2012 2665 b
2028 2656 2058 2660 —
2077 2643 2162 2665 Dicitur

1597 2684 1659 2706 stella
1673 2684 1749 2710 maris,
1762 2689 1826 2706 mare
1842 2690 1947 2705 amarum
1965 2686 1987 2704 et
2004 2683 2097 2705 domina
2116 2682 2160 2704 640

1597 2723 1612 2745 1)
1630 2736 1659 2739 —
1676 2723 1760 2746 dicitur
1782 2723 1846 2745 stella
1872 2723 1941 2745 maris
1964 2722 2009 2744 637
2032 2722 2054 2744 1).
2078 2722 2121 2744 638
2140 2728 2161 2743 0.

1596 2762 1641 2784 700
1661 2762 1675 2784 1)
1694 2775 1722 2778 —
1745 2762 1877 2789 Principalis
1899 2761 2056 2789 interpretatio
2079 2761 2162 2783 Mariae

1597 2805 1631 2823 est
1648 2802 1711 2823 stella
1730 2801 1811 2828 100115,
1831 2804 1852 2823 01
1869 2801 1910 2824 ista
1928 2807 2009 2823 omnes
2027 2800 2082 2822 alias
2099 2806 2162 2822 com-

1598 2841 1720 2868 prehendit
1738 2841 1782 2862 636
1801 2840 1816 2862 b

1644 2892 1673 2895 —
1692 2880 1775 2902 dicitur
1793 2881 1888 2902 thronus
1911 2879 1998 2907 gratiae
2015 2879 2059 2901 2:¹59
2078 2885 2097 2900 a.
2117 2878 2160 2900 480

1596 2925 1616 2940 a.
1635 2919 1679 2940 680
1697 2925 1717 2941 a.
1735 2919 1780 2941 713
1799 2925 1812 2941 0
1829 2931 1859 2934 —
1876 2922 1910 2941 est
1930 2918 2003 2940 amica
2027 2924 2068 2946 per
2090 2917 2161 2939 excel-

1597 2958 1689 2980 lentiam
1706 2958 1747 2980 701
1769 2964 1781 2980 a
1799 2971 1827 2974 -—
1846 2957 1929 2980 dicitur
1947 2963 2012 2980 soror
2033 2960 2055 2979 et
2077 2962 2161 2984 sponsa
