2269 3448
376 187 412 216 38
1128 185 1342 214 DlSSERTATlO
1365 186 1381 213 l.

372 266 492 302 plenam
506 265 711 303 sufficientiam
728 273 777 293 nec
792 264 824 293 ad
843 265 926 293 totius
937 265 1078 293 doctrinae
1092 264 1227 293 revelatae

375 312 587 349 explicationem
610 312 809 350 ctctciequaccmn
827 311 1049 348 expressionem.
1066 311 1156 339 Primo
1179 310 1227 347 igi-

376 363 422 388 tur
444 359 511 388 nulli
536 359 643 387 Doctori
661 359 758 387 tribuit
773 359 957 387 omnimodam
978 357 1227 395 infallibilitatem,

376 406 421 435 sed
444 407 574 435 observat
589 406 754 435 sententiam
772 406 796 434 S.
813 398 955 442 Augustini
971 405 1094 433 docentis
1107 406 1131 432 ¹:
1152 416 1164 428 «
1177 404 1226 432 Ne-

375 461 430 490 que
461 453 534 481 enim
567 453 756 489 quorumlibet
784 452 997 489 disputationes,
1028 452 1155 488 quamvis
1184 459 1227 479 ca-

376 500 544 528 tholicorum
567 503 594 528 et
615 500 790 528 laudatorum
814 499 971 533 hominum,
999 499 1076 527 velut
1104 499 1227 535 Scriptu-

377 555 421 575 ras
443 547 587 575 canonicas
610 547 713 575 hahere
734 546 882 579 debemus,
906 549 936 574 ut
958 546 1036 574 nobis
1059 554 1111 573 non
1135 546 1226 579 liceat,

376 594 451 622 salva
474 594 700 627 honorificentia,
725 601 797 630 quae
828 593 881 621 illis
912 593 1029 621 debetur
1053 592 1226 626 hominibuS,

375 641 479 677 aliquid
502 641 528 669 in
550 648 647 669 eorum
669 640 780 676 scriptis
801 640 958 676 improbare
974 643 1058 676 atque
1080 647 1226 675 respuere,

377 690 397 717 si
421 689 491 716 forte
523 688 728 721 invenerimus,
750 687 823 724 quod
852 688 932 715 aliter
961 687 1113 719 senserint,
1143 694 1225 723 quam

378 736 479 764 veritas
501 735 599 768 habet,
621 735 714 762 divino
736 734 873 762 adiutorio
890 734 931 763 vel
947 734 981 762 ab
1000 734 1060 762 aliis
1082 733 1227 767 intellecta,

378 783 421 811 vel
441 791 456 810 a
478 782 565 810 nobis.
588 782 660 810 Talis
682 789 732 818 ego
755 789 817 809 sum
841 781 866 808 in
889 781 1000 817 scriptis
1014 781 1143 814 aliorum,
1161 780 1228 808 tales

378 830 438 858 volo
461 837 520 858 esse
542 829 727 857 intellectores
750 836 918 857 meorum».

456 875 597 909 Secundo,
620 884 669 904 nec
692 883 765 904 unus
789 875 888 904 Doctor
912 875 1045 904 Ecclesiae
1067 868 1170 903 sufficit
1195 874 1227 903 ad

377 932 474 952 omnes
488 922 670 960 quaestiones
692 926 718 951 et
740 923 869 951 continue
886 930 969 950 novas
984 922 1159 950 difficultates
1174 922 1229 950 sol-

378 971 493 998 eemlcis.
517 971 570 998 l-loc
602 970 750 1006 praecipue
781 969 954 998 manifestum
987 973 1028 997 est
1062 970 1103 997 his
1128 969 1229 997 nostris

378 1017 566 1054 temporibus,
588 1017 698 1053 quando
721 1020 810 1045 castra
833 1017 974 1044 militantis
997 1016 1131 1045 Ecclesiae
1151 1016 1229 1044 undi-

377 1073 431 1102 que
453 1065 487 1093 ab
520 1064 710 1093 infensissimis
745 1064 870 1093 hostibus
904 1064 982 1092 novis
1014 1072 1122 1100 semper
1145 1064 1229 1092 armis

377 1112 512 1140 acerrime
534 1115 740 1148 oppugnantur.
764 1111 874 1139 Nullum
907 1111 1074 1147 principium
1097 1119 1147 1139 nec
1170 1111 1228 1147 phi-

378 1159 550 1195 losophicum
575 1166 624 1187 nec
646 1158 830 1195 theologicum
855 1158 1012 1191 invenitur,
1035 1158 1107 1194 quod
1131 1158 1165 1186 ah
1182 1158 1229 1186 ho-

378 1207 467 1235 stibus
490 1206 551 1234 fidei
574 1214 627 1234 non
651 1206 831 1242 pervicaciter
854 1210 970 1242 negetur
992 1209 1018 1234 et
1040 1206 1188 1241 sophistice
1204 1209 1231 1234 et

378 1254 460 1282 modo
475 1253 507 1281 ad
524 1253 707 1281 seducendam
725 1253 831 1289 plebem
853 1255 917 1289 apto
938 1256 1131 1289 oppugnetur3
1155 1253 1230 1281 nulla

378 1300 492 1329 scientia
514 1300 643 1336 profana,
666 1308 737 1336 quae
761 1308 808 1335 per
833 1299 872 1328 fas
894 1303 921 1328 et
942 1299 1018 1328 nefas
1040 1308 1093 1328 non
1111 1303 1231 1336 praestet

378 1355 455 1376 arma
477 1347 508 1375 ad
525 1346 682 1375 bellandum
699 1350 797 1375 contra.
813 1346 960 1375 Ecclesiam
976 1347 1147 1375 catholicam.
1164 1347 1229 1374 Hinc

379 1394 564 1423 necessarium
597 1394 708 1430 quidem
744 1397 801 1426 est,
834 1397 863 1422 ut
897 1394 1031 1430 principia
1060 1394 1194 1422 catholica
1215 1402 1230 1422 a

378 1443 417 1470 Ss.
442 1442 606 1470 Doctoribns
631 1441 769 1469 illustrata
793 1441 931 1469 mentibus
953 1444 980 1469 et
1001 1441 1132 1469 cordibus
1155 1441 1230 1469 iuve-

379 1497 444 1517 num
468 1488 604 1525 profunde
625 1492 651 1516 et
674 1488 790 1516 tirmiter
812 1488 866 1516 sint
882 1488 1030 1524 impressa,
1047 1488 1092 1516 sed
1110 1489 1161 1516 hoc
1178 1496 1229 1516 non

379 1536 481 1565 sufficit
501 1536 694 1564 defensoribus
717 1536 856 1569 veritatis,
878 1535 929 1563 nisi
954 1535 1063 1563 valeant
1085 1536 1229 1572 multiplici

378 1583 533 1611 eruditione
555 1591 633 1610 arma
655 1582 881 1611 adversariorum
904 1586 930 1611 et
953 1591 1117 1619 cognoscere
1134 1586 1160 1611 et
1184 1583 1231 1611 ho-

379 1630 467 1658 stibus
498 1630 607 1666 eripere
635 1633 662 1658 et
691 1630 717 1657 in
746 1629 931 1658 defensionem
962 1630 1087 1658 veritatis
1116 1638 1230 1659 conver-

380 1680 445 1705 tere.

458 1724 559 1757 Tertio,
572 1724 639 1752 nulli
656 1724 788 1760 singulari
803 1724 912 1752 Doctori
927 1725 1044 1753 Ecclesia
1057 1724 1153 1753 tribuit
1169 1732 1230 1761 per-

379 1771 476 1800 fectam
503 1774 530 1800 et
554 1771 733 1808 adaequatam
757 1772 841 1800 totius
862 1771 1004 1800 revelatae
1026 1772 1158 1800 veritati-s
1183 1781 1230 1799 eac-

376 1818 565 1855 pressionem.
582 1818 729 1846 lneffahilia
750 1818 843 1846 divina
859 1819 989 1854 mysteria
1012 1822 1153 1855 nequeunt
1169 1826 1231 1855 per-

381 1865 450 1893 fecte
479 1868 506 1893 et
534 1865 686 1902 adaequate
717 1865 836 1902 exprimi
865 1865 917 1893 illis
939 1865 1131 1902 conceptibus,
1161 1874 1230 1902 quos

381 1912 536 1940 intellectus
551 1920 566 1939 a
581 1913 718 1941 creaturis
740 1912 839 1941 sumsit
853 1916 879 1941 et
894 1912 995 1941 format
1009 1917 1036 1941 et
1053 1913 1095 1941 via
1111 1914 1150 1941 vel
1168 1921 1229 1941 cau-

381 1958 510 1993 salitatis,
533 1959 576 1986 vel
597 1959 768 1987 eminentiae
789 1959 822 1987 ad
848 1959 939 1987 divina
960 1959 1087 1995 applicat,
1110 1959 1155 1987 sed
1177 1967 1228 1987 non

381 2005 533 2034 secundum
557 2006 663 2041 plenam
687 2006 894 2042 proprietatem,
910 2006 955 2034 sed
972 2006 1123 2034 secundum
1139 2006 1230 2033 analo-

381 2053 461 2089 giam.
474 2052 539 2080 Hinc
554 2053 659 2089 antiqui
674 2053 843 2086 Scholastici,
856 2053 941 2081 secut-i
959 2053 1229 2089 Pseudodionysium,

383 2103 491 2135 praeter
504 2099 574 2127 viam
590 2099 742 2136 positioni-5
759 2103 912 2136 posuerunt
927 2100 952 2127 in
970 2100 1105 2136 theologia
1122 2103 1151 2127 nt
1166 2100 1230 2127 emi-

383 2146 540 2174 nentiorem
563 2146 634 2173 illam
659 2146 729 2174 viam
758 2147 919 2183 nesscttionls
942 2147 1002 2181 (cfr.
1025 2150 1088 2174 tom.
1112 2147 1174 2174 Vlll.
1198 2147 1231 2174 de

389 2193 511 2229 Triplici
538 2193 589 2220 Via
611 2200 632 2221 c.
657 2193 694 2220 lll.
718 2194 734 2228 ξ
757 2194 805 2227 7.).
828 2193 881 2221 Hoc
903 2193 1077 2230 eloquiorum
1097 2194 1231 2221 humano-

383 2248 444 2268 rum
467 2239 574 2268 defectu
598 2240 649 2267 iam
672 2240 738 2268 satis
760 2240 918 2276 explicatur
935 2241 1078 2277 pluralitas
1093 2245 1176 2277 atquc
1191 2241 1232 2269 di-

382 2287 498 2315 versitas
520 2287 669 2315 verborum
686 2290 712 2315 et
727 2287 937 2321 sententiarum,
954 2288 1056 2324 quibus
1078 2288 1117 2316 Ss.
1135 2288 1232 2316 Docto-

383 2342 427 2362 res
448 2334 607 2370 exprimere
633 2334 720 2362 conati
744 2338 809 2362 sunt
837 2335 925 2363 ardua
947 2335 1007 2363 fidei
1036 2335 1178 2371 mysteria,
1201 2338 1232 2363 ut

383 2380 520 2408 infinitum
543 2384 569 2408 et
592 2380 727 2409 ineffabile
759 2380 866 2409 divinae
898 2382 1021 2410 veritatis
1044 2382 1157 2418 pelagus
1181 2383 1232 2410 liu-

384 2427 471 2455 manis
493 2427 632 2455 utentibus
653 2428 775 2455 humano
797 2428 877 2456 modo
898 2429 1070 2464 explicarent
1085 2433 1111 2457 et
1126 2437 1232 2457 accom-

386 2474 536 2502 modarent.
553 2474 667 2510 Quando
684 2474 741 2510 ipsa
758 2475 875 2503 Ecclesia
890 2475 1087 2504 determinatos
1104 2476 1230 2512 loquendi

384 2521 477 2548 modos
508 2521 561 2548 iam
590 2521 729 2554 definivit,
762 2525 837 2550 certe
875 2530 927 2550 non
963 2522 1159 2550 discedendum
1191 2526 1232 2550 est

383 2568 417 2595 ab
438 2576 492 2596 usu
515 2575 620 2595 eorum.
643 2567 757 2603 Quando
781 2571 869 2596 tamen
893 2569 1011 2596 Ecclesia
1033 2569 1058 2596 in
1083 2569 1167 2597 rebus
1181 2569 1231 2597 dn-

384 2614 435 2642 biis
457 2614 611 2642 libertatem
634 2614 758 2642 concedit
779 2615 910 2651 sequendi
933 2615 1056 2643 diversas
1075 2617 1118 2643 55.
1136 2616 1232 2644 Docto-

384 2668 445 2688 rum
468 2660 619 2696 opiniones,
643 2669 696 2688 11011
720 2661 830 2689 videtur
852 2662 1003 2697 generatim
1026 2670 1085 2690 esse
1108 2662 1183 2695 utile,
1199 2662 1232 2690 ad

385 2714 471 2734 unum
494 2708 518 2734 8.
542 2707 686 2735 Ductorem
717 2708 885 2744 restringere
916 2708 1049 2736 ambitum
1083 2709 1232 2737 catholicae

385 2753 523 2787 veritatis,
546 2753 629 2781 immo
652 2754 709 2790 ipsa
734 2754 877 2790 pluralitas
899 2755 1098 2783 sententiarum
1121 2759 1148 2783 et
1170 2763 1232 2783 ver-

385 2799 483 2827 borum
516 2800 694 2835 probatorum
728 2805 874 2829 auctorum
906 2802 1045 2830 interdum
1070 2803 1231 2838 mysterium

385 2846 536 2873 revelatum
561 2846 675 2875 reddere
699 2851 787 2883 potest
811 2848 968 2876 hominibus
989 2849 1103 2877 suavius
1124 2853 1151 2877 et
1173 2857 1232 2878 cre-

384 2892 503 2920 dibilius.
522 2892 581 2920 ldeo
601 2896 725 2929 repetere
747 2894 825 2922 nobis
848 2895 926 2923 liceat
947 2895 1036 2923 locum
1060 2896 1190 2932 sapientis
1206 2897 1232 2925 l‘.

450 2992 455 3004 ¹
476 2993 545 3020 Epist.
564 2994 615 3015 168.
634 2994 698 3021 (alias
721 2995 756 3016 111
765 2996 778 3023 .)
796 2995 824 3017 ad
844 2996 1038 3018 Fortunatianum.

1285 264 1401 292 Mathiae
1423 264 1550 292 Hauzeur
1565 263 1596 291 O.
1612 264 1638 291 F.
1654 264 1687 291 M.
1704 263 1838 299 (Collati'o
1869 263 1957 291 totins
1979 261 2135 300 llteoloyiae

1285 310 1360 338 inter
1382 311 1509 339 maiores
1529 314 1646 338 nostros
1667 310 1741 345 ete),
1757 318 1840 346 quem
1863 314 1927 338 tom.
1946 310 1963 343 1,
1984 310 2134 346 Prolegom.

1284 365 1343 394 pag.
1367 357 1477 385 LXXXll
1499 365 1521 386 c.
1546 358 1562 385 1.
1585 358 1638 385 iam
1655 357 1809 385 citavimus.
1827 357 1952 394 Explicat
1966 357 2049 391 enim,
2065 365 2134 393 quo-

1286 403 1379 437 modo,
1401 404 1426 432 in
1450 412 1506 432 una
1527 403 1596 437 fide,
1619 411 1690 440 quae
1712 404 1881 432 intellectum
1904 404 2027 432 omnium
2050 404 2135 440 capti-

1285 453 1329 478 vat
1351 451 1377 478 in
1399 451 1564 487 obsequium
1586 451 1704 484 Christi,
1727 451 1813 488 possit
1835 454 1908 479 stare
1930 451 2075 487 pluralitas
2091 459 2134 479 ra-

1286 497 1390 525 tionum
1414 501 1441 526 et
1463 498 1607 526 modorum
1631 498 1759 535 loquendi
1782 499 1840 526 sine
1862 498 2028 526 detrimento
2045 498 2106 526 finis
2121 506 2136 526 a

1285 544 1341 573 Deo
1363 545 1501 573 revelante
1525 545 1630 579 intenti,
1654 546 1759 582 hasque
1781 545 1901 573 rationes
1922 545 2017 573 afl'ert:
2039 545 2132 573 «Tum

1285 591 1350 627 quia
1372 592 1482 628 singuli,
1499 592 1596 628 inquit,
1613 592 1760 620 conferunt
1773 592 1876 629 aliquid
1893 591 1927 620 ad
1943 592 2053 620 modum
2074 600 2137 628 per-

1285 638 1442 672 fectiorem;
1468 642 1524 667 tum
1541 640 1606 676 quia
1621 648 1674 668 non
1691 647 1786 668 omnes
1803 640 1927 668 homines
1948 639 2018 667 idem
2041 639 2135 668 eodem

1287 685 1366 713 modo
1388 686 1517 722 capiunt,
1538 686 1598 720 sed,
1623 690 1652 715 ut
1673 686 1806 715 differunt
1829 687 1924 720 vultu,
1947 686 1985 715 sic
2007 691 2033 715 et
2055 694 2136 723 saepe

1286 733 1367 760 animi
1392 736 1473 770 captu
1505 737 1532 762 et
1563 734 1680 767 affectu;
1703 734 1767 762 hino
1793 734 1860 762 varii
1884 734 1955 762 modi
1979 734 2135 771 explicandi

1286 780 1356 808 idem
1381 781 1544 816 mysterium
1568 785 1632 809 sunt
1654 781 1849 809 accommodati
1873 781 1905 809 ad
1938 785 2050 818 captum
2077 781 2138 818 plu-

1287 826 1377 860 rium;
1402 830 1458 855 tum
1482 828 1547 864 quia
1569 828 1668 864 singuli
1698 828 1825 856 doctores
1850 828 1997 857 collineant
2018 828 2051 856 ad
2074 836 2138 856 ean-

1282 873 1346 901 dem
1372 874 1514 902 veritatem
1538 883 1586 911 per
1609 883 1689 903 suum
1713 875 1821 903 radium
1845 875 1914 903 lucis
1937 875 2079 908 naturalis,
2094 876 2138 904 vel

1286 921 1403 949 alicuius
1426 922 1634 951 illuminatIonis
1649 923 1789 959 specialis;
1806 930 1871 959 ergo
1888 931 1940 951 non
1958 926 2011 951 tam
2028 926 2138 951 contra-

1286 968 1382 996 dicunt
1413 969 1462 997 sibi
1498 970 1629 1002 invicem,
1653 978 1736 1006 qnam
1769 974 1869 1006 negant
1891 970 1941 998 sibi
1966 970 2080 998 videri...
2105 970 2138 999 Ut

1286 1016 1358 1044 enim
1382 1017 1482 1053 singuli
1507 1017 1608 1045 habent
1630 1026 1708 1046 suam
1731 1017 1868 1054 quandam
1893 1018 2038 1054 sphaeram
2063 1018 2138 1046 visus

1288 1063 1329 1091 vel
1352 1063 1476 1097 auditus,
1500 1064 1651 1093 secundum
1675 1073 1759 1101 quam
1781 1065 1814 1093 de
1845 1065 1960 1093 obiectis
1988 1065 2066 1093 valde
2098 1065 2138 1093 di-

1287 1111 1424 1139 stantibus
1448 1112 1521 1140 varie
1543 1112 1680 1143 iudicant,
1703 1112 1741 1140 sic
1763 1115 1790 1140 et
1812 1111 1911 1148 singuli
1937 1111 2038 1140 habent
2053 1120 2138 1148 quan-

1286 1156 1349 1186 dam
1381 1158 1527 1194 sphaeram
1560 1159 1789 1190 intellectualem,
1817 1166 1992 1187 communem
2026 1158 2137 1195 quidem

1287 1207 1360 1235 circa
1376 1205 1527 1239 evidentia,
1543 1206 1589 1234 scd
1613 1206 1688 1234 velut
1711 1206 1794 1234 radiis
1815 1206 1987 1234 differentem
2005 1206 2078 1234 circa
2093 1206 2137 1234 ob-

1287 1262 1369 1282 scura
1386 1266 1412 1281 ».

1372 1303 1378 1329 l
1391 1302 1412 1329 l.
1427 1301 1477 1328 Pro
1490 1301 1666 1329 conclusione
1681 1309 1858 1330 recensemus
1874 1301 1949 1329 varia
1964 1301 2066 1338 scripta
2082 1302 2140 1338 plu-

1288 1350 1360 1377 rium
1384 1352 1529 1377 auctorum
1553 1348 1585 1376 ad
1609 1348 1801 1376 illustrandam
1823 1348 1975 1377 doctrinam
2005 1349 2030 1376 S.
2053 1349 2138 1377 Bona-

1290 1399 1421 1423 venturae
1443 1395 1602 1431 composita.
1625 1394 1723 1423 Omissi
1753 1398 1817 1423 sunt
1847 1395 1925 1423 multi
1956 1395 2065 1423 articuli
2089 1395 2138 1423 im-

1289 1443 1375 1479 pressi
1400 1443 1424 1470 in
1449 1442 1519 1470 foliis
1542 1442 1687 1479 periodicis
1709 1445 1735 1470 et
1758 1442 1818 1470 libri
1849 1442 1901 1470 iam
1927 1442 1999 1471 citati
2032 1443 2057 1471 in
2087 1443 2139 1471 hoe

1288 1490 1417 1526 capitulo.

1367 1545 1394 1564 α.
1420 1537 1507 1564 Esset
1526 1545 1581 1564 3111·
1603 1536 1631 1565 [ct
1657 1536 1835 1574 philosophie
1863 1538 1896 1565 (le
1925 1537 2009 1566 Satrai
2045 1538 2139 1565 Rona-

1288 1588 1407 1612 ruenture
1428 1592 1477 1620 par
1500 1584 1615 1612 Aine'dee
1643 1584 1675 1612 de
1709 1584 1850 1621 lilargerie.
1885 1585 1972 1618 Paris,
2006 1584 2138 1613 Librairie

1289 1631 1501 1668 philosophique
1522 1632 1555 1660 de
1579 1631 1734 1668 Ladrange,
1760 1633 1842 1660 1855.

1368 1678 1390 1705 1).
1414 1678 1607 1706 Metlz'raztont
1627 1678 1668 1707 del
1693 1679 1718 1707 1).
1742 1679 1904 1707 ,1105530010
1926 1679 2034 1712 Baroni,
2057 1679 2087 1707 Ο.
2105 1679 2136 1706 Μ.

1290 1728 1397 1754 Amore
1418 1735 1431 1754 e
1451 1726 1592 1759 seienza,
1615 1726 1686 1755 ossia
1709 1727 1732 1754 la
1755 1730 1845 1755 mente
1866 1727 1981 1755 serafica
2009 1727 2051 1755 del
2081 1727 2138 1763 glo-

1289 1774 1361 1801 rioso
1391 1774 1502 1801 Dottore
1531 1774 1555 1801 S.
1579 1774 1771 1802 Bonaventura
1803 1773 1837 1802 da
1868 1774 2015 1810 Bagnorea.
2039 1773 2096 1801 Vol.
2121 1773 2137 1807 1,

1288 1814 1395 1848 sezione
1419 1820 1435 1848 l.
1457 1820 1577 1852 Firenzo,
1601 1820 1756 1856 Tipografia
1777 1820 1960 1853 Cenniniana‚
1987 1820 2067 1848 l87l1-.

1367 1875 1389 1894 c.
1413 1866 1540 1894 Eiusdem
1562 1866 1699 1899 auctoris,
1727 1866 1757 1894 lct
1784 1866 1890 1895 Seztolct
1913 1867 2137 1899 Frcmeesecma,

1287 1913 1398 1950 guidata
1413 1913 1456 1941 dal
1477 1922 1527 1941 suo
1548 1913 1663 1941 seralico
1686 1914 1797 1941 Dottore
1817 1915 1868 1942 San
1893 1914 2084 1941 Bonaventura
2104 1913 2139 1941 da

1288 1960 1435 1996 Bagnorea,
1457 1960 1481 1987 in
1505 1960 1667 1988 conformita
1688 1960 1729 1988 dei
1753 1960 1868 1997 principi
1891 1960 1933 1988 del
1956 1960 2069 1988 Doltore
2091 1968 2139 1988 an-

1258 2026 1259 2035 ,
1287 2007 1373 2043 gelico
1399 2008 1423 2034 8.
1447 2007 1598 2035 'l'on‘nnaso
1630 2007 1686 2034 Vol.
1711 2007 1726 2034 l.
1758 2011 1834 2043 parte
1868 2009 1888 2035 l.
1918 2015 1932 2035 e
1960 2008 1986 2035 ⁹2.
2017 2007 2137 2040 Firenze,

1289 2053 1397 2087 ibidem,
1426 2054 1505 2081 1886.

1367 2101 1393 2127 (l.
1419 2100 1497 2128 Delia.
1522 2109 1589 2127 uei-11.
1610 2100 1734 2135 filos-ossa.
1755 2110 1768 2128 e
1789 2101 1858 2129 delle
1884 2101 2008 2129 (lottrine
2030 2102 2073 2129 cle(
2097 2110 2138 2129 se-

1287 2146 1379 2182 misico
1405 2148 1503 2175 Dottor
1525 2148 1586 2176 Scin
1610 2148 1834 2180 Beneventuml,
1857 2148 1939 2176 studii
1961 2149 2004 2177 del
2027 2149 2051 2176 Ρ.
2070 2149 2139 2176 Mar-

1288 2194 1385 2222 cellino
1413 2194 1447 2222 da
1478 2195 1589 2223 Civezza
1621 2195 1651 2223 Ο.
1684 2196 1716 2223 M.
1745 2195 1870 2228 Genova,
1893 2195 2046 2235 Tipogralia
2068 2196 2139 2224 della

1288 2242 1435 2278 giorentu,
1463 2242 1544 2270 1⁸74.

1367 2298 1388 2316 c.
1412 2289 1532 2317 Studien
1554 2298 1594 2317 :ii
1612 2290 1822 2318 Beneuentum
1844 2298 1895 2318 von
1913 2290 1958 2318 Dr.
1976 2291 2017 2317 W.
2035 2291 2061 2318 A.
2079 2290 2139 2318 1101-

1290 2336 1410 2372 lenberg.
1433 2336 1540 2370 Berlin,
1562 2336 1756 2365 Gsellius'sche
1779 2337 2006 2373 nuchhamilung,
2032 2338 2113 2365 1862.

1367 2382 1388 2419 [ἶ
1405 2383 1612 2411 Commentali'o
1622 2382 1833 2419 philosophica,
1849 2384 1892 2411 Dr.
1907 2384 2009 2420 loseph.
2024 2383 2138 2417 llrause,

1289 2429 1426 2466 quomodo
1449 2431 1473 2457 8.
1497 2430 1689 2458 ssonaventura
1722 2430 1856 2458 muudum
1888 2439 1940 2458 non
1970 2439 2028 2459 csso
2051 2435 2139 2459 aeter-

1290 2485 1373 2509 num,
1397 2477 1441 2505 sed
1468 2480 1589 2512 tempore
1611 2480 1714 2507 ortumv
1731 2477 1969 2505 demonstraverit.
1986 2477 2139 2506 Brnnsbcr-

1289 2531 1347 2560 gae,
1373 2524 1456 2551 1809.

1366 2579 1394 2607 (J.
1419 2570 1488 2598 idem
1512 2574 1609 2598 auctor
1631 2571 1683 2598 alia
1701 2571 1892 2599 dissertatione
1907 2571 2026 2599 defendit
2041 2571 2139 2600 doctri-

1291 2625 1351 2645 nam
1375 2618 1400 2644 S.
1424 2617 1630 2645 Bonarenturae
1660 2617 1692 2645 de
1722 2618 1875 2646 rationibus
1906 2618 2084 2646 seminalibus
2112 2622 2139 2646 et

1290 2663 1385 2691 formis
1406 2663 1633 2692 substantialibus
1656 2664 1832 2692 intermediis.

1369 2709 1394 2737 ta.
1419 2709 1616 2743 Scholastica,
1642 2711 1745 2738 Doelor
1775 2710 1953 2747 Serupliieus
1984 2715 2009 2739 et
2039 2710 2138 2739 schola

1292 2757 1504 2785 Fiwicfseazm.
1521 2756 1616 2785 Oratio
1632 2758 1657 2785 P.
1676 2757 1789 2795 Atoystt
1810 2758 1844 2786 cle
1860 2759 1972 2786 Parma
1990 2766 2044 2793 tan.
2064 2759 2136 2786 1889

1290 2804 1366 2832 electi
1385 2804 1409 2831 in
1426 2804 1580 2832 Ministrum
1596 2804 1758 2832 Generalem
1784 2804 1912 2841 Ordinis).
1931 2805 2051 2839 Parmae,
2068 2806 2138 2841 typis

1291 2850 1485 2881 Rossi-Ul'0aldi,
1513 2851 1593 2878 1886.

1371 2897 1387 2925 ι’.
1412 2897 1537 2925 Eiusdem
1556 2898 1657 2925 Oratio
1680 2907 1768 2935 super
1790 2898 2010 2927 characteribus
2033 2899 2138 2926 doctri-

1290 2952 1345 2971 nae
1361 2944 1648 2971 Bonanentnrictnae.
1666 2944 1825 2978 Placentiae,
1847 2945 1916 2981 typis
1937 2945 2138 2981 episcopalibus

1292 2990 1395 3026 losephi
1419 2990 1566 3024 'ledeschh
1594 2991 1674 3018 1887.
