2269 3448
394 204 432 232 46
1142 199 1355 228 DtSSER'rATtO
1377 200 1405 227 ll.

396 282 618 310 Bonaventuram
630 281 714 309 fuisse
730 280 913 308 nominatum
927 279 1089 316 magistrum
1102 286 1145 306 an.
1161 279 1244 311 1256,

395 337 427 358 ac
449 328 564 366 proinde
585 331 732 364 antequam
755 327 877 355 Minister
898 326 1034 363 generalis
1055 325 1181 354 evaserit.

476 376 525 405 Sed
540 377 606 404 naec
619 375 705 411 Papae
716 374 908 403 determinatio
923 373 1045 402 nondum
1062 373 1152 401 statim
1166 380 1246 400 exse-

396 423 499 452 cutioni
521 423 584 451 data
605 425 646 451 est
670 422 696 449 in
724 421 782 457 ipsa
803 420 985 449 Universitate
1008 419 1166 452 Parisiensi‚
1188 419 1247 447 sine

396 470 477 499 cuius
498 472 560 498 actu
581 472 671 497 tamen
693 476 774 496 nemo
797 467 925 503 magister
940 466 1057 495 evadere
1079 466 1176 502 potuit.
1192 465 1247 493 Ma-

396 517 473 554 gistri
490 516 562 545 enim
580 515 678 552 reliqui
702 515 812 543 minime
833 514 1016 542 instrumento
1031 513 1246 550 acquiescentes,

396 564 499 593 viritim
523 563 695 596 resistebant,
718 561 866 598 quominus
889 561 1082 589 bonaventura
1102 560 1247 588 decorare-

397 614 453 644 tur,
465 614 613 647 antequam
632 608 773 646 privilegia
788 611 815 636 et
829 610 932 636 statuta
947 610 973 635 et
987 606 1174 634 ordinationes
1186 606 1248 634 Uni-

396 657 534 686 versitatis
556 657 711 684 iuramento
733 655 933 691 obsignassetl,
956 653 1029 690 quod
1053 653 1160 681 Fratres
1176 652 1248 680 Men-

395 705 518 733 dicantes
539 706 679 740 praestare
702 710 751 730 nec
772 702 922 729 voluerunt
945 708 993 728 nec
1015 703 1175 737 potuerunt.
1196 699 1248 727 Nec

396 751 513 780 fortasse
536 751 727 778 Bonaventura
749 749 801 776 hoc
822 755 904 784 aegre
922 747 1036 780 serebat,
1052 755 1115 775 euni
1137 746 1246 775 interim

397 798 430 826 ad
452 797 598 834 regendam
622 800 705 824 totam
737 795 873 823 Familiam
903 794 1075 830 seraphicam
1097 793 1249 822 destinatus

397 852 453 882 qua
475 844 597 872 Minister
619 843 769 879 generalis,
792 849 824 869 eo
846 841 952 869 facilius
980 841 1083 868 bonum
1106 840 1248 877 publicum

397 891 509 920 Ordinis
530 897 683 927 procurare
705 888 834 925 potuerit.
853 887 947 915 Postea
968 887 1077 915 taudem
1093 887 1176 915 animi
1192 895 1250 915 aca-

397 938 569 967 demicorum
593 937 723 974 paulatim
748 936 937 972 placabantur,
959 943 991 963 eo
1013 935 1108 972 magis,
1126 934 1199 971 qnod
1223 934 1248 962 in

397 985 453 1013 fine
475 985 628 1013 Alexander
652 984 692 1012 lV.
718 984 856 1020 praecepit
879 983 1018 1020 magistris
1041 982 1186 1011 obstinatis
1206 981 1250 1009 die

401 1033 445 1061 12.
467 1032 527 1060 Maii
553 1032 636 1065 1257,
658 1031 857 1059 ordinationem
885 1043 896 1055 «
914 1030 995 1067 Quasi
1021 1030 1123 1066 lignum
1147 1029 1217 1057 vitae
1234 1041 1245 1053 >1

399 1078 594 1107 inviolabiliter
610 1086 669 1106 esse
684 1077 884 1106 observandam
897 1078 916 1104 2.
934 1077 1018 1105 immo
1029 1077 1072 1104 die
1084 1077 1110 1104 2.
1123 1076 1250 1104 Octobris

402 1127 476 1154 1257
491 1126 502 1142 ³
525 1125 710 1162 peremptoria
731 1125 860 1161 apparuit
882 1125 970 1153 bulla:
1003 1124 1075 1152 Ceam
1104 1124 1189 1157 olim,
1216 1123 1248 1151 ad

399 1180 484 1209 quam
507 1180 599 1201 vocem
622 1175 774 1200 emanatam
798 1172 965 1201 Universitas
987 1179 1085 1199 manus
1102 1171 1186 1199 victas
1204 1170 1249 1198 de-

399 1220 486 1248 ditet
518 1220 663 1256 magistros
693 1219 842 1255 utriusque
864 1218 974 1247 Ordinis
1005 1218 1063 1246 sine
1095 1218 1250 1245 iuramento

401 1267 524 1303 recipere
545 1267 696 1295 constituit.
719 1267 795 1294 Tune
817 1266 908 1294 statim
925 1269 1038 1293 ventum
1054 1268 1095 1293 est
1109 1264 1141 1293 ad
1157 1268 1249 1293 actum

401 1314 543 1351 publicum
566 1322 658 1342 eoram
682 1313 876 1346 Universitate,
899 1313 957 1341 sine
979 1321 1034 1349 qua
1049 1312 1188 1341 functione
1204 1319 1250 1340 ue-

401 1369 446 1389 mo
469 1362 599 1398 magister
621 1361 763 1389 laureatus
792 1368 851 1389 esse
876 1360 979 1396 potuit;
1002 1360 1104 1388 factum
1135 1360 1186 1387 boc
1208 1359 1251 1386 die

402 1408 448 1437 23.
470 1408 598 1437 Octobris
622 1409 703 1436 1257.
728 1408 781 1436 Hoc
796 1407 839 1435 die
858 1410 884 1436 et
898 1415 970 1435 anno
985 1407 1107 1440 demunt,
1123 1406 1251 1443 quamvis

401 1456 529 1484 voluntas
552 1455 688 1483 Pontiticis
710 1455 762 1483 iam
785 1458 848 1483 ante
869 1462 972 1482 annum
996 1454 1065 1482 idem
1095 1454 1250 1486 statuisset,

402 1502 511 1531 tandem
535 1503 567 1530 lis
589 1502 739 1538 composita
760 1505 801 1530 est
829 1505 856 1529 et
881 1501 937 1529 duo
963 1501 1135 1529 celeberrimi
1168 1500 1252 1528 liuius

403 1549 594 1578 Universitatis
622 1549 749 1577 doctores
781 1548 897 1585 eiusque
929 1556 1038 1576 summa
1063 1551 1090 1576 et
1120 1550 1252 1584 perpetua

402 1596 489 1633 gloria
513 1596 613 1632 recepti
637 1599 710 1624 sunt.
732 1595 810 1632 Quod
832 1595 934 1624 factum
957 1595 1105 1623 functionis
1127 1594 1253 1631 publicae

402 1643 446 1672 die
458 1643 503 1671 23.
517 1642 644 1671 Octobris
659 1643 791 1676 evenisse,
804 1643 902 1671 asserit
914 1642 1015 1670 Panfilo
1026 1643 1037 1659 4
1052 1645 1079 1670 et
1092 1642 1221 1670 Sbaralea
1232 1642 1251 1669 ⁵.

482 1692 507 1719 7.
531 1690 581 1719 Sed
604 1691 715 1719 iuterim
737 1690 897 1727 exemplum
919 1689 1094 1727 oppugnandi
1112 1689 1252 1722 Ordinem,

402 1738 497 1766 datum
519 1746 535 1765 a
556 1737 701 1766 Guillelmo
721 1745 736 1765 a
755 1738 780 1765 S.
797 1739 894 1765 Amore
909 1745 999 1774 neque
1015 1737 1178 1765 refutatione
1194 1736 1253 1765 eius

403 1785 465 1813 libri
487 1793 503 1813 a
524 1785 716 1813 Bonaventura
739 1792 828 1821 neque
850 1784 1075 1812 condemnatione
1090 1791 1106 1811 a
1125 1783 1253 1811 Pontifice

403 1835 430 1860 et
451 1832 640 1860 combustione
663 1831 798 1859 removeri
822 1831 925 1867 potuit;
948 1831 1048 1859 etenim
1067 1833 1128 1867 post
1142 1830 1254 1858 Guillel-

405 1887 479 1907 mum
503 1879 598 1915 plures
619 1879 662 1907 alii
685 1878 817 1907 Ordinem
839 1878 937 1906 libellis
952 1878 1063 1906 famosis
1084 1877 1254 1906 calumniare

405 1926 654 1962 prosequebantur,
678 1926 810 1962 Apparuit
843 1925 1003 1961 praesertim
1033 1924 1144 1961 quidam
1168 1924 1252 1957 liber,

405 1972 448 2001 cui
472 1973 584 2001 titulus:
609 1972 719 2000 Contra
739 1972 948 2000 adversariam
969 1971 1155 2008 perfeetionis
1177 1970 1254 1999 elii-z·-

404 2019 519 2047 satanae
534 2023 558 2047 et
578 2019 783 2056 praelatorum
798 2022 822 2046 et
836 2018 1015 2055 facultatum
1031 2018 1174 2051 ecclesiae,
1190 2019 1254 2054 qui-

405 2074 459 2103 que
475 2066 583 2103 incipit:
605 2078 618 2091 «
630 2066 746 2094 Tantum
767 2066 816 2094 sibi
834 2065 1046 2102 praesumtionis
1061 2068 1254 2093 assumserunt

406 2113 516 2149 quidam
534 2113 682 2141 homines»
703 2116 763 2146 etc,
779 2113 825 2149 qui
846 2113 1024 2149 perniciosior
1040 2121 1123 2149 quam
1148 2112 1253 2149 praedi-

406 2162 467 2188 ctus
488 2159 548 2188 suit.
565 2160 631 2196 Quis
652 2160 735 2188 liuius
758 2160 818 2188 libri
841 2163 938 2188 auctor
958 2159 1055 2193 fuerit,
1077 2159 1252 2196 exploratum

407 2215 459 2235 non
482 2210 532 2241 est,
548 2207 676 2244 quamvis
697 2215 732 2235 ex
755 2207 897 2235 Clironicis
913 2207 992 2235 XXlV
1007 2206 1182 2235 Generalium
1195 2207 1205 2223 ⁶
1228 2209 1254 2234 et

470 2349 478 2362 ¹
498 2350 597 2376 Denisse,
615 2348 679 2377 ibid„
697 2355 751 2377 pag.
769 2349 813 2371 242
832 2355 853 2371 0.
871 2349 925 2371 219.

470 2388 479 2401 ²
497 2388 542 2412 etr.
560 2389 666 2411 Analecta
685 2389 805 2415 Francisc.‚
824 2392 879 2410 tom.
898 2389 929 2410 111.
949 2393 1001 2416 pag.
1020 2388 1072 2416 272,
1091 2391 1137 2410 not.
1155 2388 1176 2409 S.

471 2428 480 2441 ³
499 2429 610 2455 Bullaeus,
628 2429 684 2450 Ilist.
702 2429 768 2450 Univ.
787 2428 864 2454 Paris„
891 2430 945 2450 tom.
968 2428 1001 2449 111.
1021 2433 1074 2455 pag.
1092 2428 1136 2449 282
1156 2430 1177 2448 et
1202 2426 1255 2449 att..

407 2474 473 2496 seqq.

471 2506 480 2518 '¹
498 2507 571 2529 Storia
589 2506 767 2534 compendiosa,
785 2506 829 2528 vol.
849 2507 863 2528 1.
880 2512 933 2533 pag.
952 2505 1005 2527 625.

471 2545 480 2557 ⁵
499 2546 638 2573 Scriptores,
656 2552 678 2567 v.
697 2546 864 2567 ssonaventura.

472 2584 481 2597 ⁶
498 2586 584 2607 Auctor
601 2585 767 2607 Clironicorum
786 2584 861 2606 XXIV
879 2583 1025 2606 Generalium
1043 2583 1072 2605 ita
1090 2589 1138 2605 rem
1165 2582 1256 2604 exbibet

409 2624 523 2651 integram
543 2630 595 2646 eum
614 2624 715 2652 quadam
734 2623 892 2645 vehementia:
914 2631 924 2642 «
938 2622 1048 2645 Eoez'stens
1075 2622 1255 2648 (Bonaventura)

410 2669 466 2685 vero
489 2663 605 2685 Generalis
624 2662 725 2684 libellum
750 2662 984 2690 perniciosissimum,
1005 2661 1045 2690 qui
1062 2660 1167 2684 ereditur
1184 2660 1256 2689 faisse

409 2701 520 2732 maglislri
538 2702 636 2725 Ger-aldi
647 2703 675 2724 de
688 2701 845 2728 Abbatisrilla,
858 2707 899 2729 per
912 2701 1053 2730 Apoloyiam.
1066 2704 1110 2722 tam
1123 2701 1256 2729 eloquenter

410 2747 480 2770 quam
499 2740 610 2763 subtiliter
628 2741 762 2763 confutavit.
780 2741 819 2762 llic
836 2740 896 2762 enim
910 2739 1021 2762 Geraldus
1033 2739 1168 2761 maledictus
1185 2738 1256 2761 clatus

410 2780 435 2803 in
452 2780 581 2809 reprobam
603 2785 699 2803 sensnm
723 2780 797 2808 (110111.
820 2780 838 2806 l,
861 2779 917 2807 28),
943 2779 1023 2801 doctor
1042 2781 1117 2800 tamen
1136 2779 1257 2805 theologus

410 2819 511 2841 Parisius
523 2819 614 2846 publice
626 2821 705 2841 centra
723 2819 851 2846 Religiosos
863 2824 976 2846 pauperes
988 2818 1138 2846 praedicarit.
1152 2818 1255 2840 Tandem

411 2864 464 2880 eum
483 2858 505 2880 in
523 2858 616 2880 beatum
634 2858 780 2880 Franciscnm
799 2860 820 2880 et
837 2857 887 2880 eius
904 2857 995 2879 Ordinis
1007 2859 1091 2879 statum
1109 2857 1211 2885 linguam
1229 2857 1258 2878 la-

411 2900 485 2919 xasset
498 2897 665 2925 blasphemam,
678 2900 747 2924 tauta,
760 2900 784 2919 ut
801 2898 878 2923 fertur,
892 2897 969 2919 diviua
983 2896 1067 2918 ultione
1080 2902 1204 2924 percussus
1216 2898 1257 2923 est,

412 2940 437 2959 ut
454 2937 553 2964 paralysi
571 2937 695 2959 dissolutus
721 2939 742 2958 et
764 2937 825 2964 lepra
849 2942 969 2963 respersus
991 2935 1104 2964 interiret⁷
1126 2936 1257 2963 exemplum

412 2976 543 3003 relinquens
561 2975 680 3002 omuibus,
699 2978 722 2997 ut
747 2976 826 3001 sciant,
844 2976 918 2997 lesum
941 2981 1037 2997 snorum
1056 2980 1105 2997 esse
1128 2980 1257 3002 pauperum

412 3014 592 3036 defensorem».
609 3015 713 3035 Analecta
732 3014 852 3041 Francise„
870 3017 923 3035 tom.
942 3014 973 3036 111.
991 3020 1044 3041 pag.
1062 3013 1116 3035 326.

1302 285 1336 305 ex
1353 277 1445 305 codice
1460 276 1579 313 quodam
1598 274 1786 312 Burgbesiano
1801 276 1887 307 (nnnc
1903 273 2032 302 Vaticano
2045 274 2067 303 ¹)
2088 280 2151 301 cum

1304 333 1402 361 magna
1423 323 1615 360 probabilitate
1636 322 1772 350 inferatur
1794 330 1856 350 eum
1878 321 1902 349 P.
1918 320 2046 349 Denille2
2067 320 2152 348 fuisse

1302 371 1455 399 Gerardum
1477 370 1511 399 de
1532 369 1721 402 abbatisvilla,
1745 368 1918 405 magistrum.
1947 367 2048 395 Contra
2078 367 2153 395 1111110

1303 426 1415 455 quoque
1430 418 1551 446 libellum
1565 416 1681 445 confecit
1693 416 1886 444 Bonaventura
1903 414 2074 451 praeclarum
2087 422 2154 450 opu-

1303 466 1411 494 sculum
1442 464 1605 501 inscriptum
1633 462 1777 500 Apologyict
1800 470 1982 499 pauperem,
2005 461 2152 497 incipiens:

1308 523 1321 536 «
1337 512 1440 540 Summi
1458 510 1620 547 legislatoris
1631 522 1644 535 »
1664 513 1725 543 etc„
1741 509 1767 537 in
1783 517 1839 546 quo
1854 508 1989 545 opusculo
2003 508 2153 536 calumnia-

1306 562 1391 586 torem
1416 559 1498 591 hunc,
1514 558 1595 586 tacito
1617 560 1706 585 tamen
1730 557 1790 584 eius
1811 556 1930 589 nomine,
1945 555 2037 584 acrius
2053 555 2154 583 refutat

1304 613 1387 641 quam
1410 604 1593 638 Gulielmium,
1616 604 1681 641 quia
1702 608 1769 632 tunc
1799 603 1875 632 Sedis
1903 602 2068 639 apostolicae
2090 609 2154 630 con-

1304 651 1459 679 demnantis
1481 651 1603 680 libellum
1627 651 1763 679 Guillelmi
1786 650 1921 679 sententia
1943 650 1969 678 in
1993 658 2022 678 re
2045 653 2154 678 contro-

1305 706 1384 726 versa
1406 699 1459 726 iam
1481 702 1541 726 erat
1564 699 1623 726 lata.
1640 698 1746 734 Scripta
1767 701 1859 726 autem
1881 700 1923 725 est
1943 697 2009 725 baec
2030 696 2155 733 apologia

1306 745 1482 782 sequioribus
1509 746 1603 779 annis,
1632 748 1659 773 et
1687 745 1797 782 quidem
1826 745 1850 772 S.
1876 744 2068 772 Bonaventura
2096 744 2155 772 exi-

1306 795 1394 820 stente
1416 792 1468 820 iam
1490 792 1614 820 Ministro
1635 792 1771 828 generali,
1794 795 1825 820 ut
1846 792 1933 828 liquet
1954 799 1990 820 ex
2012 791 2155 819 Chronicis

1307 840 1386 867 xxtv
1408 839 1599 873 Generalium,
1623 839 1679 868 sive
1700 839 1859 867 accuratius
1881 847 1934 867 nou
1960 841 2024 867 ante
2051 845 2155 866 annum

1311 886 1382 915 1268
1405 886 1447 914 vel
1473 887 1562 920 1269,
1585 889 1616 914 111
1637 885 1762 914 concludi
1797 889 1885 922 potest
1906 893 1940 914 ex
1964 893 1986 913 c.
2012 886 2046 913 1Ξ.)
2070 885 2156 921 ipsius

1306 933 1460 969 apologiae:
1489 944 1502 957 «
1518 933 1561 961 llis
1583 933 1654 961 enim
1677 933 1765 961 modis
1793 933 1926 961 vixerunt
1949 933 2082 960 hactenus
2104 932 2157 960 1111-

1307 980 1423 1008 iusmodi
1448 988 1583 1016 pauperes
1616 980 1641 1008 in
1675 988 1772 1017 magua
1802 979 1979 1008 multitudine
2000 979 2156 1016 seoectyz'ma

1307 1035 1401 1054 attritos
1422 1031 1445 1054 ct
1468 1027 1597 1063 amptius
1613 1027 1661 1055 ³».

1654 1121 1748 1149 CAPUT
1770 1121 1809 1148 111.

1310 1216 1348 1243 De
1370 1216 1397 1243 S.
1421 1216 1646 1243 nortweiam-cte
1668 1215 1698 1243 ἰἠ
1720 1215 1889 1243 altimetriam
1917 1214 2079 1252 yenerctlem
2107 1214 2158 1243 ele-

1387 1263 1477 1291 ctione
1498 1267 1523 1290 et
1544 1263 1577 1290 [le
1605 1262 1706 1290 ceteris
1728 1266 1853 1299 tempore
1878 1261 2068 1298 qeneralants
2096 1261 2158 1290 01113

1384 1310 1480 1347 gestis.

1391 1406 1413 1431 1.
1437 1404 1506 1431 Dum
1535 1403 1726 1432 b'onaventura
1759 1403 1867 1431 Parisiis
1897 1405 2036 1436 moratur,
2060 1403 2158 1431 Romae

1309 1451 1460 1479 volvuntur
1492 1451 1563 1479 facta
1591 1450 1691 1479 summi
1722 1451 1861 1479 momenti.
1896 1450 1999 1479 Etenim
2036 1451 2159 1478 «Frater

1309 1499 1421 1526 loannes
1443 1498 1487 1534 (de
1511 1498 1626 1533 Parma),
1647 1498 1769 1526 Minister
1783 1498 1929 1534 generalis,
1944 1500 2093 1526 convocato
2110 1497 2159 1525 Ro-

1310 1553 1368 1573 mae
1390 1545 1516 1582 Capitulo
1536 1545 1673 1581 generali,
1696 1553 1767 1573 anno
1788 1545 1823 1573 ab
1845 1545 2032 1573 incarnatione
2052 1544 2158 1572 Domini

1309 1592 1493 1629 computando
1518 1593 1607 1626 1256,
1629 1592 1781 1621 seeundum
1805 1592 1864 1620 illos
1884 1600 1957 1625 vero,
1979 1591 2026 1628 qui
2049 1600 2064 1619 a
2085 1591 2158 1619 Nati-

1310 1640 1392 1668 vitate
1424 1642 1601 1676 computant,
1623 1647 1666 1667 an.
1692 1641 1775 1673 1257,
1798 1639 1824 1667 in
1857 1639 1925 1667 festo
1959 1638 2158 1667 Purificationis

1310 1688 1338 1723 (Ξ)
1361 1686 1515 1721 Februarii)
1541 1687 1636 1715 beatae
1669 1687 1784 1721 Mariae,
1815 1687 1839 1714 in
1873 1686 2028 1723 praesentia
2055 1685 2157 1714 domini

1310 1734 1454 1762 Alexandri
1479 1734 1564 1770 Papae
1588 1734 1648 1762 tv...
1670 1741 1733 1762 cum
1756 1733 1914 1761 omnimoda
1942 1732 2158 1769 importunitatis

1311 1781 1454 1815 instantia,
1477 1781 1638 1817 impotentia
1659 1781 1790 1817 allegata,
1805 1788 1821 1808 a
1836 1780 1989 1809 ministerio
2010 1788 2039 1808 se
2054 1779 2157 1808 absolvi

1311 1828 1453 1857 obtinuit⁴¹
1467 1840 1492 1855 ».
1517 1828 1615 1856 sseatus
1636 1828 1709 1856 enim
1731 1828 1775 1856 ille
1797 1827 1848 1861 vir,
1870 1827 1996 1855 doctrina
2017 1830 2043 1855 et
2058 1827 2158 1855 sancti-

1312 1880 1365 1904 tate
1387 1875 1543 1909 eminens⁵,
1565 1883 1628 1903 cum
1652 1883 1703 1903 non
1727 1875 1868 1908 deessent,
1897 1874 1943 1911 qui
1970 1874 2020 1911 ipsi
2050 1874 2158 1910 regula-

1311 1925 1348 1952 ris
1369 1923 1560 1952 observantiae
1582 1922 1704 1951 studioso
1729 1922 1958 1955 adversarentur,
1983 1921 2159 1958 generalatus

1374 2034 1380 2046 ¹
1399 2034 1444 2056 Ct'r.
1462 2037 1516 2056 tom.
1536 2034 1589 2055 Vlll.
1610 2039 1665 2061 pag.
1683 2033 1726 2055 233
1745 2039 1811 2061 seqq.
1828 2035 1850 2055 et
1872 2032 1927 2055 ibid.
1949 2035 1994 2054 not.
2013 2033 2034 2054 2.
2055 2038 2119 2060 seqq.
2137 2033 2159 2053 et

1311 2074 1366 2096 ibid.
1385 2075 1475 2101 Proleg.
1493 2079 1548 2101 pag.
1565 2073 1643 2095 LXVl.

1374 2111 1382 2124 ²
1400 2112 1583 2139 Cliartularinm,
1602 2115 1657 2133 tom.
1675 2112 1689 2133 Ι.
1708 2117 1762 2139 11ος.
1781 2111 1832 2137 1115,
1851 2114 1896 2132 uot.
1916 2111 1937 2132 2.

1374 2150 1383 2163 ³
1401 2152 1444 2173 Cfr.
1462 2155 1517 2173 tom.
1536 2151 1589 2173 Viti.
1608 2157 1661 2178 pag.
1679 2151 1723 2172 233
1741 2156 1805 2178 seqq.

1374 2190 1382 2202 ⁴
1400 2190 1510 2213 Chronica
1530 2190 1604 2212 XXlV
1623 2190 1782 2217 Generalinm,
1800 2189 1908 2211 Analecta
1924 2189 2045 2215 Francise,
2059 2191 2114 2210 tom.
2127 2187 2158 2209 ttt.

1312 2237 1366 2258 pag.
1384 2231 1436 2257 ²286,
1455 2230 1508 2252 287.

1372 2268 1381 2281 ⁶
1399 2269 1508 2291 Chronica
1528 2269 1602 2291 XXlV
1620 2268 1764 2291 Generalium
1784 2268 1916 2290 immediate
1934 2269 1986 2295 pust
2002 2267 2067 2288 citata
2087 2265 2157 2288 verba

1311 2309 1410 2336 allegant
1427 2308 1498 2330 verba
1518 2308 1600 2330 Fratris
1619 2308 1736 2336 Peregrini
1760 2308 1788 2330 de
1813 2307 1924 2334 Bononia,
1947 2307 2075 2329 secundum
2099 2312 2159 2334 quae

1311 2351 1454 2377 sequeretur,
1481 2348 1587 2369 loannem
1614 2347 1683 2369 fnisse
1700 2347 1765 2376 quasi
1789 2350 1893 2369 coactum
1917 2346 2035 2374 deponere
2057 2345 2158 2367 ollicium

1311 2394 1387 2410 snum.
1407 2388 1488 2409 Dicunt
1505 2387 1580 2408 euim:
1602 2396 1612 2406 α
1625 2387 1701 2408 Frater
1723 2390 1798 2408 tamen
1817 2386 1954 2413 Peregrinus
1971 2385 2000 2407 de
2018 2385 2118 2407 Bononia
2137 2385 2158 2406 iu
2195 2408 2199 2411 ,

1311 2433 1351 2448 sua
1370 2426 1481 2448 Chronica
1500 2426 1532 2447 sic
1550 2426 1616 2451 dicity
1633 2425 1697 2453 quod
1721 2425 1756 2446 liic
1779 2425 1895 2447 Generalis
1913 2426 2035 2452 postquam
2055 2423 2083 2445 de
2101 2423 2160 2450 lega-

1313 2466 1373 2487 tione
1391 2465 1499 2487 Graeciae
1518 2465 1558 2486 suit
1575 2470 1694 2491 reversus,
1713 2464 1808 2486 aemulis
1825 2463 1897 2491 ipsius
1910 2464 1948 2492 qni
1962 2466 2025 2485 erant
2038 2463 2110 2489 multi,
2123 2468 2160 2484 ae-

1312 2505 1446 2527 cusantibtts
1471 2510 1524 2526 etim
1549 2504 1643 2526 domino
1666 2504 1740 2531 Papae
1758 2503 1898 2530 Alexandro,
1917 2503 1977 2524 idem
1997 2503 2056 2529 Papa
2075 2501 2118 2523 sibi
2137 2501 2159 2522 in

1312 2547 1399 2565 secreto
1418 2543 1545 2571 praecepit,
1563 2543 1625 2571 quod
1644 2543 1784 2564 renuntiaret
1801 2542 1877 2564 officio
1895 2544 1916 2563 et
1933 2541 1995 2570 quod
2014 2540 2159 2562 nullomodo

1311 2583 1444 2610 assentirety
1462 2582 1479 2604 si
1499 2582 1590 2603 Ministri
1616 2587 1670 2603 eum
1694 2582 1776 2603 vellent
1803 2581 1824 2603 in
1843 2581 1918 2603 officio
1937 2580 2041 2602 retinere.
2060 2580 2097 2607 ‚Et
2115 2585 2159 2607 ego

1313 2622 1478 2649 (Peregrinus),
1500 2621 1586 2649 inquit,
1609 2621 1631 2642 in
1654 2620 1758 2648 Capitulo
1781 2621 1811 2642 fui
1835 2619 2115 2646 mediatorinteripsum
2137 2621 2159 2640 et

1313 2661 1447 2683 Miuistros‘.
1465 2661 1490 2682 lit
1507 2661 1550 2682 hoe
1568 2660 1626 2688 (seit.
1647 2664 1727 2682 auctor
1753 2660 1837 2682 Clirou.
1856 2660 1928 2682 xxw
1955 2660 2021 2686 Gen.)
2041 2658 2111 2680 habui
2129 2657 2159 2679 al)

1312 2706 1351 2722 ore
1368 2701 1418 2721 eins
1430 2708 1439 2719 n
1463 2700 1606 2728 (Peregrini).
1624 2700 1728 2721 Attamen
1747 2699 1787 2721 iste
1806 2699 1954 2726 Peregrinus,
1972 2698 2080 2726 qutunvis
2097 2697 2159 2719 testis

1312 2739 1428 2765 oculatus,
1447 2741 1497 2766 post
1513 2744 1583 2767 quem
1601 2739 1698 2760 eandem
1718 2744 1766 2760 rem
1785 2740 1863 2766 postca
1881 2738 1956 2760 retulit
1978 2738 2091 2759 Marianus
2111 2737 2160 2758 Flo-

1313 2778 1415 2800 rentiuus
1432 2778 1455 2799 in
1472 2778 1519 2799 suis
1536 2777 1667 2804 catonicis,
1685 2783 1729 2799 11011
1748 2780 1848 2799 meretur
1866 2777 1943 2799 fidem.
1961 2776 2054 2798 Constat
2070 2782 2096 2797 ex
2114 2781 2159 2797 una

1314 2820 1385 2845 parte,
1398 2823 1451 2839 eum
1466 2817 1533 2839 fnisse
1547 2818 1658 2838 lentorem
1677 2817 1779 2839 factionis
1796 2816 1889 2839 alterius
1901 2822 1927 2838 ac
1940 2815 2036 2844 proinde
2053 2815 2160 2837 adversa-

1313 2856 1372 2878 rium
1397 2856 1496 2882 loannis;
1513 2862 1540 2878 ex
1557 2856 1625 2877 altera
1650 2859 1714 2883 parte
1739 2856 1789 2878 eins
1817 2855 1972 2878 testimonium
1999 2858 2032 2876 est.
2059 2854 2158 2881 unicum,

1313 2895 1377 2924 quod
1395 2895 1544 2917 consideratis
1563 2894 1697 2916 testimoniis
1720 2895 1794 2922 magis
1821 2894 1866 2916 tide
1891 2894 1967 2922 dignis
1992 2893 2121 2915 Salimbene
2137 2895 2160 2915 et

1314 2934 1422 2956 Bernardi
1441 2934 1470 2956 de
1486 2935 1566 2961 Bessa,
1586 2934 1670 2956 nullum
1693 2937 1727 2955 est
1748 2934 1889 2956 vocandum.
1910 2934 1970 2955 idem
1989 2933 2113 2955 dicendum
2131 2932 2159 2953 de

1314 2974 1414 2995 Mariano
1432 2973 1503 2995 multo
1521 2973 1656 3000 posteriore.
1677 2972 1723 2995 Cfr.
1739 2973 1774 2995 Fr.
1793 2973 1859 3000 Lnigi
1882 2973 1909 2994 da
1932 2973 2026 2998 Parma,
2050 2971 2099 2992 Vita
2123 2970 2158 2992 del

1315 3013 1382 3035 Beato
1400 3012 1511 3034 Giovanui
1525 3012 1552 3034 da
1572 3013 1663 3039 Parma,
1682 3018 1736 3039 pag.
1753 3012 1833 3038 tis-03,
1852 3011 1977 3039 Quaracclii
2000 3011 2064 3032 1900.

1717 3099 1733 3111 η,
