2269 3448
661 213 760 241 iNDEX
782 212 1022 241 ALPllxssttTlcth
1044 212 1122 240 ΝΟΝΙ
1145 211 1331 241 VOLUMthS.

362 253 421 275 llUM

111 293 157 315 Deo
175 292 221 315 576
238 299 250 315 a
268 305 297 308 ——
318 292 378 315 Deus
396 292 488 314 humilia
502 292 594 320 respicit
607 292 651 314 676
664 297 676 313 a

110 345 140 349 —
158 331 224 354 Menti
249 331 381 354 humiliatae
408 332 468 353 Deus
492 334 588 359 apparet
609 334 631 353 et
654 330 676 352 in

110 378 136 394 ea
154 371 278 400 requiescit
295 370 348 393 ibid.
366 383 396 387 —
414 370 458 399 Qui
475 377 500 392 se
518 370 594 398 ipsum
613 370 633 392 in
647 369 676 392 ni-

111 411 181 433 hilum
199 410 283 437 redigit
300 410 406 432 divinam
424 416 518 431 13311331
544 413 677 437 exspectare

111 452 185 478 potest
201 449 247 471 694
266 449 280 471 1)
296 461 327 465 -
345 450 547 477 ltocognoseeutes
558 454 624 470 suam
639 448 677 470 im-

110 489 234 518 potentiam
253 489 326 511 salvat
344 488 456 511 Dominus
474 488 518 509 189
537 487 552 509 1)

158 541 185 544 —
210 529 251 550 Der
277 528 428 550 humilitatem
451 527 525 549 solum
552 532 677 554 possumus

111 568 189 590 venire
207 568 237 590 ad
254 567 414 590 exaltationem
432 567 454 589 in
473 566 589 594 praesenti
606 568 628 588 ct
654 565 676 587 in

112 609 188 629 futuro
201 607 245 629 305
258 606 273 629 b
285 619 316 623 —
328 606 417 628 Christo
429 612 470 628 nos
482 606 568 628 similes
586 605 638 627 facit
656 605 676 627 iu

111 647 147 669 via
161 651 183 669 et
195 647 217 668 in
228 646 300 674 patria
311 646 356 667 506
366 651 377 667 3
390 658 417 661 -
428 645 472 674 Qui
484 651 509 667 se
522 645 596 672 magis
605 644 677 666 humi-

111 686 147 708 liat
161 686 235 713 magis
247 685 382 708 exaltabitur
394 688 416 707 01
428 684 467 713 qui
485 691 509 706 se
528 684 626 706 maxime
639 684 678 705 hu-

111 725 182 747 miliat
196 725 295 748 maxime
312 724 447 747 exaltabitur
459 723 504 746 545
517 723 532 745 1)
545 736 574 739 -
587 724 677 752 Quanto

110 765 162 794 quis
175 765 196 787 in
209 765 254 786 vita
267 767 301 786 est
314 764 429 791 humilior,
443 766 503 786 tanto
521 763 543 785 in
555 763 618 785 caelo
635 762 678 784 erit

110 804 231 827 sublimior
250 804 294 826 596
312 810 332 826 a.
351 804 395 825 696
414 803 429 825 1)
447 815 477 819 -
495 802 559 824 Ratio
577 801 631 824 ibid.

158 856 185 859 —-
204 843 309 866 Christus
326 843 393 865 [10001
408 848 449 864 nos
462 842 515 870 pati,
528 841 638 869 vilipendi
656 843 678 862 et

111 883 214 905 vilificari
232 882 262 905 54
280 889 291 904 3
309 894 339 898 -
356 881 460 904 Christus
477 881 566 909 positus
580 880 601 902 in
614 885 678 908 prae-

111 922 175 950 sepio
201 922 269 944 docet
294 927 336 943 nos
361 920 513 943 humilitatem
540 920 584 941 102
612 918 626 941 b
647 931 677 934 —

111 960 214 983 Christus
230 961 260 983 ad
278 961 322 983 hoe
340 959 465 988 praecipue
491 965 573 987 passus
590 961 635 986 est,
654 960 678 980 ut

111 1006 153 1022 nos
170 1000 264 1022 doceret
281 999 433 1022 humilitatem
452 999 496 1020 298
515 997 529 1020 b
541 1010 572 1013 —
585 998 626 1019 Per
638 998 677 1019 hu-

112 1039 229 1062 militatem
247 1039 351 1061 Christus
368 1038 440 1060 voluit
452 1038 572 1060 destruere
584 1042 676 1059 omnem

111 1078 245 1107 superbiam
264 1078 293 1100 28
312 1077 326 1100 b

158 1130 189 1134 —-
206 1118 316 1146 Exemplo
342 1117 403 1145 regis
428 1116 541 1139 humiliati
566 1115 635 1138 ceteri
656 1115 678 1137 li·

112 1157 192 1180 bcnter
210 1157 393 1180 humiliabuntur
406 1157 452 1178 718
464 1156 480 1178 b
496 1168 527 1172 —
544 1156 591 1178 Non
609 1154 679 1178 debet

111 1197 249 1219 erubescere
268 1196 400 1219 membrum
421 1196 572 1218 deiectionem
590 1194 679 1217 humili-

112 1237 170 1265 tatis,
182 1243 253 1265 quam
268 1236 332 1258 novit
349 1235 501 1264 praecessisse
518 1235 540 1257 13
557 1234 632 1262 capite
649 1234 678 1255 28

113 1276 135 1299 b.
153 1276 198 1299 203
217 1276 232 1298 b
255 1285 257 1289 ·

159 1328 191 1332 —
208 1315 255 1337 N'on
281 1317 315 1337 051
340 1314 481 1341 timendum,
499 1320 541 1336 nos
564 1313 678 1335 humiliari

112 1356 176 1384 plus,
185 1361 256 1384 quam
269 1355 354 1376 veritas
366 1353 449 1376 habeat
461 1353 505 1375 393
519 1352 534 1375 1)
546 1365 576 1369 -
588 1352 680 1375 Grande

114 1396 200 1417 malum
218 1397 265 1421 est,
283 1394 301 1416 si
320 1394 355 1416 vel
374 1393 492 1416 modicum
506 1393 557 1420 plus
569 1398 625 1414 vero
638 1398 680 1414 1105

113 1435 249 1457 extollamus
274 1433 329 1456 ibid.
358 1446 385 1448 —
412 1432 529 1455 Debemus
547 1431 679 1454 305113131-

113 1474 168 1496 liare
185 1474 244 1496 sicut
269 1473 349 1501 Augeli
376 1472 436 1495 beati
462 1472 506 1494 627
529 1470 544 1493 1)
562 1484 589 1486 -
610 1470 680 1493 Debe-

114 1519 166 1535 mus
184 1512 300 1535 humiliari
322 1511 366 1534 sub
392 1518 463 1534 manu
483 1511 521 1533 Dei
540 1510 680 1536 ulciscentis,

114 1552 247 1579 tribuentis,
276 1551 432 1580 protegentis,
458 1550 606 1578 praemiantis
634 1549 679 1571 370

113 1598 134 1619 a,
153 1592 167 1614 b
184 1604 215 1608 —
232 1591 376 1614 Christianus
393 1589 462 1613 debet
474 1589 589 1612 humiliari
601 1595 680 1611 coram

113 1632 162 1654 Deo
179 1634 201 1654 et
224 1631 340 1659 proximo,
359 1631 381 1652 in
406 1636 431 1652 se
456 1632 478 1651 et
495 1635 573 1651 coram
592 1628 680 1650 mundo

115 1672 159 1693 263
178 1677 190 1693 3
208 1683 237 1686 —
256 1673 280 1693 ut
297 1670 325 1693 sit
350 1669 479 1697 meritoria,
498 1668 567 1691 debet
589 1674 640 1690 esse
657 1668 680 1689 in

115 1717 198 1738 opere,
215 1716 255 1732 ore
272 1713 294 1732 et
311 1710 381 1732 corde
399 1709 444 1731 392
462 1708 477 1730 b
493 1721 525 1725 —-
542 1708 608 1730 Tunc
624 1707 681 1729 acci-

115 1750 163 1778 piet
181 1750 312 1778 praemium
339 1749 439 1777 gratiae,
462 1748 573 1775 iustitiae,
595 1747 681 1775 gloriae

114 1790 159 1812 393
178 1789 193 1811 b
210 1802 240 1805 —
257 1789 327 1811 debet
344 1788 421 1810 omnia
439 1793 510 1816 opera
524 1790 599 1809 nostra
617 1792 682 1814 prae-

115 1830 206 1856 cedere,
224 1828 328 1851 comitari
346 1831 368 1850 et
384 1827 496 1856 consequi
514 1827 557 1848 :368
572 1832 593 1848 a.
605 1826 650 1848 389
669 1832 681 1848 a

113 1881 144 1885 ·—
157 1867 274 1890 Debemus
286 1874 336 1890 esse
348 1867 446 1889 humiles
458 1866 480 1888 in
493 1865 616 1888 serviendo
629 1871 682 1893 pro—

115 1908 182 1931 ximis
206 1914 278 1936 opere
302 1907 339 1929 vel
362 1907 443 1929 saltem
465 1906 535 1928 eorde
558 1905 602 1927 577
621 1911 633 1926 3
653 1917 680 1920 -

115 1948 183 1970 Multo
210 1947 291 1969 melius
316 1950 361 1973 est,
378 1946 396 1968 si
419 1947 462 1968 hoc
481 1945 591 1967 iaciamus
612 1944 680 1966 etiam

115 1993 186 2015 opere
204 1986 258 2009 ibid.
277 1999 305 2002 —
324 1986 459 2013 Exemplum
477 1984 531 2008 ibid.

163 2039 193 2042 —
210 2029 245 2048 est
261 2025 390 2048 necessaria
409 2024 453 2047 466
471 2024 486 2047 b
499 2037 529 2039 —
541 2024 595 2045 Sine
607 2023 682 2045 humi>

115 2065 176 2088 litate
193 2071 239 2087 non
257 2067 333 2093 potest
358 2070 409 2087 esse
430 2063 538 2092 patientia
556 2063 601 2085 285
619 2062 634 2085 1)
652 2075 682 2079 --

117 2105 170 2127 Sine
188 2105 238 2133 ipsa
256 2105 317 2126 Deus
334 2104 422 2126 nullum
441 2103 524 2131 accipit
542 2102 681 2125 sacrificium

118 2144 163 2167 435
181 2144 196 2166 b
212 2157 242 2160 —
259 2144 321 2166 111035
338 2150 363 2165 50
379 2142 449 2166 debet
466 2145 536 2165 totam
552 2142 682 2168 humiliare,

118 2187 142 2206 ut
159 2184 188 2206 sit
204 2180 288 2206 idonea
309 2183 338 2205 ad
360 2182 508 2210 suscipienda
526 2181 587 2204 dona
604 2181 682 2203 divina

117 2223 161 2245 338
180 2223 204 2245 1).
221 2223 265 2244 339
284 2229 296 2245 3
314 2235 344 2238 -
362 2221 407 2250 Qui
424 2221 473 2244 sine
493 2221 620 2243 humilitate
637 2220 683 2242 vir—

117 2265 177 2284 tutes
194 2265 322 2290 congregat
344 2261 410 2290 quasi
435 2261 556 2289 pulverem
580 2262 631 2281 ante
655 2260 683 2281 ia-

117 2301 176 2324 ciem
189 2301 249 2323 venti
263 2303 339 2329 portat
352 2300 395 2322 476
406 2300 428 2322 b.
438 2299 482 2321 573
493 2306 514 2326 a,
526 2298 541 2321 b
550 2311 580 2315 —
592 2299 645 2321 Sine
657 2304 683 2320 ea

167 2577 230 2599 lxaoc
250 2589 278 2592 -
295 2576 459 2603 interpretatur
476 2578 565 2597 torrens
581 2574 685 2602 pulveris

120 2617 165 2639 617
183 2623 194 2638 3
207 2629 238 2633 -
249 2615 365 2644 significat
381 2614 557 2637 mutabilitatem
569 2616 685 2641 tempora-

120 2656 175 2678 lium
193 2655 247 2678 ibid.

167 2696 231 2717 lacon
250 2707 278 2710 —
301 2694 463 2722 interpretatur
488 2693 585 2715 luctator
614 2691 655 2714 104
672 2698 684 2714 3

120 2747 150 2751 -
174 2734 335 2762 iuterpretatur
355 2733 515 2761 supplantator
535 2733 579 2754 232
600 2738 621 2754 a.
640 2731 685 2754 272

120 2774 136 2796 b
153 2786 183 2790 —
200 2777 295 2802 propter
311 2771 530 2800 contemplationem
553 2770 685 2793 caelestium

120 2816 217 2836 vocatus
241 2816 276 2835 est
302 2811 368 2834 lsrael
395 2811 438 2833 609
465 2810 480 2833 1)
505 2823 533 2826 -
562 2811 636 2833 factus
652 2812 686 2832 est

120 2853 253 2875 claudicans
270 2852 314 2874 578
333 2857 345 2873 a
364 2863 392 2866 —
410 2852 532 2878 susceptus
543 2852 577 2872 est
596 2849 626 2871 ad
643 2849 686 2871 mi-

121 2892 279 2918 sericordiam,
292 2894 316 2913 ut
327 2891 356 2913 de
369 2896 453 2918 genere
470 2891 519 2911 eius
530 2889 686 2917 susciperetur

123 2931 162 2953 Dei
184 2931 253 2953 Filius
275 2929 328 2953 ibid.
351 2942 381 2946 -—
405 2930 426 2951 ln
452 2929 501 2951 eius
526 2928 687 2951 benedictione

122 2971 234 2998 figuratur
246 2969 329 2992 Christi
345 2968 475 2991 benedictio
492 2968 597 2996 specialis
613 2967 659 2989 684
671 2967 686 2989 b

122 3024 152 3027 —
169 3013 204 3032 est
221 3010 294 3038 figura
312 3009 396 3032 Christi
413 3009 457 3030 666
476 3008 490 3030 b

711 297 756 313 uon
770 297 937 319 praeparamus
949 290 1105 313 habitaculum
1120 290 1224 317 Domino,
1237 290 1277 312 sed

713 330 824 352 Pharaoni
842 330 887 352 676
906 337 917 352 3

758 382 788 386 -
805 370 858 391 Siue
876 370 1002 392 humilitate
1020 369 1094 391 nullus
1112 372 1186 396 potest
1204 369 1232 391 ad
1246 375 1278 390 rc-

711 415 783 437 gnum
802 409 924 436 pervenire
946 409 986 430 150
998 415 1010 430 a
1023 421 1053 424 -
1066 409 1119 430 Sine
1131 414 1156 429 03
1170 414 1214 430 3011
1229 414 1279 435 pos·

711 454 793 470 sumus
811 448 896 470 intrare
914 448 935 469 111
955 447 1090 475 paradisum
1109 447 1153 468 627
1173 447 1252 469 61128
1265 453 1277 468 3

712 500 741 503 —
760 487 805 509 Nisi
823 488 892 509 homo
912 487 976 515 prius
993 487 1079 509 sederit
1095 486 1149 508 sella
1167 486 1278 508 humilita-

713 527 753 553 tis,
771 526 867 554 iungere
893 533 939 548 non
965 528 1040 554 potest
1066 526 1086 547 111
1111 525 1276 553 experientiam

711 566 850 588 aeternitatis
868 566 913 587 529
930 572 942 587 3
961 578 991 581 -
1008 564 1104 592 Oportet
1115 564 1231 587 Christum
1245 565 1279 586 vi-

713 605 768 627 dere
786 605 862 633 primo
880 605 902 626 in
921 604 1060 631 humilitate,
1076 604 1116 633 qui
1134 604 1211 632 ipsum
1230 604 1279 626 vult

712 645 792 667 videre
811 645 832 666 in
851 644 992 666 sublimitate
1014 643 1055 666 149
1074 650 1085 665 3
1099 656 1129 660 -
1142 643 1186 665 Nisi
1206 643 1278 665 humi-

711 684 793 706 liemur
811 684 908 706 totaliter
926 684 947 705 in
965 683 1015 710 via,
1028 689 1073 705 303
1091 682 1243 705 exaltabimur
1256 682 1279 704 in

712 724 784 751 patria
803 723 848 745 394
866 729 878 745 3

760 775 788 778 —-
806 763 839 785 Ad
857 769 908 784 cam
927 762 1062 790 pervenitur
1079 761 1226 790 quadruplici
1244 767 1279 784 se-

713 803 765 824 mita
785 802 829 824 596
848 808 859 824 3
878 814 908 818 -
925 804 1077 824 conservatur
1103 807 1144 829 per
1166 800 1279 829 gemitum

711 842 795 869 cordis,
813 841 929 863 silentium
948 841 1006 868 oris,
1032 840 1165 863 exercitium
1193 840 1278 862 laboris

712 885 734 903 et
750 883 910 908 contemptum
929 880 1023 902 honoris
1040 879 1084 901 597
1102 886 1123 907 a,
1142 879 1155 901 b

760 933 789 936 -
802 926 813 942 a
824 919 935 948 sapientia
946 919 1063 941 mundana
1073 918 1253 946 despicitur718
1265 918 1279 940 b

759 960 866 981 Iiuuousss
882 971 913 975 —
930 958 1033 986 corrupti
1052 958 1072 980 in
1097 964 1196 986 corpore
1213 963 1280 985 geue-

712 1003 762 1022 rant
778 999 880 1021 scabiem
899 1001 921 1020 et
938 998 1080 1027 quandoque
1098 998 1185 1025 lepram
1203 997 1244 1019 184
1258 997 1279 1019 b.

715 1039 758 1061 416
779 1038 792 1060 1)

759 1078 845 1100 11110131
871 1089 901 1094 —-
928 1077 1013 1099 farinae
1043 1076 1150 1104 designat
1178 1075 1280 1098 euchari-

712 1118 780 1140 stiam
799 1117 842 1139 548
861 1123 873 1138 3

759 1157 937 1179 llvnaomcus—
949 1156 969 1178 ln
983 1155 1032 1177 eius
1044 1155 1164 1177 curatione
1176 1154 1281 1182 designa>

713 1199 749 1219 tur
767 1196 855 1224 gratiae
873 1195 963 1222 infusio,
976 1195 1058 1223 culpae
1071 1194 1179 1222 expiatiO,
1193 1199 1281 1221 poenae

714 1236 821 1258 relaxatio
840 1235 884 1257 415
902 1242 914 1256 a

761 1276 892 1297 annortsts
905 1287 934 1290 —
947 1273 1102 1302 principaliter
1114 1272 1182 1295 habet
1194 1276 1239 1295 tres
1253 1273 1281 1294 es-

714 1316 786 1337 tectus
804 1315 847 1337 416
866 1320 877 1336 3
896 1326 926 1330 -
950 1314 976 1336 111
993 1313 1116 1341 designant
1133 1311 1279 1340 superbiam,

713 1354 834 1381 luxuriam,
852 1353 972 1375 avaritiam
991 1352 1044 1375 ibid.
1060 1364 1090 1368 —
1107 1352 1231 1380 spiritualis
1247 1354 1281 1373 est

714 1396 834 1421 peccatum
848 1392 900 1415 ibid.

761 1433 853 1455 annus
862 1445 890 1448 -
902 1432 956 1454 limo
970 1432 1093 1458 involutus,
1102 1431 1121 1453 si
1133 1431 1259 1458 deglutitur
1269 1435 1280 1451 a

714 1472 838 1499 crocodilo,
850 1472 941 1493 illaesus
954 1471 1084 1493 custoditur
1096 1470 1118 1492 in
1131 1470 1181 1492 eius
1193 1474 1281 1495 ventre,

714 1515 743 1540 et,
760 1512 861 1534 resoluto
879 1511 933 1537 luto,
951 1510 1047 1538 dissipat
1064 1512 1195 1532 voratorem
1209 1509 1253 1530 282
1267 1508 1281 1530 1)

762 1552 891 1572 11111100111515
907 1563 938 1565 -
955 1552 1052 1571 vocatur
1075 1550 1117 1571 llos
1140 1548 1215 1576 pictus
1235 1548 1279 1569 286

715 1590 729 1612 1)
747 1603 777 1607 -
794 1590 887 1612 simulat
903 1589 1047 1611 sanctitatem
1065 1588 1164 1610 exterius
1177 1590 1199 1609 et
1216 1587 1282 1615 tingit

714 1636 785 1658 opera
802 1635 853 1651 esse
870 1632 960 1655 sancta,
977 1628 1034 1650 dum
1052 1628 1129 1649 anima
1142 1627 1236 1649 interius
1248 1628 1282 1648 est

715 1672 760 1691 tota
779 1671 869 1691 mortua
892 1668 937 1690 520
962 1667 975 1689 b
992 1680 1023 1683 —
1041 1667 1151 1689 Simulata
1177 1666 1281 1694 aequitas

715 1711 749 1731 cst
774 1708 858 1736 duplex
881 1707 990 1736 iniquitas
1016 1706 1060 1728 210
1079 1706 1101 1728 b.
1120 1706 1163 1727 278
1182 1711 1195 1727 a
1213 1718 1243 1721 —
1260 1708 1282 1727 et

715 1748 787 1776 gratia
808 1747 846 1769 Dei
864 1749 917 1769 sunt
933 1746 1050 1774 disparata
1069 1745 1113 1767 520
1132 1751 1151 1773 a,
1170 1745 1184 1767 b
1197 1757 1227 1760 —
1240 1745 1282 1766 Per

715 1793 766 1809 eam
785 1786 905 1815 perdimus
923 1786 1033 1808 ducatum
1051 1785 1134 1807 Mariae
1156 1784 1197 1806 150
1217 1783 1230 1805 b

762 1826 889 1848 Hrrocnrrx
907 1838 937 1841 ——
961 1828 1058 1847 vocatur
1080 1824 1119 1852 qui
1142 1829 1182 1846 ore
1207 1823 1280 1845 Deum

717 1865 831 1888 benedicit
847 1868 869 1887 et
886 1865 957 1887 corde
974 1864 1034 1886 aliud
1055 1863 1152 1886 intendit
1170 1863 1213 1884 687
1227 1868 1239 1884 a
1253 1875 1280 1878 —

716 1905 810 1934 inquirit
827 1905 927 1927 exterius
944 1904 973 1926 de
991 1903 1116 1925 virtutibus
1133 1906 1155 1925 et
1172 1902 1235 1924 aliud
1252 1902 1282 1924 in-

717 1945 788 1967 tendit
809 1944 850 1966 150
868 1943 883 1966 b
900 1956 930 1960 —
948 1943 1010 1965 aliud
1033 1943 1120 1970 profert
1137 1943 1158 1964 in
1175 1947 1282 1964 sermone

716 1987 738 2006 et
755 1984 817 2006 aliud
843 1983 912 2006 habet
934 1983 956 2005 in
982 1982 1053 2005 corde
1076 1982 1121 2003 680
1144 1988 1157 2003 a
1179 1993 1210 1997 -—
1228 1981 1283 2003 soris

716 2026 828 2052 apparent
846 2022 913 2050 boni,
931 2022 972 2044 sed
991 2022 1011 2044 in
1024 2022 1114 2044 occulto
1127 2021 1211 2043 faciunt
1223 2021 1282 2042 mala

717 2063 761 2085 286
778 2062 794 2084 1)
811 2075 842 2078 -
859 2062 993 2089 designatur
1011 2067 1052 2089 per
1069 2060 1163 2082 sse1277
1176 2059 1198 2082 1).
1211 2060 1256 2081 716
1270 2065 1282 2081 a

715 2114 746 2118 —
763 2105 876 2124 vocantur
893 2101 974 2123 simiae
999 2100 1084 2123 diaboli
1102 2100 1146 2122 278
1164 2105 1176 2121 3
1194 2112 1223 2115 —
1242 2105 1283 2121 110-

717 2143 792 2163 tantur
810 2147 850 2169 per
867 2141 942 2163 stellas
960 2145 1081 2168 percussas
1098 2139 1142 2160 719
1161 2138 1176 2160 b
1188 2151 1218 2154 —
1230 2140 1283 2160 sunt

716 2181 792 2204 stellae
811 2187 851 2208 per
873 2180 1033 2208 apparentiam
1056 2177 1110 2201 ibid.
1128 2191 1158 2193 —
1175 2184 1220 2200 non
1238 2177 1281 2200 nisi

717 2221 772 2243 soris
790 2220 843 2248 picti
862 2222 915 2241 sunt
932 2219 977 2241 287
995 2225 1007 2240 a

764 2271 794 2276 —-
815 2259 845 2281 ad
871 2260 1022 2286 conspectum
1047 2257 1168 2279 hominum
1194 2259 1281 2278 tantum

717 2301 843 2326 operantur
861 2298 905 2320 278
924 2303 936 2319 3
953 2309 984 2313 -
996 2297 1122 2324 gloriantur
1135 2296 1156 2318 in
1169 2295 1283 2317 exteriori-

985 2429 1009 2475 Ι

766 2587 794 2590 —
813 2573 912 2601 Spiritus
929 2573 952 2595 S.
964 2572 1064 2595 ostendit
1074 2572 1105 2594 illi
1121 2571 1236 2593 visionem
1247 2576 1283 2592 or-

718 2616 786 2635 natus
803 2613 959 2635 hierarchicae
984 2611 1141 2639 dispositionis
1158 2611 1202 2632 609
1222 2609 1236 2632 b
1253 2621 1283 2625 —

718 2652 772 2675 Eius
788 2653 848 2675 visio
866 2652 1003 2680 mysterialis
1021 2651 1062 2673 suit
1080 2651 1125 2672 610
1143 2656 1156 2672 a
1168 2662 1199 2666 —
1211 2650 1283 2677 Scala,

718 2698 789 2720 quam
807 2692 876 2720 vidit,
893 2691 1000 2718 designat
1017 2690 1128 2718 gratiam,
1141 2689 1248 2711 iustitiam
1262 2692 1285 2710 et

719 2732 856 2760 sapientiam
883 2731 928 2753 324
946 2736 958 2752 3
976 2743 1006 2746 -
1024 2730 1101 2756 Scala,
1119 2735 1189 2758 quam
1213 2728 1284 2755 vidit,

718 2771 833 2800 significat
859 2770 1028 2792 ordinationem
1056 2769 1173 2796 angelicae
1201 2768 1285 2790 hierar·

718 2811 791 2837 chiae,
808 2810 874 2833 cuius
892 2815 945 2838 pars
962 2811 996 2830 est
1013 2808 1034 2830 in
1052 2808 1145 2835 Angelis
1161 2810 1184 2829 et
1195 2813 1250 2835 pars
1261 2807 1285 2828 in

719 2849 842 2872 animabus
858 2849 943 2872 5330115
959 2848 1004 2870 610
1022 2854 1034 2869 3
1047 2860 1076 2863 —
1095 2847 1118 2869 ln
1135 2846 1285 2869 descensione

719 2893 741 2912 et
758 2888 891 2911 ascensione
908 2887 1049 2915 Angelorum
1075 2886 1098 2908 13
1123 2886 1182 2908 scala
1200 2885 1286 2913 signifi—

719 2932 784 2952 catur
809 2928 912 2956 ipsorum
931 2927 1015 2954 duplex
1037 2925 1140 2953 operatio
1162 2924 1207 2946 615
1225 2931 1236 2946 a
1255 2936 1285 2940 —

721 2968 782 2990 Dens
807 2967 891 2989 dicitur
915 2966 1006 2988 innixus
1032 2965 1107 2987 scalae
1133 2963 1213 2991 iacob⁷
1239 2969 1285 2985 non

721 3011 830 3036 tanquam
847 3008 1000 3032 sustentatus,
1018 3005 1057 3027 500
1076 3007 1186 3032 tanquam
1198 3006 1286 3025 susten—

1823 214 1876 242 125

1582 251 1626 275 lAC

1314 289 1357 312 bus
1375 290 1414 312 151
1437 297 1448 311 3
1465 302 1495 307 —
1513 290 1611 318 Spiritus
1628 291 1748 312 daemonis
1760 294 1793 313 est
1812 291 1832 313 iu
1845 291 1878 313 eis

1312 328 1367 351 ibid.
1384 341 1414 345 —
1433 330 1487 351 salso
1505 330 1660 357 praetendunt
1678 329 1786 351 iustitiam
1804 330 1848 351 278
1866 336 1878 351 3

1313 380 1343 383 -
1369 367 1441 395 bona,
1466 374 1527 397 quae
1554 368 1592 390 1)οἰ
1619 372 1683 396 suut,
1711 368 1754 390 sihi
1784 368 1877 391 ascribit

1313 407 1358 429 330
1376 414 1388 429 a

1360 458 1391 462 —-
1409 453 1454 468 nou
1473 446 1542 468 habet
1560 453 1625 474 spem
1639 449 1661 468 01
1673 446 1780 468 llduciam
1796 447 1817 468 iu
1832 447 1878 469 Deo

1318 485 1359 507 152
1378 485 1392 507 b
1412 498 1439 501 —
1458 492 1502 507 uon
1521 485 1590 507 habet
1607 485 1707 513 sigillum
1721 485 1821 507 caritatis
1834 486 1877 508 327

1313 524 1328 546 b
1339 537 1370 541 —
1382 531 1427 546 nou
1441 527 1596 553 assequuntur
1609 524 1732 552 puritatem
1750 525 1879 547 intentionis

1313 564 1359 586 655
1378 563 1392 586 1)
1413 577 1437 580 -
1458 564 1544 586 habeut
1568 564 1716 586 intentionem
1744 570 1877 591 perversam

1313 602 1357 624 570
1376 603 1391 625 b

1359 653 1390 657 —
1407 648 1454 664 non
1472 642 1546 664 solum
1571 641 1680 664 malitiam
1704 641 1815 669 diligunt,
1838 642 1878 663 sed

1312 681 1381 703 etiam
1400 681 1484 703 faciunt
1501 681 1545 703 278
1564 688 1576 703 3
1595 694 1624 697 -
1641 680 1717 703 statim
1736 681 1848 707 invident,
1861 681 1878 702 si

1313 720 1394 742 vident
1412 726 1498 747 33331,
1516 720 1554 749 qui
1574 724 1607 742 est
1634 726 1733 747 magnus
1751 720 1772 741 iu
1791 719 1879 742 artibus

1313 760 1349 781 vel
1367 760 1409 782 alia
1427 760 1518 782 scientia
1538 760 1582 781 287
1600 766 1611 781 3
1627 772 1654 775 -—
1668 766 1712 781 non
1731 762 1829 787 possunt
1841 760 1879 781 ha-

1314 798 1369 821 bere
1387 799 1542 822 celebritatem
1569 799 1668 821 nominis
1693 799 1735 821 nisi
1755 805 1795 826 per
1812 799 1879 820 detri-

1315 841 1417 861 mentum
1444 839 1543 861 nomiuis
1568 839 1664 861 aliorum
1683 837 1736 861 ibid.
1754 850 1784 854 —
1802 838 1879 866 nequi-

1315 880 1348 900 ter
1360 884 1384 900 se
1397 878 1518 900 humiliant
1536 878 1581 900 595
1593 884 1605 899 a
1618 890 1649 894 -
1665 881 1717 899 sunt
1731 877 1813 899 falsarii
1827 883 1879 905 poe-

1314 917 1423 939 nitentiae
1441 918 1486 939 327
1505 917 1519 939 b
1537 929 1566 934 —
1584 918 1668 939 Eorum
1688 917 1825 945 poenitentia
1844 919 1878 939 cst

1314 957 1420 979 simulata
1446 956 1491 978 539
1514 963 1526 978 3
1544 969 1574 973 -
1601 955 1685 978 habent
1708 963 1747 978 cor
1769 956 1828 978 sicut
1849 957 1879 978 so·

1315 1002 1382 1017 veam
1401 996 1492 1023 plenam
1512 996 1611 1023 peccatis
1628 995 1682 1018 ibid.
1695 1008 1722 1011 ——
1737 995 1879 1023 phantastice

1315 1038 1402 1057 tantum
1428 1038 1527 1062 surgunt
1551 1041 1603 1057 cum
1632 1034 1733 1062 Christo,
1757 1040 1802 1056 non
1831 1034 1879 1056 Deo

1314 1078 1438 1102 operante,
1455 1074 1496 1096 sed
1514 1073 1606 1095 diabolo
1625 1074 1748 1101 instigante
1766 1074 1810 1095 277
1829 1073 1844 1095 b

1362 1125 1392 1129 —-
1409 1116 1497 1141 ponunt
1517 1113 1629 1135 maculam
1648 1113 1669 1134 in
1687 1113 1789 1134 ecclesiis
1810 1113 1854 1134 287
1867 1118 1878 1134 3

1315 1165 1345 1168 -
1363 1153 1403 1174 Per
1429 1152 1491 1180 ipsos
1514 1158 1583 1179 saepe
1610 1154 1706 1179 pereunt
1731 1151 1805 1173 studia
1825 1150 1878 1174 ibid.

1315 1204 1345 1208 —
1362 1191 1501 1214 conturbant
1523 1192 1636 1213 consortia
1660 1191 1798 1213 scholarium
1817 1190 1845 1213 ib.
1864 1190 1879 1212 b

1314 1244 1345 1248 -
1362 1232 1470 1254 dicuntur
1488 1231 1569 1259 vulpes
1587 1231 1699 1258 parvulae
1717 1229 1746 1253 ib.
1764 1237 1775 1251 a
1794 1242 1824 1246 —-
1842 1230 1879 1252 de-

1316 1271 1440 1293 moliuntur
1456 1271 1536 1292 vineas
1561 1269 1615 1293 ibid.
1634 1283 1660 1285 —
1681 1271 1765 1292 Eorum
1782 1270 1829 1291 vita
1846 1272 1881 1291 est

1314 1310 1447 1333 detestanda
1466 1313 1560 1338 propter
1586 1309 1681 1332 nimiam
1703 1315 1799 1337 operum
1817 1308 1881 1330 labo-

1315 1350 1453 1377 riositatem,
1471 1349 1638 1371 laboriosorum
1661 1355 1758 1377 operum
1776 1348 1882 1370 sterilita-

1315 1392 1374 1416 tem,
1389 1390 1470 1417 culpae
1482 1392 1504 1411 et
1522 1394 1610 1416 poenae
1622 1387 1821 1410 detestabilitatem
1835 1386 1879 1409 277

1315 1428 1338 1451 b.
1356 1429 1400 1451 278
1419 1434 1431 1450 3

1363 1481 1392 1484 —
1410 1469 1494 1490 Eorum
1513 1474 1583 1495 opera
1601 1469 1742 1489 evanescunt
1760 1466 1804 1488 483
1823 1465 1838 1488 b
1850 1478 1881 1482 —

1316 1514 1360 1530 non
1379 1507 1513 1530 reficiuntur
1538 1506 1686 1534 spiritualiter
1709 1506 1744 1528 his
1769 1511 1829 1534 quae
1852 1506 1880 1527 sa-

1315 1547 1378 1570 013111
1395 1547 1439 1569 277
1459 1546 1473 1568 1)
1490 1559 1521 1562 -
1538 1546 1605 1574 Quod
1623 1549 1701 1573 posset
1712 1545 1745 1567 eis
1763 1545 1839 1567 valere
1851 1544 1881 1566 ad

1315 1587 1386 1609 vitam
1405 1586 1459 1609 daut
1477 1592 1518 1614 pro
1536 1585 1605 1608 obolo
1623 1591 1696 1607 vanae
1714 1584 1788 1606 laudis
1806 1583 1850 1605 639
1868 1589 1880 1605 a

1315 1639 1346 1643 -—
1364 1627 1447 1649 Eorum
1466 1626 1570 1654 operatio
1591 1631 1637 1647 non
1663 1625 1724 1646 valet
1740 1624 1768 1646 ad
1788 1623 1882 1645 beatitu-

1315 1666 1392 1688 dinem
1411 1668 1528 1688 aeternam
1547 1665 1591 1687 277
1611 1664 1625 1686 1)
1642 1676 1672 1680 -
1689 1670 1735 1686 3011
1753 1663 1828 1685 solum
1846 1668 1881 1684 ae-

1317 1708 1391 1733 terna,
1409 1705 1450 1727 sed
1468 1705 1537 1727 etiam
1564 1704 1684 1731 temporali
1713 1702 1819 1725 mercede
1837 1703 1881 1724 sru-

1316 1748 1417 1767 strantur
1435 1744 1480 1766 278
1498 1750 1510 1766 3
1528 1755 1558 1760 —
1576 1744 1660 1765 Eorum
1682 1742 1773 1764 labores
1789 1747 1882 1769 compa·

1316 1786 1395 1806 rantur
1412 1783 1462 1805 telis
1479 1788 1588 1809 araneae,
1605 1785 1627 1804 et
1644 1782 1687 1809 ipsi
1705 1781 1795 1803 araneis
1812 1779 1867 1803 ibid.

1363 1835 1394 1838 —
1411 1822 1529 1851 longinqui
1542 1825 1594 1843 sunt
1606 1828 1618 1843 3
1631 1821 1791 1843 1)030(11011030
1804 1820 1880 1842 divina

1317 1863 1362 1884 687
1381 1868 1393 1884 a
1410 1874 1440 1878 —
1453 1862 1558 1890 privatur
1576 1866 1671 1883 inunere
1688 1860 1782 1882 divinae
1794 1859 1882 1887 gratiae

1316 1902 1361 1924 680
1379 1908 1391 1923 a
1409 1914 1439 1917 —
1456 1903 1544 1930 quanto
1562 1900 1636 1928 magis
1653 1906 1679 1922 se
1695 1899 1778 1922 extollit
1797 1899 1819 1920 in
1831 1905 1885 1921 con-

1316 1944 1396 1970 spectu
1409 1941 1541 1967 hominum,
1554 1942 1616 1962 tanto
1634 1939 1708 1967 magis
1721 1938 1808 1960 vilescit
1819 1937 1882 1966 apud

1317 1981 1390 2003 Deum
1409 1981 1449 2002 661
1473 1980 1487 2002 1)
1504 1992 1534 1996 -
1557 1985 1601 2001 303
1624 1979 1699 2001 solum
1718 1978 1823 2005 culpam,
1841 1977 1883 1999 sed

1316 2021 1385 2043 etiam
1411 2025 1512 2048 poenam
1535 2018 1579 2041 sibi
1601 2020 1729 2046 provocant
1752 2017 1796 2039 278
1822 2023 1835 2038 3
1854 2029 1883 2033 -

1318 2060 1429 2082 Dominus
1451 2062 1529 2081 contra
1555 2064 1595 2080 eos
1622 2057 1726 2079 irascitur
1749 2057 1793 2078 639
1817 2062 1829 2077 a
1854 2068 1883 2071 —

1319 2100 1393 2121 veniet
1410 2099 1431 2121 in
1449 2101 1574 2126 conspectu
1601 2097 1648 2124 Dei,
1666 2099 1690 2118 ut
1714 2096 1884 2118 condemnetur

1317 2139 1358 2161 661
1379 2138 1394 2161 b

1364 2191 1394 2194 —
1412 2178 1500 2200 Novem
1518 2178 1684 2199 enumerantur
1709 2180 1793 2203 genera
1812 2175 1884 2202 hypo-

1316 2217 1426 2239 critarum
1448 2217 1489 2239 150
1508 2215 1529 2238 b.
1552 2215 1589 2237 151
1612 2221 1623 2237 a

1363 2256 1474 2278 HYssorus
1490 2267 1521 2271 —
1537 2255 1644 2282 designat
1660 2253 1754 2276 humilis
1770 2252 1884 2280 passionis

1316 2294 1398 2318 Christi
1417 2295 1525 2316 virtutem
1544 2294 1573 2315 30
1591 2293 1606 2315 b

1318 2572 1368 2591 tans
1384 2574 1435 2590 eam
1454 2568 1497 2590 609
1516 2567 1539 2590 1).
1556 2568 1601 2589 618
1619 2566 1634 2588 b
1651 2579 1681 2583 —
1699 2567 1721 2589 ln
1738 2566 1798 2588 scala
1817 2565 1883 2588 {acob

1318 2614 1364 2631 non
1387 2610 1422 2630 est
1444 2608 1508 2630 loeus
1530 2607 1618 2633 standi,
1641 2606 1680 2629 sed
1699 2605 1839 2628 ascendendi
1861 2608 1883 2628 et

1317 2647 1474 2670 descendendi
1491 2646 1537 2669 724
1555 2652 1567 2668 3

1366 2700 1395 2703 —
1412 2687 1466 2709 Eius
1486 2687 1546 2708 lucta
1565 2685 1678 2713 significat
1699 2684 1882 2707 colluctationem

1319 2733 1359 2755 per
1372 2727 1498 2749 orationem
1517 2726 1561 2747 686
1574 2731 1594 2752 a,
1607 2724 1621 2746 1)
1633 2736 1664 2741 —-
1676 2724 1697 2746 in
1715 2729 1798 2746 aurora
1817 2729 1882 2746 exau-

1318 2766 1380 2789 ditur
1396 2769 1418 2788 et
1435 2765 1578 2787 benedicitur
1595 2764 1636 2786 721
1658 2770 1670 2785 3

1366 2806 1456 2827 lacones
1472 2816 1503 2821 -
1520 2804 1681 2831 interpretatur
1697 2803 1794 2824 luctator
1810 2802 1851 2824 531
1868 2801 1883 2824 b

1319 2858 1347 2861 —
1366 2845 1388 2866 ln
1405 2850 1432 2866 eo
1445 2843 1579 2871 designatur
1592 2842 1651 2864 bona
1670 2842 1716 2864 vita
1733 2841 1787 2864 ibid.
1803 2854 1833 2857 —
1850 2847 1884 2863 ra-

1319 2884 1379 2905 tione
1396 2889 1452 2905 suae
1464 2882 1539 2905 bonae
1550 2882 1611 2904 vitae
1622 2882 1695 2903 iustus
1707 2881 1884 2909 cognominatus

1318 2926 1353 2945 est
1369 2921 1423 2945 ibid.
1440 2935 1471 2938 —
1493 2928 1565 2950 quare
1591 2921 1671 2943 merito
1697 2923 1793 2943 vocetur
1815 2921 1884 2942 frater

1319 2962 1411 2985 Domini
1422 2960 1475 2984 ibid.
1488 2973 1518 2978 -—
1531 2961 1637 2988 designat
1653 2962 1737 2982 statum
1754 2959 1883 2982 activorum

1319 3003 1364 3024 216
1382 3008 1395 3023 3
1412 3013 1443 3018 -—
1460 3001 1519 3023 Vide
1536 3000 1604 3023 etiam
1623 3000 1651 3022 V.
1669 2999 1799 3029 Philippus.
