2269 3448
638 228 735 255 tNtilix
758 227 997 256 11111ΙιΧΙῖΙΤΙῚίᾞδ1
1020 229 1096 257 ΝΟΝΙ
1121 230 1307 258 vottutltNts

324 266 379 287 t‘llllt
399 266 432 293 (6)

93 304 221 327 testamenti
234 308 256 326 et
269 305 357 327 initium
377 305 429 327 nevi
443 305 488 327 640
501 312 513 327 a
526 318 555 322 —
567 306 660 328 05111111-

93 343 187 365 versalis
206 344 285 365 mundi
305 344 432 371 lleparator
450 344 479 366 50
497 351 517 367 a.
536 344 581 366 695
599 351 611 366 a
631 357 658 360 -

92 383 198 411 ostendit,
210 389 233 404 se
248 389 298 405 esse
317 383 397 405 mundi
411 384 590 411 lledemptorem
609 389 659 411 pro>

93 425 142 449 pter
160 424 248 449 septem
267 422 366 443 rationes
384 422 413 444 56
431 429 442 443 a
461 435 491 439 -—
508 426 542 445 est
554 423 658 444 5111111101·

91 461 221 483 anitiiarmn
240 463 262 483 ct
279 467 404 489 corporum
418 462 458 483 201
481 468 493 483 a
512 473 542 478 —·
558 464 592 483 est
610 467 657 483 me—

92 500 166 522 diator
191 500 307 522 sutllcieus
332 503 354 522 et
379 506 448 522 verus
475 501 578 528 Angelus
603 500 656 522 novi

92 539 219 562 testamenti
238 540 266 561 58
285 546 296 561 a
317 552 343 555 —
363 539 443 561 habuit
461 542 506 561 tres
523 539 658 562 0010511101·-

91 578 196 600 archicos
222 577 274 601 ibici.
298 591 329 595 -
351 582 383 601 est
410 579 501 606 signum
528 579 658 601 reconcilia-

92 617 351 645 1101115,10100111101115,
373 618 497 640 curationis
522 618 561 640 1131
591 618 604 640 b
629 631 657 633 —

92 657 130 679 suit
149 657 278 679 remedium
297 657 426 679 illuminans
443 657 606 685 praedicando,
624 657 658 679 vi-

91 696 187 718 11110005
205 696 325 718 moriendo
337 699 359 718 et
377 696 501 718 iustiticans
514 697 657 723 resurgendo

90 735 119 756 73
140 736 160 757 b.
182 735 211 756 74
235 742 247 757 a
269 747 299 751 —
323 735 436 757 mundum
461 735 610 757 illuminando
633 742 657 757 se

91 773 197 801 praebuit
207 776 231 796 ut
240 774 379 801 exemplum,
393 774 462 796 mund
468 781 505 796 um
516 774 656 797 vivificando

91 816 113 835 et
131 813 274 835 iustitlcando
292 814 392 835 ostendit
418 814 439 835 in
463 820 488 835 se
506 813 556 841 ipso
580 814 657 836 trium-

90 853 162 880 phum
181 852 210 874 74
228 851 243 874 1)

137 903 167 908 --
184 894 218 914 est
236 892 337 914 medium
351 898 481 919 congruum
498 892 566 914 0111011
579 898 656 914 recon-

90 930 181 953 ciliativi
198 931 226 952 57
239 937 250 953 a
263 944 293 947 —
306 931 373 953 solvit
391 931 521 953 inimicitias
539 932 596 954 inter
614 938 656 954 1105

90 973 111 992 01
124 970 196 992 Deum
210 970 237 992 27
252 969 266 992 1)
280 982 309 986 —
321 971 476 993 reconciliavit
494 977 536 992 1105
554 971 601 992 Deo
614 977 656 998 per

89 1009 227 1032 sacrificinm
258 1010 298 1031 136
325 1016 335 1031 a
363 1022 393 1026 --
419 1010 469 1032 fecit
492 1016 572 1037 pacem
599 1010 655 1032 111101

90 1048 206 1070 1101111110111
224 1051 245 1070 01
263 1049 336 1071 Deum
355 1052 379 1071 ut
399 1049 519 1076 mediator,
538 1049 596 1071 inter
619 1050 656 1071 ho-

90 1087 175 1109 minem
194 1091 216 1110 et
228 1089 340 1115 Angelum
360 1091 383 1110 ut
401 1088 464 1115 pacis
482 1091 580 1116 emptor,
598 1088 655 1110 inter

90 1127 207 1149 hominem
225 1130 247 1149 et
273 1127 389 1149 hominem
417 1130 441 1149 ut
457 1127 515 1155 lapis
538 1127 655 1155 angularis

89 1166 134 1188 292
153 1172 164 1188 a
183 1179 212 1182 —
229 1166 291 1188 501115
310 1169 399 1194 poterat
416 1167 545 1189 discordias
557 1167 656 1189 hominis

90 1211 199 1232 reparare
216 1206 241 1227 61
264 1205 278 1227 b
296 1218 326 1221 —
343 1206 427 1228 dicitur
444 1212 562 1228 summum
581 1211 656 1227 reme-

89 1244 167 1270 dium,
184 1244 238 1273 (111111
257 1244 297 1266 fuit
316 1245 376 1267 Dens
392 1248 414 1267 et
431 1246 501 1267 homo
519 1245 548 1266 72
566 1244 581 1267 1)

135 1295 166 1300 —
183 1287 217 1306 est
235 1284 400 1310 misericordia,
417 1290 488 1312 (11111111
507 1284 582 1306 Sancti
596 1284 655 1306 desi-

89 1322 202 1345 derabant
220 1323 260 1345 651
284 1323 298 1345 1)
317 1336 345 1338 -
363 1326 397 1345 051
414 1324 574 1351 eleemosyna,
595 1329 655 1352 quae

89 1364 174 1389 purgat
192 1365 284 1389 peccata
303 1363 348 1384 636
366 1368 377 1384 11
399 1375 426 1378 -
445 1363 555 1390 purgavit
573 1369 614 1384 nos
625 1361 655 1384 ab

88 1401 150 1423 omni
176 1401 295 1429 iniquitate
319 1401 363 1423 374
390 1401 404 1423 b
431 1414 460 1418 -—
486 1402 536 1424 tulit
560 1406 654 1429 peccata

89 1440 169 1462 mundi
183 1440 300 1463 abluendo
313 1441 421 1468 maenius,
434 1441 558 1463 auferendo
570 1444 655 1468 reatus,

89 1480 227 1502 remittendo
245 1481 344 1502 offensas
365 1481 406 1502 178
424 1487 445 1507 11,
463 1480 477 1502 1)
496 1493 524 1496 -«
544 1480 655 1503 PerChri-

88 1522 148 1541 stum
167 1525 249 1542 omnes
266 1520 381 1547 redempti
399 1526 480 1542 sumus
498 1526 510 1542 a
529 1520 588 1542 malo
611 1520 655 1542 cul-

88 1564 132 1586 pae
149 1561 171 1581 et
189 1565 278 1586 poenae
296 1559 340 1581 304
358 1565 369 1581 a
387 1572 418 1576 --
435 1559 542 1581 liberavit.
561 1565 603 1581 nos
626 1559 655 1581 ab

87 1598 258 1620 universalitate
275 1599 365 1626 culpae,
377 1599 532 1621 immensitate
547 1599 655 1626 offensae,

89 1638 225 1660 mortalitate
243 1641 350 1665 naturae,
371 1637 583 1660 interminabilitate
603 1644 655 1666 poe-

87 1684 131 1700 nae
149 1678 177 1699 38
196 1677 211 1699 b
228 1690 258 1693 —
277 1683 319 1699 1105
336 1678 409 1699 salvat
425 1684 436 1699 a
455 1677 584 1704 debilitate,
607 1683 655 1700 cae-

88 1717 167 1745 citate,
185 1717 323 1745 poenalitate
345 1717 381 1739 l9l
405 1716 419 1738 1)
441 1729 471 1733 -
489 1723 531 1739 005
548 1716 656 1739 liberavit

87 1763 100 1779 a
118 1757 230 1784 pronitate
247 1756 277 1779 ad
295 1756 380 1778 malum
394 1758 416 1778 et
428 1756 561 1778 difficultate
572 1756 601 1778 ad
614 1755 656 1778 bo-

87 1802 142 1818 num
162 1796 206 1818 397
224 1802 236 1818 11
255 1808 283 1811 ——
301 1795 399 1818 salvavit
417 1795 529 1823 populum
544 1801 612 1818 suum
626 1795 655 1818 ab

86 1836 214 1864 iniquitate,
232 1835 373 1863 ignorantia,
397 1834 542 1857 tribulatione
560 1841 601 1863 per
619 1841 655 1857 ve-

86 1875 157 1903 niam,
175 1875 281 1903 gratiam,
298 1875 424 1903 potentiam
444 1875 483 1896 181
505 1881 517 1896 a
535 1887 565 1890 —
582 1875 655 1897 salvat

88 1921 129 1937 nos
147 1921 158 1936 a
177 1915 258 1942 culpa,
276 1914 376 1941 offensis,
389 1914 551 1936 hostilitatibus
563 1914 655 1937 daemo-

89 1960 157 1981 num,
175 1954 274 1976 miseriis
292 1953 320 1976 42
339 1953 354 1975 1)

134 2006 164 2009 -
176 1999 201 2015 50
210 1993 274 2015 dedit
286 1993 308 2015 in
321 1993 436 2021 solatium,
448 1993 536 2020 eibum,
554 1993 654 2021 pretium

88 2033 132 2054 178
150 2039 162 2055 a
182 2046 209 2048 —
228 2039 252 2055 se
270 2033 334 2055 dedit
351 2032 372 2054 in
394 2033 533 2055 sacrificium
555 2033 655 2055 reconci-

86 2072 193 2099 liationis,
211 2072 311 2100 pretium
330 2072 509 2100 redemptionis,
526 2071 604 2094 cibum
622 2078 655 2094 re-

87 2111 191 2133 rectionis
214 2111 259 2133 254
277 2117 297 2138 11,
315 2111 330 2133 1)
347 2123 379 2128 —
399 2111 422 2133 in
441 2111 550 2139 mysterio
568 2117 654 2134 coenae

88 2156 147 2178 pure
164 2157 206 2173 nos
223 2150 321 2178 cibavit,
347 2151 368 2172 111
395 2150 499 2178 patibulo
517 2150 592 2173 crucis
616 2150 654 2178 pie

86 2196 129 2213 nos
147 2190 251 2218 redemit,
264 2191 285 2212 in
299 2191 417 2218 triumpho
430 2190 604 2213 resurrectionis
616 2197 654 2218 po-

88 2230 193 2252 testative
211 2236 254 2252 nos
271 2229 409 2257 glorificavit
420 2229 464 2252 247
474 2236 494 2258 a,
508 2229 523 2251 b
533 2242 565 2246 —
577 2230 655 2257 posuit

87 2268 189 2291 animam
207 2275 273 2291 snam
300 2269 322 2291 in
340 2269 454 2297 pretium,
476 2271 653 2296 argumentum,

86 2308 218 2336 exemplum
237 2308 283 2330 295
300 2314 313 2330 0
330 2320 360 2324 -
379 2308 504 2335 complevit
520 2308 559 2330 Dei
576 2308 654 2330 volun-

86 2350 155 2370 tatem
181 2347 287 2369 debitum
310 2347 515 2375 praevaricationis
540 2347 653 2369 solvendo

86 2390 108 2409 et
125 2386 219 2409 divinae
236 2386 335 2409 iustitiae
352 2387 514 2409 satisfaciendo
531 2385 585 2409 ibid.

133 2438 164 2442 —
181 2426 244 2448 solus
261 2426 393 2448 satisfacere
416 2427 490 2454 potuit
508 2426 555 2448 1)οο
578 2426 624 2448 605
641 2432 653 2447 a

86 2477 117 2481 —
134 2466 197 2487 solus
216 2465 289 2493 potuit
303 2471 345 2487 nos
356 2465 471 2487 redimere
482 2465 511 2487 de
532 2465 653 2488 maledicto

87 2505 154 2532 Legis
167 2505 211 2526 685
225 2510 236 2526 a
256 2517 283 2520 —-
302 2508 326 2527 ut
344 2505 461 2526 hominem
477 2504 595 2532 liberaret,
607 2511 653 2527 non

88 2544 156 2567 solvit
173 2544 273 2572 pretium
288 2544 393 2572 diabolo,
406 2544 445 2566 sed
460 2544 568 2567 maiestati
586 2545 654 2567 ofsen-

87 2589 126 2605 sae
144 2583 188 2605 254
208 2583 222 2605 1)
239 2596 269 2599 -
286 2584 341 2612 (111111
360 2586 480 2611 peccatum
498 2590 543 2606 non
562 2585 654 2610 fecerat,

87 2623 140 2645 ideo
158 2629 211 2645 euin
232 2623 284 2645 10011
295 2623 356 2645 [)0115
370 2624 427 2645 terre
440 2623 527 2651 peccati
546 2629 653 2651 poenam,

87 2665 112 2684 ut
128 2662 210 2684 ceteris
226 2663 380 2684 remitteretur
397 2663 495 2690 ostensa,
518 2663 654 2685 redderetur

87 2702 170 2724 iustitia
188 2705 210 2723 et
227 2702 356 2729 placaretur
378 2702 472 2724 divinae
494 2702 586 2724 ultionis
607 2702 654 2724 vin-

87 2741 147 2763 dicta
167 2741 211 2763 207
230 2747 242 2762 a
265 2753 295 2757 —-
318 2741 480 2769 purgationem
504 2744 653 2769 peccatorum

87 2780 152 2807 fecit,
169 2780 263 2809 quando
281 2786 306 2802 se
331 2781 425 2803 tradidit
446 2780 584 2803 oblationem
607 2781 653 2803 Deo

87 2819 132 2842 654
150 2819 165 2841 1)

134 2872 164 2875 —
182 2862 216 2881 est
232 2859 308 2881 bonus
326 2859 430 2881 medicus
458 2859 499 2881 132
524 2859 539 2881 b
564 2871 595 2876 —-
620 2863 654 2882 est

87 2898 192 2920 medicus
210 2898 353 2921 medicorum
376 2899 417 2920 186
430 2898 445 2920 1)
457 2911 487 2914 -
504 2901 538 2921 051
550 2899 654 2921 medicus

87 2943 212 2965 corporum
227 2940 248 2960 et
260 2938 390 2960 animarum
405 2938 449 2960 416
462 2944 483 2960 a.
496 2938 540 2960 423
553 2945 573 2960 a.
586 2938 630 2961 450
641 2944 653 2960 a

87 2988 118 2993 —
135 2979 169 2998 est
186 2982 256 2999 verus
275 2977 379 2999 medicus
402 2983 542 2999 conservans
564 2977 654 3000 animas

87 3019 109 3038 et
126 3022 224 3044 corpora
243 3016 288 3038 405
306 3022 317 3038 11
336 3028 366 3032 -
389 3019 455 3039 sanat
477 3017 526 3039 sine
549 3017 608 3039 serre
632 3019 653 3039 et

960 268 993 296 ‹⁶›

695 305 863 328 medicamento
889 305 942 328 ibid.
968 318 998 322 —
1022 310 1083 328 curat
1113 310 1257 335 peccatorem

693 344 752 366 sicut
769 345 925 366 Samaritanus
944 346 1089 367 vulneratum
1102 353 1113 367 a
1133 347 1259 369 latronibus

694 383 738 405 3:30
756 390 766 405 a
787 396 815 399 —
834 384 905 405 liuius
923 384 1046 406 curationis
1066 386 1186 412 explicatio
1204 385 1257 408 iliiil.

739 434 769 438 —-
782 423 866 444 missus
877 426 911 444 est
923 423 950 444 ad
963 424 1156 451 congregamlum
1172 425 1258 452 disper·

692 467 730 483 sos
747 462 771 483 61
793 469 813 488 11,
833 461 846 483 b
865 474 894 478 —
912 464 974 490 Quos
992 466 1119 489 congreget
1133 470 1144 485 a
1159 468 1258 492 (1111111101-

693 500 826 522 inordinatis
835 501 993 523 allectionibus
1010 502 1046 523 1531
1065 501 1087 524 b.
1104 503 1144 524 179
1159 502 1180 524 b.
1195 504 1256 525 18011

692 551 722 556 —
739 540 871 562 amovendo
889 543 1027 562 vetustatem
1047 542 1133 568 peceati
1158 542 1258 564 introdu-

692 579 722 600 xit
739 579 864 601 novitatem
884 579 995 601 virtutum
1019 580 1060 601 135
1082 587 1093 602 a
1118 593 1149 596 —
1171 581 1192 602 in
1216 588 1256 603 sna

692 618 808 640 nativitate
825 621 847 640 et
865 618 885 640 in
904 619 1079 641 conversatione
1096 620 1187 647 aperuit
1207 627 1258 648 por-

692 660 737 679 tam
759 657 908 684 prudentiae,
931 658 952 679 in
975 664 1016 679 sua
1037 659 1144 686 passione
1166 663 1255 686 portam

692 697 839 723 constantiae,
850 697 870 718 in
881 697 1015 719 ascensione
1027 701 1116 725 portam
1130 699 1257 720 munditiae

691 740 712 757 et
731 736 753 757 in
770 739 864 757 aeterne
881 736 986 758 examine
1007 737 1095 764 aperiet
1113 741 1201 764 portam
1226 737 1257 759 iu-

691 774 764 797 stitiae
782 775 826 797 eot
845 781 866 802 a,
885 775 908 797 b.
925 776 970 797 605
989 782 1000 797 a
1018 788 1048 792 —
1065 780 1099 798 est
1115 777 1181 798 dator
1196 777 1256 798 vitae

690 817 712 836 et
729 815 808 836 salutis
825 815 954 837 secundum
974 815 1055 837 trinam
1074 816 1109 837 sui
1130 816 1255 843 potentiam

692 852 735 875 412
754 860 764 874 a
785 866 813 868 —
832 854 934 881 Quatuer
956 854 1061 882 divitiae,
1078 860 1138 883 (11100
1158 858 1211 877 sunt
1233 855 1255 877 in

690 892 789 919 Christo,
801 893 904 914 relevant.
915 896 1015 921 quatuor
1030 896 1184 921 paupertates,
1196 900 1256 922 1111110

689 934 743 953 sunt
761 931 782 953 in
801 932 889 954 mundo
908 931 952 954 425
971 932 992 954 b.
1017 932 1061 954 426
1084 939 1095 954 a
1122 945 1151 949 -—
1177 937 1255 955 contra

690 970 731 992 tria
750 971 807 992 mala
822 971 909 998 peccati
923 972 1040 999 praecepit
1053 971 1092 993 tria
1106 971 1167 994 bona
1187 971 1230 994 423
1244 978 1256 993 a

689 1021 720 1025 —
732 1009 838 1032 adhibuit
851 1010 890 1031 tria
905 1010 1007 1032 remedia
1020 1014 1098 1032 contra
1112 1011 1152 1033 tria
1172 1011 1255 1033 damna

690 1048 776 1076 peceati
794 1049 912 1076 originalis
931 1049 975 1071 400
994 1049 1016 1071 b.
1035 1049 1075 1071 401
1097 1056 1109 1071 a

738 1100 765 1103 -—
786 1088 836 1110 fecit
857 1089 935 1110 salutis
958 1088 1146 1116 adimpletionem
1174 1089 1218 1111 404
1242 1088 1256 1111 b

689 1139 720 1143 —
737 1127 759 1148 in
778 1127 814 1149 via
833 1130 866 1149 est
883 1128 983 1149 salutare
1001 1130 1113 1155 nostrum,
1125 1128 1179 1157 quia
1192 1132 1257 1151 curat

689 1172 701 1188 a
720 1169 821 1194 peccato,
840 1166 921 1188 liberat
938 1173 949 1188 a
962 1167 1136 1194 perseeutione,
1154 1168 1215 1190 exuit
1227 1167 1256 1189 ab

689 1208 780 1227 aeterna
800 1209 881 1232 morte,
893 1206 1017 1228 introducit
1034 1206 1063 1228 ad
1081 1206 1172 1229 beatam
1185 1208 1255 1229 vitam

690 1245 718 1267 83
738 1244 752 1266 1)
770 1258 798 1260 -
824 1248 920 1267 vocatur
944 1246 1042 1267 salutare
1068 1249 1184 1274 nostrum,
1202 1247 1255 1274 quia

689 1284 850 1306 innocentibus
867 1284 906 1307 dat
918 1285 1106 1312 sanctimoniam,
1123 1288 1255 1313 exspectan-

690 1322 751 1345 tibus
768 1324 889 1351 laetitiam,
907 1324 1042 1346 timentibus
1060 1324 1182 1351 fiduciam,
1203 1331 1256 1352 ope-

689 1362 794 1385 rantibus
816 1369 883 1390 spem
911 1364 1015 1390 sirmam,
1042 1363 1200 1391 pugnantibus
1224 1364 1256 1385 vi-

689 1402 793 1430 ctoriam,
812 1402 1007 1430 triumphantibus
1024 1403 1129 1430 gloriam,
1147 1403 1256 1425 omnibus

689 1448 713 1463 se
731 1442 849 1464 offerendo
862 1442 958 1464 salutem
971 1445 993 1464 01
1006 1442 1188 1464 misericordiam
1202 1442 1231 1464 84
1243 1448 1254 1464 a

689 1493 719 1497 —
737 1481 835 1503 salutare
854 1484 970 1509 nostrum,
993 1481 1057 1503 visus
1082 1484 1117 1503 est
1141 1481 1171 1503 ab
1193 1482 1255 1503 omni

689 1526 758 1542 carne
775 1523 826 1543 0010
846 1521 921 1542 modis
938 1520 967 1543 ib.
985 1527 1006 1547 a,
1023 1520 1037 1542 b
1055 1533 1085 1537 —
1102 1521 1201 1543 salutare
1219 1527 1256 1543 no-

689 1562 770 1586 strum,
783 1562 905 1582 conservat
918 1560 1088 1587 conscientiam,
1102 1560 1212 1587 linguam,
1224 1560 1256 1581 vi-

690 1601 747 1626 tam,
766 1600 872 1626 sormam,
882 1605 968 1626 corpus
980 1603 1002 1621 et
1013 1599 1114 1621 animam
1127 1598 1157 1621 ib.
1170 1598 1192 1621 b.
1205 1600 1233 1621 85
1243 1605 1254 1621 a

689 1651 719 1654 —
738 1641 761 1660 111
780 1639 880 1661 salutare
905 1641 1008 1661 nostrum
1036 1638 1193 1661 manifestatur
1217 1645 1255 1661 sex

690 1678 766 1700 modis
784 1678 813 1700 84
830 1678 844 1700 b

742 1730 766 1733 —-
784 1721 818 1740 est
836 1720 914 1745 pastus
932 1718 1065 1739 salvationis
1085 1718 1198 1745 omnium,
1215 1718 1256 1746 qui

689 1757 760 1785 digne
776 1757 889 1779 accedunt
908 1757 937 1779 ad
955 1757 1031 1784 ipsum
1057 1757 1098 1779 671
1121 1763 1132 1779 11
1150 1769 1181 1773 ——
1204 1757 1256 1779 Post

689 1795 814 1823 Christum,
831 1797 931 1818 salutare
948 1799 1061 1823 nostrum,
1078 1799 1112 1818 est
1130 1799 1204 1819 tutum
1225 1796 1255 1818 in-

688 1836 779 1864 cedere,
797 1836 850 1858 huic
867 1836 961 1858 salutari
978 1839 1012 1858 est
1029 1842 1137 1858 securum
1152 1836 1255 1864 credere,

689 1877 733 1898 hoe
749 1876 849 1898 salutare
861 1878 895 1898 est
906 1882 1014 1898 securum
1027 1876 1199 1903 concupiscere,
1211 1876 1254 1904 ipsi

688 1918 722 1937 est
739 1921 847 1937 securum
866 1915 1006 1943 adhaerere,
1024 1915 1053 1938 ad
1072 1915 1147 1943 ipsum
1171 1918 1205 1937 est
1223 1921 1255 1938 se-

688 1961 770 1977 curum
788 1955 906 1977 attendere
925 1955 953 1976 84
972 1954 986 1976 b

735 1994 825 2016 —suit
850 1995 872 2016 in
897 1994 1102 2016 sanctificationem
1128 1994 1255 2017 humilibus

688 2034 760 2062 Magis
778 2034 822 2056 ι130
840 2040 851 2055 11
869 2046 900 2050 -
914 2034 955 2056 tuit
967 2034 988 2055 in
1007 2033 1107 2061 lapidem
1124 2034 1256 2056 offensionis

687 2072 781 2096 duabus
798 2072 908 2096 domibus
927 2073 993 2095 lsrael
1011 2072 1064 2095 ibid.
1083 2085 1113 2089 —
1131 2073 1173 2095 suit
1193 2073 1214 2095 in
1227 2073 1255 2095 la-

688 2119 774 2142 queum
793 2115 815 2135 et
837 2113 927 2134 ruinam
952 2112 1109 2135 habitantibus
1133 2113 1254 2135 lerusalem

688 2151 742 2175 ibid.
759 2165 790 2168 —
807 2152 931 2180 Explicatio
949 2153 1031 2174 horum
1056 2152 1123 2173 trium
1145 2150 1199 2174 ibid.
1225 2164 1256 2168 —

690 2204 718 2207 —
736 2195 770 2214 est
787 2192 809 2213 in
828 2191 928 2219 lapidem
946 2191 1078 2213 offensionis
1096 2194 1191 2219 propter
1209 2191 1256 2213 infi-

688 2231 804 2254 delitatem
823 2234 846 2253 et
862 2234 927 2258 petra
953 2231 1053 2253 scandali
1071 2233 1166 2258 propter
1189 2236 1256 2258 nega-

688 2271 773 2292 tionem
792 2270 921 2292 Divinitatis
938 2269 993 2292 ibid.
1010 2282 1040 2286 —
1063 2270 1152 2297 positus
1176 2272 1211 2291 est
1232 2269 1255 2291 in

688 2310 777 2331 ruinam
795 2308 960 2337 superborum,
983 2308 1152 2337 malignorum,
1175 2308 1255 2336 impio-

687 2355 739 2370 rum
758 2347 813 2371 ibid.
830 2360 860 2364 —
879 2348 1001 2370 translatus
1018 2350 1052 2370 est
1076 2347 1106 2369 de
1128 2347 1205 2369 medio
1224 2348 1255 2369 lu-

688 2388 799 2410 daeorum
818 2390 840 2410 et
857 2389 920 2410 venit
938 2388 960 2409 in
978 2387 1055 2409 medio
1072 2386 1254 2409 Christianorum

688 2428 717 2449 62
735 2433 747 2449 a

735 2479 765 2483 -—
788 2466 924 2494 exspoliavit
947 2466 1051 2488 inimicos
1068 2468 1160 2488 nostros
1177 2465 1222 2487 664
1240 2465 1254 2487 b

687 2519 718 2522 ——
736 2505 836 2528 habebat
853 2506 941 2528 clavem
968 2505 1086 2527 reserandi
1110 2505 1197 2527 aditum
1220 2511 1255 2527 ae-

689 2545 799 2568 ternitatis
816 2545 844 2567 29
864 2544 878 2567 1)
896 2558 925 2560 -
942 2545 1030 2567 amovit
1042 2544 1195 2572 obstaculum,
1207 2550 1254 2572 quo

688 2585 805 2613 ingressus
828 2585 850 2606 in
873 2585 962 2606 caelum
986 2583 1154 2612 prohibebatur
1177 2583 1221 2605 432
1239 2583 1254 2605 1)

687 2637 718 2640 —
736 2624 828 2646 ianuam
847 2623 903 2645 caeli
921 2624 1011 2651 aperuit
1028 2623 1073 2645 605
1091 2629 1103 2645 0
1120 2635 1150 2639 -
1167 2622 1255 2644 amovit

688 2663 791 2691 gladium
807 2664 942 2685 flammeum
954 2663 983 2685 de
996 2666 1061 2690 porta
1074 2662 1174 2690 paradisi
1187 2662 1231 2684 273
1242 2668 1253 2683 a

687 2715 718 2719 —
735 2703 825 2730 aperuit
842 2702 934 2724 ianuam
952 2702 1054 2730 paradisi
1072 2702 1100 2724 27
1118 2701 1134 2723 1)

734 2754 765 2758 -
782 2741 901 2764 Debemus
919 2742 994 2769 ipsum
1008 2742 1113 2769 diligere,
1125 2741 1178 2769 quia
1191 2741 1254 2768 prior

688 2781 766 2804 dilexit
784 2788 824 2803 005
842 2781 887 2803 550
900 2788 910 2803 0
928 2793 958 2797 -
971 2781 1068 2803 totaliter
1080 2786 1122 2802 nos
1133 2780 1189 2802 emit
1200 2779 1253 2803 ibid.

735 2833 766 2836 —
784 2820 855 2842 voluit
872 2826 883 2842 a
903 2820 970 2842 Maria
989 2820 1095 2842 adiuvari
1113 2819 1158 2841 704
1176 2819 1191 2841 1)

736 2872 766 2876 -
784 2862 818 2881 051
835 2858 913 2889 pastor
931 2859 955 2880 61
978 2865 990 2880 11
1008 2871 1038 2875 -
1061 2859 1111 2886 lpse
1133 2858 1196 2881 idem
1219 2861 1253 2880 est

688 2901 766 2927 pastor
784 2901 806 2920 et
824 2901 903 2926 pastus
921 2899 965 2920 302
988 2897 1003 2920 1)
1026 2910 1056 2914 -
1079 2897 1255 2920 commendatur

688 2944 699 2960 a
718 2938 872 2960 sollicitudine
889 2937 1033 2965 vigilantiae,
1050 2936 1169 2959 latitudine
1186 2935 1255 2958 bene-

687 2977 809 3005 volentiae,
826 2977 965 2999 discretione
982 2976 1120 3004 prudentiae
1137 2975 1182 2997 294
1200 2981 1212 2997 a
1224 2987 1254 2991 —

687 3019 721 3039 est
737 3017 862 3045 singularis
879 3017 901 3038 in
919 3016 1057 3039 discretione
1079 3019 1101 3038 et
1123 3015 1211 3037 fontalis
1232 3015 1254 3037 in

1817 238 1852 265 tit}

1524 273 1579 295 (luit
1599 275 1632 302 iti)

1293 309 1446 332 subventione
1465 313 1504 333 3οΙ
1527 319 1538 333 a
1557 325 1586 329 —
1603 313 1655 335 liiusv
1667 320 1723 335 oves
1740 315 1859 337 0111011115-

1293 349 1380 376 sipatae
1398 351 1421 370 t'›t
1444 357 1455 371 a
1474 363 1504 367 —
1517 351 1586 373 11111111
1605 359 1661 373 oves
1674 353 1790 380 dispersas
1808 354 1859 375 visi-

1294 387 1367 409 biliter
1381 388 1484 415 visitare,
1498 392 1521 411 ut
1533 396 1572 411 eas
1584 390 1702 418 liberaret,
1720 393 1857 414 011ιί110101·

1293 433 1346 448 nera
1359 431 1457 454 sanaret,
1467 429 1495 449 ad
1508 429 1567 451 ovile
1580 434 1730 455 congregaret
1745 434 1766 452 et
1778 438 1858 453 earum

1292 465 1432 488 debilitatem
1451 467 1612 489 corroboraret
1629 469 1673 490 21)ἰὶ
1689 476 1700 490 a

1340 518 1366 520 —
1388 506 1433 527 Non
1453 512 1494 527 nos
1506 507 1665 534 quaesivimus
1677 514 1738 535 etun,
1756 509 1795 530 scd
1809 509 1858 536 ipse

1292 544 1406 571 quaesivit
1419 551 1461 567 nos
1473 546 1517 567 302
1531 545 1545 567 b
1557 558 1587 562 —
1599 552 1668 568 ovem
1682 547 1790 569 amissam
1805 552 1857 570 tam-

1291 583 1330 605 diu
1348 584 1474 611 quaesivit,
1492 591 1615 613 quousque
1634 585 1719 607 invenit
1736 587 1780 608 203
1797 587 1811 608 Ι)
1829 600 1856 603 -

1293 625 1316 643 111
1333 628 1401 644 ovem
1419 622 1526 645 liberaret
1543 630 1554 645 a
1574 624 1690 646 morsibus
1708 625 1858 652 daemomim,

1291 668 1377 688 corpus
1395 662 1460 684 morti
1479 663 1583 690 exposuit
1601 662 1655 685 ibid.
1673 675 1702 680 —
1721 667 1742 686 111
1762 665 1859 686 redime·

1291 704 1325 723 ret
1338 707 1387 728 nos,
1398 708 1422 723 se
1435 701 1516 724 obtulit
1529 703 1595 725 morti
1609 703 1668 725 sieut
1679 703 1730 725 ovis
1741 705 1786 726 302
1803 704 1816 725 b
1829 716 1858 720 —

1291 741 1365 767 posuit
1385 741 1485 763 animam
1504 748 1569 763 suam
1588 748 1632 764 non
1647 749 1689 769 pro
1707 742 1791 764 ovibus
1808 743 1859 765 alie-

1291 779 1338 805 nis,
1356 780 1395 802 sed
1415 786 1457 807 pro
1474 781 1559 803 ovibus
1576 781 1624 803 suis
1642 783 1685 803 2116
1700 788 1710 803 a

1338 831 1368 834 —
1386 819 1439 841 Eius
1464 826 1520 842 oves
1545 823 1598 842 sunt
1621 820 1685 848 iusti,
1710 821 1749 849 (1111
1771 821 1858 844 similes

1291 860 1343 879 511111
1360 858 1398 880 ovi
1416 859 1575 886 reducendae,
1593 860 1744 882 deducendae
1769 863 1791 883 et
1808 867 1858 889 per-

1290 897 1411 919 ducendae
1430 898 1474 919 302
1493 898 1507 920 b
1526 911 1556 914 —
1573 905 1641 921 suum
1668 906 1763 927 gregem
1782 900 1858 922 erudit

1291 936 1431 959 documento
1444 937 1630 965 praedicationis,
1644 939 1717 966 pascit
1729 939 1855 966 sapientiali

1291 976 1421 1002 resectione,
1439 976 1541 999 defendit
1553 977 1611 999 virili
1625 978 1767 1005 protectione
1781 978 1824 1000 294
1836 985 1857 1005 a,

1291 1014 1313 1036 1).
1332 1015 1377 1036 295
1395 1021 1406 1036 a
1424 1027 1454 1031 ——
1467 1015 1540 1043 pascit
1557 1022 1597 1043 per
1616 1017 1729 1043 praesidia
1748 1024 1858 1045 superan-

1291 1054 1371 1081 geliea,
1389 1055 1490 1081 angelica
1509 1058 1530 1077 et
1554 1055 1701 1083 subangelira
1721 1056 1760 1078 301
1790 1056 1804 1078 b
1826 1069 1857 1073 —

1291 1093 1364 1121 pascit
1381 1100 1421 1121 per
1439 1094 1542 1122 exempla
1560 1095 1684 1117 sanctitatis
1703 1095 1857 1123 purificantia,

1292 1132 1414 1159 piifieantia
1433 1135 1455 1155 et
1473 1133 1614 1160 pacificantia
1633 1133 1687 1156 ibid.
1710 1147 1738 1149 —
1761 1141 1803 1157 nos
1820 1141 1858 1162 pa-

1291 1171 1333 1193 scit
1349 1178 1391 1199 per
1407 1172 1543 1199 splendores
1560 1173 1722 1195 intellectuales
1744 1178 1765 1196 et
1782 1174 1858 1196 dulco-

1291 1216 1327 1232 res
1343 1211 1474 1233 affectuales
1491 1211 1544 1234 ibid.
1566 1225 1596 1227 —
1619 1212 1691 1239 pascit
1715 1218 1755 1240 per
1781 1214 1858 1235 Sacra-

1291 1253 1368 1272 menta
1386 1251 1541 1278 peenitentiae
1555 1254 1577 1273 et
1594 1252 1746 1274 eucharistiae
1764 1251 1818 1274 ibid.

1338 1301 1368 1305 -—
1386 1289 1534 1312 liberatores
1546 1296 1612 1317 suas,
1630 1297 1690 1319 quae
1708 1291 1793 1313 habent
1805 1291 1857 1313 sim-

1291 1328 1423 1357 plicitatem,
1436 1329 1625 1357 tractabilitatem,
1638 1330 1799 1352 secunditatem
1812 1330 1856 1352 296

1291 1374 1302 1389 11
1320 1380 1350 1384 -
1363 1374 1431 1390 ovem
1445 1368 1562 1391 inventam
1576 1372 1597 1391 et
1608 1369 1727 1391 liberatam
1741 1370 1762 1391 in
1781 1371 1858 1399 quiete

1291 1407 1377 1435 gloriae
1390 1408 1509 1430 collocavit
1522 1407 1566 1430 294
1577 1414 1589 1430 11
1601 1421 1631 1425 -
1643 1412 1677 1431 051
1689 1412 1767 1436 pastor
1780 1409 1858 1431 trium-

1291 1446 1383 1474 phantis
1400 1449 1421 1468 et
1439 1447 1554 1469 militantis
1571 1448 1682 1470 Ecclesiae
1694 1449 1738 1470 293
1752 1454 1771 1470 a.
1785 1449 1824 1470 301
1842 1448 1857 1470 1)

1291 1498 1321 1502 -
1342 1486 1463 1514 quomodo
1481 1490 1560 1514 paseat
1575 1488 1658 1509 cheros
1676 1488 1817 1515 Angelorum
1836 1490 1858 1510 et

1291 1525 1397 1548 diversos
1415 1526 1502 1553 gradus
1520 1526 1656 1548 Sanctorum
1675 1526 1704 1549 ib.
1723 1526 1746 1549 b.
1766 1527 1811 1549 302
1829 1533 1841 1549 11

1340 1577 1368 1580 -
1390 1565 1454 1587 venit
1470 1565 1560 1587 solvere
1578 1572 1647 1593 opera
1672 1565 1757 1588 diaboli
1778 1566 1823 1588 264
1842 1565 1856 1588 1)

1290 1616 1321 1620 -
1339 1603 1407 1626 habet
1419 1604 1527 1627 virtutem
1540 1608 1618 1627 contra
1632 1605 1748 1633 duplitzem
1762 1611 1857 1628 manum

1292 1642 1376 1665 diaboli
1395 1644 1435 1666 261
1458 1643 1473 1665 1)
1490 1656 1521 1660 -
1537 1647 1572 1666 est
1589 1645 1653 1672 pugil
1670 1645 1805 1672 aptissimus
1828 1645 1856 1667 ad

1291 1683 1430 1705 vincendum
1448 1683 1568 1705 diabolum
1587 1683 1615 1706 ib.
1633 1690 1645 1705 a
1662 1696 1692 1700 -
1710 1690 1750 1706 sua
1769 1685 1858 1712 sapien-

1290 1722 1319 1744 tia
1339 1722 1413 1744 set'ellit
1432 1722 1536 1745 t'raudem
1549 1723 1673 1750 proditoris
1685 1722 1769 1745 diaboli
1787 1723 1832 1745 275
1844 1729 1856 1745 a

1289 1773 1321 1777 —
1337 1761 1457 1789 superavit
1473 1761 1591 1784 diabolum
1609 1763 1654 1784 266
1673 1762 1688 1784 1)
1705 1775 1735 1778 —
1756 1768 1798 1790 per
1816 1764 1858 1785 hu-

1291 1800 1408 1823 militatem
1426 1801 1511 1823 devieit
1522 1801 1651 1829 superbum
1669 1801 1788 1824 diabolum
1800 1802 1858 1824 eius-

1289 1846 1336 1868 que
1352 1840 1477 1862 exercitum
1496 1840 1540 1862 243
1559 1840 1574 1862 b
1591 1852 1621 1857 —-
1644 1841 1754 1869 Princeps
1777 1841 1857 1864 mortis

1290 1885 1302 1901 a
1320 1879 1379 1901 duce
1396 1879 1458 1901 vitae
1474 1885 1516 1907 per
1534 1880 1614 1902 mortis
1637 1880 1793 1902 inductionem
1819 1887 1857 1903 su-

1290 1921 1384 1946 peratur
1402 1919 1447 1941 207
1465 1925 1476 1940 11
1489 1932 1519 1935 —
1532 1919 1681 1941 daemonium
1700 1920 1785 1942 erroris
1796 1920 1857 1942 elicit

1289 1958 1440 1980 illuminando
1449 1958 1595 1986 rationalem,
1606 1959 1716 1987 luxuriae,
1725 1959 1857 1981 decorando

1289 1996 1506 2025 concupiscibilem,
1524 1997 1655 2025 superbiae,
1669 1998 1799 2020 ordinando
1818 1998 1858 2020 ira-

1289 2035 1393 2059 scibilem
1412 2037 1456 2059 223
1474 2043 1486 2058 0
1506 2049 1537 2053 -
1560 2036 1679 2059 diabolum
1702 2037 1723 2059 in
1745 2037 1857 2065 abyssum

1290 2076 1401 2098 demersit
1417 2076 1447 2098 75
1465 2082 1477 2098 a
1495 2088 1525 2092 —
1542 2077 1628 2099 electos
1645 2076 1751 2099 liberavit
1767 2079 1797 2104 et,
1812 2077 1857 2099 dia-

1289 2115 1342 2137 bolo
1360 2116 1437 2143 ligato,
1456 2116 1555 2143 gloriose
1567 2115 1720 2143 triumphavit
1736 2117 1781 2138 282
1794 2115 1809 2138 1)
1828 2129 1857 2132 -—

1289 2154 1380 2177 devicto
1397 2154 1498 2181 diabolo,
1516 2155 1639 2183 acquisivit
1650 2161 1749 2183 regnum
1760 2156 1857 2178 caeleste

1292 2194 1336 2216 273
1354 2200 1366 2215 a

1321 2246 1351 2248 —
1368 2236 1446 2255 eontra
1464 2233 1640 2262 quadruplicem
1664 2234 1783 2256 salsitatem
1808 2234 1856 2256 dia¹

1288 2271 1335 2294 boli
1353 2272 1421 2294 docet
1437 2275 1460 2294 et
1481 2273 1562 2294 astruit
1586 2273 1707 2295 veritatem
1726 2273 1787 2300 fidei,
1809 2279 1856 2295 mo-

1288 2317 1353 2337 rum,
1371 2317 1481 2338 operum,
1498 2311 1657 2339 praemiorum
1676 2311 1721 2333 240
1740 2312 1762 2334 b.
1785 2311 1826 2334 241
1843 2318 1855 2334 0

1287 2362 1318 2365 ——
1335 2350 1378 2371 tria
1395 2352 1535 2372 nocumenta
1553 2350 1639 2372 diaboli
1663 2354 1728 2372 sanat
1746 2357 1786 2378 per
1804 2357 1855 2373 con-

1288 2389 1356 2411 traria
1375 2389 1543 2411 medicamenta
1562 2390 1606 2411 230
1622 2396 1634 2411 0

1335 2440 1365 2444 —-
1382 2428 1442 2450 sieut
1459 2427 1534 2451 baiula
1552 2428 1614 2451 nube
1631 2429 1734 2451 ascendit
1746 2429 1767 2451 in
1785 2429 1855 2457 nube,

1288 2468 1320 2490 sic.
1338 2471 1451 2490 venturus
1472 2471 1506 2490 est
1523 2468 1551 2490 ad
1570 2467 1680 2490 iudicium
1698 2468 1773 2490 baiula
1792 2468 1853 2491 nube

1288 2508 1333 2529 322
1347 2506 1361 2529 b
1375 2519 1403 2523 —
1418 2507 1440 2529 in
1457 2507 1543 2529 indicio
1561 2507 1603 2529 erit
1620 2507 1642 2529 in
1661 2508 1762 2535 perfecto
1780 2508 1854 2536 splen-

1288 2547 1344 2569 dore
1361 2546 1436 2569 carnis
1454 2546 1567 2573 gloriosae
1585 2547 1609 2568 81
1633 2546 1647 2568 b
1669 2559 1701 2563 —
1719 2548 1741 2568 ln
1764 2546 1854 2570 Christo

1287 2586 1398 2608 redeunte
1415 2585 1445 2608 ad
1457 2585 1568 2608 iudicium
1581 2586 1623 2608 erit
1635 2585 1771 2613 sublimitas,
1783 2585 1856 2608 subti-

1287 2625 1350 2652 litas,
1367 2625 1478 2647 severitas
1496 2625 1524 2646 83
1538 2631 1549 2647 a
1570 2638 1597 2640 —
1617 2625 1638 2647 ln
1655 2625 1742 2647 iudicio
1762 2631 1786 2648 se
1809 2631 1855 2647 ma-

1288 2663 1404 2686 nisestabit
1420 2664 1524 2687 Christus
1545 2666 1570 2686 ut
1592 2664 1642 2690 lux,
1660 2664 1733 2686 virtus
1754 2667 1777 2686 et
1793 2665 1855 2687 salus

1292 2704 1332 2725 166
1351 2709 1362 2725 a
1386 2715 1416 2719 —
1437 2703 1461 2725 in
1483 2703 1585 2725 secundo
1608 2703 1709 2725 adventu
1731 2703 1808 2725 veniet
1830 2707 1855 2726 ut

1287 2743 1324 2764 lux
1341 2742 1370 2764 66
1389 2741 1404 2764 1)
1422 2755 1451 2757 -
1468 2742 1497 2764 ad
1521 2742 1632 2764 iudicium
1650 2742 1727 2764 veniet
1750 2742 1773 2764 in
1791 2746 1855 2770 pote-

1287 2784 1356 2809 state,
1368 2782 1511 2809 austeritate,
1523 2781 1638 2810 aequitate
1650 2784 1673 2803 et
1684 2782 1784 2803 clai-itate
1797 2782 1825 2804 38
1839 2781 1854 2804 b

1288 2833 1316 2836 —
1336 2821 1388 2843 Eius
1404 2827 1450 2843 vox
1467 2821 1489 2842 in
1508 2821 1593 2843 iudicio
1615 2821 1658 2842 erit
1675 2821 1790 2847 virtuosa,
1814 2827 1854 2843 au-

1288 2859 1397 2887 thentica,
1416 2865 1498 2881 sonora
1518 2858 1561 2881 433
1579 2865 1590 2880 a

1335 2911 1365 2913 —
1381 2898 1436 2920 Eius
1452 2897 1569 2919 secundus
1586 2898 1700 2920 adventus
1717 2898 1760 2920 erit
1778 2898 1854 2920 sormi-

1289 2937 1380 2959 dandus
1398 2937 1427 2959 65
1445 2936 1460 2958 1)
1476 2948 1508 2953 -
1524 2937 1547 2958 in
1569 2937 1673 2959 secundo
1694 2937 1796 2959 adventu
1814 2943 1855 2960 ve-

1288 2976 1334 2998 niet
1351 2976 1380 2998 ad
1397 2976 1541 3004 puniendum
1559 2976 1633 2998 malos
1658 2978 1680 2998 et
1697 2976 1725 2998 ad
1749 2982 1854 2999 remune-

1287 3015 1385 3037 randum
1398 3015 1473 3038 bonos
1485 3014 1539 3038 ibid.
1551 3027 1582 3031 —
1594 3015 1615 3037 in
1633 3015 1736 3038 secundo
1752 3015 1853 3038 adventu
