2269 3448
662 207 759 236 INDEX
784 207 1023 236 Att‘ttttiti't'tctls
1045 208 1121 236 NONl
1145 208 1331 237 VOLUMlNlS.

369 481 423 502 YAL

163 521 243 542 Vltttts
259 532 290 536 —
306 519 409 542 abundat
426 525 486 548 aqua
504 518 533 541 6AE
551 525 563 540 a
584 532 611 534 —
624 518 680 540 dici-

116 562 151 582 tur
170 559 261 581 humilis
278 562 300 581 01
316 559 416 581 devotus
432 558 462 580 77
482 557 496 579 1)

165 599 238 621 Vitam
256 610 286 614 —
303 604 382 619 10111111
401 597 522 625 impositus
540 599 573 619 est
590 596 620 618 ab
638 597 678 618 110-

116 637 204 660 11111111111
222 637 348 665 cupiditate
366 637 401 658 vel
428 636 537 664 opinione
554 636 598 657 288
618 635 632 657 0
650 647 681 652 -—

116 677 137 699 Si
157 677 261 699 ltomiucs
279 676 374 703 vellent,
391 678 500 698 stannum
518 678 606 697 tantum
622 675 680 696 vale-

116 719 150 738 ret
166 718 278 744 qnantum
298 721 379 737 aarum
398 714 452 737 ibid.

164 755 262 777 Vim-ras
279 766 309 770 —
327 755 401 776 Homo
419 760 494 776 vanus
516 754 568 781 plus
585 756 679 782 quaeret

114 800 227 822 apparere
250 800 320 822 quam
343 793 440 815 existere
466 792 510 815 '145
528 799 540 814 a
557 805 588 809 —
606 793 680 814 Homo

115 839 190 856 vanus
207 839 251 855 non
270 833 351 860 recipit
362 832 497 860 sapientiam
510 831 564 855 ibid.
576 843 607 847 —
619 837 681 853 amo-

115 873 146 895 ris
164 872 215 895 facit
239 871 370 894 claudicare
397 871 441 893 472
459 877 471 893 a
489 883 519 887 —
537 871 625 893 Ventus
642 876 680 892 va-

115 911 190 933 nitatis
215 917 260 933 non
284 910 406 938 permittit,
424 910 497 932 Deum
520 910 640 938 quiescere
657 909 678 931 in

115 950 185 973 corde
202 949 305 978 superbo
322 949 366 971 676
385 955 396 971 a
415 961 443 966 --
463 949 543 971 mundi
568 951 621 971 sunt
643 949 680 971 de-

117 989 251 1017 spiciendae
268 989 297 1011 76
316 995 328 1011 a

165 1029 268 1050 Varenus
289 1041 317 1044 —
337 1028 366 1050 (10
389 1030 447 1050 terra
471 1030 493 1049 ct
513 1033 572 1055 aqua
599 1026 681 1049 elevati

115 1067 279 1095 infrigidantur
296 1072 337 1094 per
356 1066 464 1088 malitiam
483 1066 543 1088 aeris
560 1066 605 1088 226
623 1071 635 1087 0
650 1078 680 1081 -

116 1106 270 1134 praepediunt
287 1109 406 1133 aspectum
424 1105 478 1127 solis
494 1104 548 1128 ibid.

164 1145 278 1167 Vatum-As
295 1157 325 1160 —-
343 1144 460 1167 fastidium
482 1144 505 1166 in
529 1150 598 1166 sensu
625 1144 682 1166 tollit

117 1185 162 1207 287
181 1184 195 1206 b

165 1224 244 1246 Vartno
261 1235 292 1240 ——
316 1226 413 1245 vocatur
436 1223 471 1245 vir
497 1222 680 1251 sapientissimus

116 1265 138 1285 et
155 1263 302 1294 doctissimus
320 1262 360 1284 551
382 1268 394 1284 a

165 1302 222 1324 Visa
237 1314 265 1317 —-
278 1301 354 1323 tictilia
371 1301 493 1329 designant
509 1301 579 1323 corda
596 1304 618 1323 et
635 1306 681 1323 cor-

115 1347 172 1369 pora
189 1344 267 1363 nostra
285 1341 329 1363 476
347 1347 359 1362 0
386 1352 416 1356 -
442 1341 482 1362 Per
506 1341 540 1362 illa
564 1343 682 1362 creaturae

116 1380 273 1408 intelliguntur
296 1380 340 1401 688
359 1386 370 1401 a
397 1392 426 1395 —
444 1379 553 1401 dicuntur
578 1382 682 1407 recepta-

115 1420 165 1441 cula
185 1420 296 1441 virtutum
315 1419 360 1440 672
379 1425 390 1440 0

164 1459 247 1481 VitsTiu
266 1471 296 1474 —-
313 1457 495 1486 vituperabiliter
512 1458 607 1480 dimissa
625 1457 682 1480 desi·

117 1500 173 1526 gnat
199 1503 343 1525 synagogam
372 1497 519 1525 repudiatam
547 1503 560 1519 a
592 1496 681 1519 Christo

117 1537 161 1560 250
180 1536 194 1559 b

165 1577 250 1598 Ventus
266 1588 297 1592 —
313 1582 360 1598 non
377 1575 445 1597 sentit
467 1575 571 1603 corporis
595 1575 681 1603 passio-

116 1622 170 1638 nem
188 1616 232 1637 6511
251 1614 266 1637 1)
283 1627 313 1631 ἢ
330 1615 359 1637 de
376 1615 439 1637 caelo
454 1614 558 1636 roridum
575 1614 682 1642 designat

117 1655 220 1682 Virginis
238 1657 328 1677 uterum
347 1654 391 1676 1127
409 1660 421 1675 0
438 1666 469 1670 -
485 1653 608 1676 1110101010
625 1653 682 1682 quid

117 1694 222 1722 designet
240 1694 268 1716 353
287 1700 297 1715 a

166 1734 227 1755 Van-A
250 1745 280 1749 ——
304 1732 430 1755 lncarnatio
452 1732 522 1754 Verbi
545 1736 567 1754 et
587 1732 682 1760 spiratio

117 1773 215 1801 Spiritus
233 1773 256 1794 S.
275 1772 383 1794 dicuntur
400 1777 472 1794 venae
490 1771 578 1799 argenti
604 1771 648 1793 639
668 1770 682 1792 b

167 1812 273 1834 Vernaus
289 1824 319 1828 —
336 1811 453 1833 Debemus
470 1816 547 1833 nostra
567 1810 681 1838 vendere,

116 1858 163 1873 non
180 1857 331 1878 conservare3
349 1851 434 1877 omnia,
446 1857 492 1872 non
510 1854 598 1878 partem
613 1849 656 1872 425
669 1855 682 1871 a

117 1903 148 1907 —
163 1891 260 1913 Vendita
273 1890 348 1912 danda
366 1893 419 1912 511111
431 1889 581 1918 pauperibus,
594 1896 639 1912 non
652 1890 683 1912 di-

118 1929 204 1952 vitibus
221 1929 274 1952 ibid.

166 1969 274 1991 Venenum
292 1981 323 1985 —
340 1975 384 1990 non
407 1969 475 1991 datur
499 1969 541 1991 11151
560 1969 625 1991 melle
643 1968 683 1991 cir-

117 2009 237 2031 cumlitum
256 2008 301 2030 285
319 2014 331 2030 a
349 2020 378 2024 -—-
392 2008 461 2030 Prout
472 2008 539 2030 citius
551 2014 683 2036 possumus,

118 2047 221 2075 fugimus
245 2053 362 2074 mensam,
380 2047 401 2069 in
419 2053 465 2075 qua
488 2047 624 2074 propinatur
647 2053 683 2069 ve·

118 2093 203 2109 nenum
228 2087 272 2108 539
291 2086 305 2108 b
323 2099 352 2102 -
371 2086 442 2108 Nemo
468 2086 566 2108 scienter
583 2086 684 2108 comedit

118 2132 144 2148 ex
161 2125 213 2148 cibo
230 2128 345 2148 venenato
364 2125 409 2147 465
427 2124 441 2146 b
456 2137 487 2141 ——-
498 2125 559 2147 Multi
572 2125 683 2147 delectan-

120 2168 156 2187 tur
174 2165 196 2187 in
213 2165 258 2191 eis,
277 2165 298 2186 in
315 2163 401 2193 quibus
426 2167 461 2186 est
482 2170 599 2186 venenum
617 2164 684 2192 spiri—

121 2204 202 2226 rituale
218 2203 273 2226 ibid.

166 2244 238 2266 Vnam
251 2257 276 2260 -—
286 2246 444 2271 suntquatuor
453 2243 593 2270 principales
602 2245 624 2264 et
633 2245 684 2265 octo

120 2283 260 2305 collaterales
279 2282 323 2304 [126
341 2281 356 2304 b
368 2294 398 2298 —
412 2281 433 2303 111
446 2281 569 2308 designant
585 2284 685 2309 quatuor

120 2327 205 2349 genera
224 2321 374 2343 tentationum
391 2326 520 2349 earumque
545 2320 685 2342 collaterales

119 2360 173 2383 ibid.
191 2373 221 2377 —
238 2360 345 2388 designat
370 2359 484 2382 mundum
502 2360 546 2381 553
565 2365 577 2381 a
600 2372 628 2375 -
647 2366 686 2381 vo-

121 2403 201 2423 cantur
219 2399 312 2428 spiritus
330 2398 483 2426 intelligibiles
500 2399 545 2420 322
563 2405 575 2420 0

169 2452 197 2455 —
217 2438 377 2466 producuntur
394 2438 417 2459 in
436 2438 491 2460 loeis
508 2438 603 2460 occultis
615 2440 637 2459 et
648 2444 684 2460 ca-

122 2479 212 2505 verniS,
238 2478 261 2499 in
286 2477 371 2506 quibus
396 2482 496 2504 vapores
521 2479 575 2499 sunt
599 2477 686 2504 recepti

122 2518 167 2540 322
185 2524 197 2539 0
215 2529 245 2533 -
263 2517 316 2539 Ε105
333 2517 399 2544 origo
416 2515 484 2538 nobis
496 2516 574 2544 ignota
586 2518 620 2538 est
631 2515 686 2538 ibid.

123 2569 153 2573 —
171 2557 269 2585 perflant
285 2555 393 2578 altissima
412 2556 456 2577 629
474 2561 486 2577 0
505 2568 534 2571 -
552 2561 598 2577 non
621 2555 686 2577 vide-

122 2600 158 2618 tur
176 2602 217 2618 nec
236 2601 304 2617 manu
323 2595 413 2622 capitur
430 2600 473 2617 nec
491 2600 520 2617 ex
536 2601 564 2617 eo
582 2600 685 2623 unquam

123 2635 186 2657 sinus
203 2635 312 2662 impletur
329 2634 374 2656 553
387 2640 399 2656 a
412 2646 442 2650 —
454 2638 487 2656 est
499 2633 565 2662 quasi
578 2639 615 2655 res
627 2640 686 2655 vana

124 2673 178 2697 ibid.

172 2714 246 2735 Venus
258 2726 286 2729 —
300 2713 367 2735 Stella
381 2712 477 2734 Veneris
489 2712 617 2734 secundum
631 2712 688 2733 Var-

123 2759 202 2775 ronem
217 2755 304 2774 motum
319 2754 341 2773 et
354 2752 454 2773 colorem
471 2751 567 2773 mutavit
583 2751 623 2773 551
640 2757 661 2778 a,
672 2750 688 2773 b

170 2792 264 2814 Vennum
282 2803 313 2807 —
330 2791 480 2818 distinguitur
492 2790 589 2812 mentale
600 2793 622 2812 et
634 2796 688 2812 cau-

124 2831 171 2853 sale
188 2836 227 2853 seu
246 2830 390 2852 incarnatum
409 2829 452 2851 106
470 2829 485 2851 b
502 2841 532 2845 —
544 2827 643 2851 mentale
654 2831 689 2851 est

125 2870 245 2898 speculum
263 2868 317 2891 ibid.
336 2881 364 2883 —
382 2871 417 2890 est
433 2874 582 2895 expressum,
593 2868 688 2895 impres-

124 2915 189 2937 sum,
207 2908 324 2934 rationale,
342 2907 442 2929 infusum
467 2906 511 2928 240
530 2906 545 2928 b
561 2919 592 2923 -—
609 2906 688 2929 Verbo

125 2947 254 2970 seeundum
272 2952 297 2969 se
322 2947 373 2974 plus
398 2946 509 2974 competit
525 2945 599 2968 audiri
617 2952 688 2974 quam

125 2987 199 3010 videri
220 2987 261 3009 103
279 2993 291 3008 0

972 358 1015 405 V

760 531 790 535 —
809 519 907 541 mentale
926 518 994 541 babet
1010 524 1061 540 esse
1078 524 1187 541 arcanum
1203 521 1225 541 01
1242 524 1277 541 00-

713 558 800 579 0111111111
819 558 839 579 111
863 560 952 586 mentey
973 557 1108 586 priusquam
1135 557 1188 580 foris
1213 560 1278 579 sonet

718 596 758 618 107
776 603 787 618 a
801 597 943 618 —mentale
960 599 993 619 051
1011 596 1149 623 insensibile,
1166 596 1205 618 scd
1220 602 1278 619 voce

714 635 819 658 indutum
838 635 906 658 uubis
924 637 947 657 tlt
971 635 1079 658 sensibile
1098 636 1142 657 1103
1160 642 1172 657 0
1190 648 1219 651 -
1238 642 1278 657 no-

713 677 785 696 strum
805 674 905 696 nascitur
922 675 951 697 (10
975 678 1050 697 1110010
1072 675 1112 696 106
1132 674 1146 697 0
1163 687 1193 691 -
1210 674 1278 702 origi-

714 717 780 735 natur
797 720 808 735 a
835 714 925 736 dicente
951 714 1009 736 sicut
1026 720 1037 735 a
1061 714 1175 741 principio
1200 713 1277 735 3161)

713 764 743 769 -—
760 758 813 774 cum
840 753 869 774 (10
891 755 968 775 mente
994 753 1105 779 nascitur,
1123 759 1183 780 opus
1209 752 1278 775 habet

714 791 836 819 gignente,
855 796 929 813 tamen
948 798 994 814 non
1012 792 1098 819 indiget
1110 792 1220 819 genitrice
1236 792 1277 813 106

714 829 736 851 1).
759 830 799 851 107
817 836 828 851 0

762 881 790 884 --
807 868 864 890 Cum
883 868 1007 897 loquimur,
1025 868 1049 891 sst
1070 875 1140 890 sonus
1166 868 1277 897 verbum,

714 908 776 936 quod
794 908 864 929 corde
890 910 1007 935 gestamus
1033 908 1077 930 1103
1095 914 1106 929 a
1124 920 1155 924 —-
1180 908 1279 930 mentale

714 947 736 969 in
754 946 872 974 publicum
891 946 1053 974 progreditur,
1070 952 1123 968 cum
1150 947 1225 969 induit
1242 952 1279 968 ve-

714 988 772 1008 stem
791 986 855 1008 vocis
874 986 917 1007 107
935 992 946 1007 0
971 998 1001 1002 -
1023 986 1101 1008 exiens
1118 986 1140 1007 in
1159 985 1278 1013 publicum

714 1031 759 1047 non
777 1025 884 1053 relinquit
902 1025 999 1046 mentale
1011 1024 1153 1046 domicilium
1171 1023 1199 1047 ib.
1217 1024 1231 1046 b
1249 1037 1277 1040 —-

714 1065 776 1086 Meus
793 1064 826 1086 sic
843 1063 942 1086 verbum
959 1070 1027 1085 suum
1045 1063 1113 1090 dicit,
1130 1064 1195 1092 quod
1212 1064 1278 1085 silen-

715 1103 771 1125 tium
790 1109 835 1125 non
854 1103 938 1130 trangit
955 1109 997 1124 uec
1015 1103 1114 1125 sonitum
1138 1103 1208 1125 ullum
1228 1103 1280 1124 facit

714 1141 743 1165 ib.
761 1149 773 1164 a
792 1155 819 1158 —
840 1142 900 1165 idem
919 1144 953 1164 est
970 1142 1072 1170 species,
1088 1148 1148 1170 quae
1161 1142 1190 1164 de
1203 1145 1279 1163 mente

714 1182 829 1209 gignitur,
847 1185 868 1204 et
885 1181 997 1209 verbum,
1014 1181 1079 1210 quod
1102 1181 1131 1203 de
1149 1184 1226 1203 mente
1243 1187 1279 1203 na-

714 1221 785 1243 scitur
806 1221 847 1243 106
866 1221 880 1243 0
898 1233 928 1237 -
945 1221 1028 1243 mentis
1053 1225 1075 1242 et
1099 1220 1197 1243 verbum
1216 1220 1279 1242 vocis

715 1263 768 1282 sunt
786 1266 869 1287 unum,
888 1260 952 1288 prius
969 1260 1064 1288 quidem
1083 1260 1181 1286 nudum,
1200 1263 1278 1287 postea

715 1299 823 1321 vestitum
847 1300 886 1321 107
901 1299 915 1321 Ι)
927 1311 958 1315 -
969 1305 1023 1321 eum
1036 1299 1141 1327 procedit
1154 1299 1174 1320 in
1188 1304 1279 1325 vocem,

715 1341 748 1361 est
766 1339 860 1360 nuntius
877 1338 982 1365 rationis,
1000 1338 1113 1366 interpres
1132 1338 1279 1365 10011115,1110-

715 1378 828 1400 nifestatio
846 1377 969 1399 voluntatis
986 1376 1040 1399 ibid.

763 1430 790 1432 —
810 1417 877 1443 salsa,
891 1423 948 1438 vana
958 1434 964 1444 ,
978 1416 1064 1438 inutilia
1077 1416 1140 1445 loqui
1153 1422 1279 1444 possumus

715 1462 727 1478 a
744 1456 820 1483 nobis,
837 1456 878 1478 sed
896 1462 941 1478 11011
959 1455 1030 1478 verba
1043 1455 1111 1483 bona,
1128 1455 1280 1478 consolatoria

715 1500 737 1518 et
754 1495 815 1517 utilia
829 1496 873 1517 626
888 1495 902 1516 b
914 1507 944 1511 —
963 1495 1023 1517 Deus
1040 1495 1116 1517 omnia
1130 1494 1189 1517 bona
1208 1494 1280 1516 verba

715 1539 791 1557 nostra
809 1535 832 1556 in
844 1534 956 1562 scriptum
970 1534 1054 1561 redigit
1072 1534 1101 1556 55
1119 1540 1131 1555 a
1148 1546 1178 1550 —
1198 1533 1279 1556 Verbis

716 1573 782 1596 bonis
807 1573 996 1601 iustificabimur,
1026 1573 1091 1595 malis
1116 1572 1280 1595 damnabimur

716 1613 760 1635 377
779 1612 801 1635 b.
819 1613 862 1634 386
883 1612 896 1634 b
913 1624 943 1628 —-
961 1612 982 1634 Si
1006 1612 1113 1634 nolumus
1130 1612 1280 1634 condemnari

715 1658 741 1675 ex
758 1651 837 1674 verbis
854 1652 951 1678 uostris,
970 1651 1098 1678 babeamus
1110 1651 1180 1673 verba
1194 1652 1277 1679 dulcia,

716 1698 759 1714 11011
778 1692 845 1718 (101ος
870 1691 975 1718 humilia,
1001 1697 1046 1712 non
1067 1690 1181 1718 superba3
1204 1690 1280 1713 aediti-

715 1731 807 1759 eatorta,
825 1737 870 1752 11011
888 1730 1011 1752 criminosa
1030 1729 1074 1752 387
1092 1736 1103 1751 0

762 1782 791 1785 —-
809 1769 848 1792 Dei
866 1774 899 1791 051
916 1769 1024 1797 nuntius,
1042 1769 1082 1797 qui
1100 1769 1164 1790 affert
1175 1774 1281 1790 rumores

715 1809 744 1831 (le
761 1809 836 1831 amico
854 1812 934 1831 1105110
951 1808 1041 1831 Christo
1059 1808 1103 1830 569
1123 1807 1137 1829 b
1154 1820 1184 1824 —
1201 1811 1235 1830 est
1251 1808 1280 1830 ci-

715 1848 759 1870 bus
776 1848 900 1876 spiritualis
917 1848 961 1870 207
979 1854 990 1869 0
1006 1860 1033 1862 -
1046 1847 1130 1869 (1101101
1142 1847 1215 1874 panis,
1227 1846 1281 1875 quia

715 1888 804 1910 confert
822 1887 919 1915 gratiam
939 1887 979 1909 281
1001 1893 1013 1908 a
1031 1898 1062 1902 —
1079 1886 1223 1914 significatur
1240 1891 1281 1913 per

715 1929 837 1954 argentum
855 1929 951 1954 propter
968 1926 1018 1947 eius
1037 1925 1209 1953 pretiositatem,
1221 1924 1282 1953 puri-

717 1969 785 1988 tatem
804 1968 825 1987 et
839 1966 987 1987 sonoritatem
1006 1965 1046 1986 731
1068 1971 1080 1986 0

763 2017 793 2021 -
810 2005 864 2033 quia
882 2005 1009 2032 pretiosum
1027 2006 1073 2032 est,
1096 2003 1226 2025 ministrum
1250 2008 1282 2025 re-

716 2044 786 2073 quirit
804 2044 894 2066 fidelem
913 2044 954 2065 731
976 2050 988 2065 a
1001 2055 1031 2059 —
1043 2043 1137 2065 Collatio
1156 2041 1281 2064 verborum

716 2083 850 2105 divinorum
863 2089 909 2105 non
922 2086 956 2105 est
967 2089 979 2104 a
993 2082 1084 2104 viribus
1096 2082 1214 2109 humanis,
1227 2081 1281 2110 quin

717 2122 794 2150 potius
812 2128 824 2144 a
842 2122 979 2144 muneribus
996 2121 1081 2143 divinis
1099 2121 1144 2143 330
1161 2127 1173 2143 a
1186 2133 1216 2137 -
1230 2121 1283 2142 Ver-

718 2161 773 2184 bum
787 2161 826 2183 Dei
840 2167 970 2188 proponere
988 2161 1024 2182 vel
1040 2160 1121 2182 audire
1138 2160 1223 2182 volenti
1241 2160 1283 2181 tria

719 2200 846 2222 necessaria
867 2202 920 2222 sunt
940 2200 968 2221 30
987 2199 1002 2221 1)
1024 2211 1051 2214 -
1074 2199 1139 2220 Ρο1115
1159 2198 1224 2220 verbi
1243 2198 1283 2220 Dei

718 2239 888 2267 dispensandus
900 2241 931 2260 est
950 2244 992 2266 pro
1003 2238 1054 2260 loco
1066 2241 1088 2259 et
1100 2241 1203 2265 tempore
1215 2240 1237 2259 et
1249 2243 1283 2259 ca-

718 2278 816 2306 pacitate
833 2277 965 2299 auditorum
984 2278 1024 2298 281
1041 2283 1053 2298 0
1071 2276 1135 2298 —in
1148 2282 1173 2297 se
1184 2276 1282 2297 eandem

719 2318 827 2339 virt-utem
841 2316 916 2344 habet,
926 2316 1014 2338 etiamsi
1026 2318 1125 2338 transeat
1137 2321 1178 2342 per
1187 2320 1213 2336 os
1225 2315 1283 2336 male

719 2356 857 2384 dispositum
875 2356 919 2377 519
933 2354 948 2376 b
959 2367 990 2371 —
1005 2355 1027 2377 ln
1046 2354 1163 2382 multiplici
1181 2354 1283 2382 periculo

719 2398 772 2418 511111
793 2395 832 2424 qui
856 2397 989 2422 proponunt
1014 2393 1113 2416 verbum
1136 2393 1176 2415 Dei
1199 2393 1244 2415 286
1270 2398 1283 2414 0

719 2447 750 2451 -
767 2434 866 2462 Quidam
884 2434 992 2456 dividunt
1009 2434 1069 2455 hunc
1082 2438 1166 2461 panem
1178 2432 1283 2454 artificia-

720 2474 769 2496 liter
786 2476 808 2496 et
825 2473 892 2501 pauci
911 2474 1019 2500 frangunt
1043 2478 1097 2494 eum
1121 2471 1191 2494 modo
1207 2477 1283 2493 neces·

720 2513 780 2535 sario
798 2513 838 2534 281
860 2518 873 2534 0
889 2524 919 2528 -
936 2518 981 2534 11011
999 2514 1075 2539 potest
1091 2511 1123 2533 sie
1141 2510 1247 2539 proponi,
1260 2513 1285 2532 ut

719 2552 828 2574 omnibus
846 2552 934 2579 placeat
951 2551 995 2572 286
1013 2557 1025 2572 a

767 2604 795 2607 -
809 2591 872 2613 Sicut
883 2590 1015 2612 sitibundus
1026 2590 1054 2612 ad
1068 2592 1157 2617 potum,
1169 2589 1202 2611 sie
1214 2590 1284 2610 homo

720 2630 790 2653 debet
807 2635 901 2652 currere
917 2629 947 2652 ad
965 2629 1138 2657 intelligentiam
1151 2628 1283 2650 divinorum

693 2677 697 2679 “
722 2669 848 2692 verborum
861 2669 905 2691 695
918 2668 933 2690 b
945 2680 975 2684 ——
987 2668 1030 2697 Qui
1044 2668 1117 2695 diligit
1128 2668 1224 2689 salutem
1237 2667 1283 2688 ani-

722 2715 773 2731 mae
785 2708 859 2736 diligit
871 2708 952 2730 audire
960 2707 1060 2729 verbum
1073 2707 1112 2729 Dei
1126 2707 1169 2728 188
1180 2712 1192 2728 0
1203 2719 1230 2721 -
1241 2705 1284 2734 Qui

722 2748 819 2770 audiunt
836 2748 954 2769 veritatem
975 2746 1061 2769 debent
1072 2746 1169 2768 invitare
1186 2745 1249 2772 alios,
1261 2748 1285 2767 ut

722 2787 816 2809 veniant
828 2790 850 2808 et
861 2786 955 2808 audiant
967 2786 1012 2808 255
1025 2785 1040 2807 b
1052 2797 1082 2801 —
1096 2785 1118 2807 Si
1135 2785 1223 2807 invitati
1240 2790 1285 2806 non

723 2825 825 2852 veniunt,
837 2831 882 2847 non
895 2824 980 2847 liabent
992 2824 1160 2846 excusationem
1174 2823 1218 2845 256
1230 2829 1242 2844 0
1254 2835 1284 2838 —

721 2865 802 2887 Anima
820 2864 956 2886 abominans
973 2864 1078 2885 divinum
1092 2862 1190 2885 verbum
1202 2862 1232 2884 ita
1244 2861 1285 2884 ob-

723 2906 842 2930 caecatur,
859 2906 882 2925 ut
901 2904 1073 2931 appropinquet
1089 2902 1156 2923 morti
1172 2904 1285 2928 aeternae,

722 2944 765 2966 nisi
783 2943 861 2965 divino
878 2941 951 2964 verbo
968 2944 1069 2969 sanetur,
1086 2940 1201 2963 reficiatur
1218 2943 1240 2962 et
1254 2939 1286 2961 di-

723 2984 811 3011 rigatur
830 2982 874 3004 432
892 2988 904 3004 a

1568 481 1623 503 vau

1357 531 1387 534 —
1404 518 1546 541 audiendum
1564 522 1597 541 cst
1614 525 1666 541 00111
1686 526 1771 547 magno
1789 521 1874 548 gaudio

1310 558 1355 579 559
1372 564 1384 579 a
1401 569 1432 574 ·—
1444 557 1551 580 Divinum
1566 558 1663 580 verbum
1677 559 1824 581 audientibus
1837 566 1874 581 nc-

1310 597 1408 619 cessaria
1426 600 1479 619 sunt
1504 597 1597 619 devotio
1620 598 1727 625 affectus,
1749 598 1873 625 captivatio

1311 635 1448 663 intellectus,
1466 636 1545 663 religio
1562 636 1687 658 caelibatus
1705 637 1733 658 86
1752 636 1766 659 1)
1785 649 1813 653 —-
1831 637 1873 665 Qui

1311 675 1360 697 vult
1386 675 1490 697 illustrari
1516 675 1595 697 divino
1621 682 1728 697 sermone
1757 676 1823 698 debet
1850 683 1874 698 se

1311 720 1450 741 praeparare
1475 716 1497 736 et
1518 714 1642 742 disponere
1669 720 1710 742 per
1732 715 1873 743 orationem,

1310 752 1451 775 desiderium
1470 752 1609 775 observandi
1627 753 1704 775 divina
1718 756 1839 781 praecepta
1853 757 1875 776 01

1310 792 1492 814 10001100110110111
1511 792 1555 813 237
1574 791 1589 814 b
1606 804 1635 808 —
1654 792 1697 814 Cor
1715 795 1819 814 nostrum
1838 793 1874 815 de-

1311 830 1349 853 bet
1366 831 1484 858 exstirpari
1502 837 1513 852 a
1532 831 1643 859 peccatis,
1661 831 1749 859 irrigari
1768 831 1875 859 lacrymis

1310 872 1333 892 et
1350 870 1487 891 inflammari
1505 869 1589 892 divinis
1607 870 1738 897 desideriis,
1752 873 1776 892 ut
1787 877 1813 893 ex
1825 871 1875 893 eius

1311 908 1390 931 auditu
1408 908 1535 931 babeamus
1553 910 1651 931 fructum
1668 909 1816 937 spectabilem
1835 916 1875 937 pu-

1311 947 1396 975 ritatis,
1415 948 1491 969 utilem
1509 948 1629 975 claritatis,
1642 947 1799 970 oblectabilem
1813 948 1875 970 fami-

1312 986 1414 1008 liaritatis
1430 986 1524 1008 divinae
1545 987 1585 1008 199
1604 993 1624 1014 a,
1643 986 1665 1008 1).
1683 987 1727 1009 200
1745 987 1760 1009 1)

1357 1038 1387 1041 ——
1405 1025 1477 1047 reficit
1489 1025 1603 1053 spiritum,
1620 1025 1637 1047 51
1650 1025 1757 1048 audiatur
1769 1032 1873 1048 reveren-

1313 1067 1357 1091 ter,
1380 1064 1517 1092 intelligatur
1539 1064 1674 1091 diligenter,
1691 1064 1720 1086 ad
1739 1065 1874 1087 memoriam

1312 1103 1436 1125 reducatur
1462 1103 1625 1125 delectabiliter
1651 1103 1695 1125 207
1721 1109 1732 1125 0
1750 1116 1781 1119 -
1799 1103 1875 1125 Verba

1313 1142 1353 1165 Dei
1372 1142 1476 1164 vivacius
1494 1145 1654 1170 penetramus,
1671 1143 1690 1164 51
1707 1148 1774 1164 curas
1796 1149 1876 1165 saecu-

1312 1182 1370 1204 lares
1387 1187 1521 1204 recusamus
1541 1182 1583 1203 *199
1603 1181 1616 1203 b
1634 1194 1664 1197 —
1681 1187 1726 1203 non
1745 1182 1876 1210 suscipitur,

1312 1221 1354 1243 nisi
1372 1221 1479 1243 credatur
1497 1221 1541 1243 317
1559 1227 1571 1242 0
1589 1233 1618 1236 -
1636 1221 1698 1242 Multi
1716 1227 1760 1242 non
1779 1222 1875 1243 multum

1313 1260 1367 1282 mite
1382 1259 1480 1282 verbum
1499 1260 1539 1282 Dei
1556 1260 1660 1288 audiunt,
1677 1264 1697 1281 et
1716 1260 1779 1282 multi
1798 1261 1834 1287 ita,
1853 1263 1877 1282 ut

1312 1299 1375 1328 quod
1399 1305 1440 1327 per
1463 1306 1531 1321 unam
1555 1305 1635 1321 aurem
1658 1300 1725 1321 intrat
1747 1305 1787 1327 per
1808 1300 1875 1321 aliam

1313 1342 1412 1361 transeat
1429 1338 1474 1361 524
1492 1338 1507 1360 b

1359 1390 1390 1394 —
1409 1377 1511 1399 Verbum
1530 1377 1569 1399 Dei
1587 1377 1668 1399 audire
1692 1380 1715 1399 et
1731 1384 1825 1400 servare
1842 1381 1875 1400 est

1313 1417 1389 1445 ipsum
1407 1423 1463 1439 vere
1480 1417 1575 1445 dilIgere
1593 1416 1637 1438 364
1656 1416 1670 1438 b
1687 1429 1717 1433 —
1731 1416 1832 1439 Verbum
1845 1417 1876 1439 di-

1312 1456 1393 1479 vinum
1410 1462 1503 1478 servare
1520 1456 1582 1478 idem
1601 1459 1634 1478 est
1658 1456 1720 1484 quod
1740 1456 1876 1478 fructificare

1313 1502 1354 1523 per
1380 1495 1452 1518 bonas
1477 1495 1623 1523 operationes
1646 1496 1689 1517 238
1717 1501 1729 1517 a
1754 1508 1785 1511 -—
1810 1495 1875 1517 Panis

1312 1535 1378 1557 verbi
1397 1535 1437 1557 Dei
1454 1541 1499 1557 non
1516 1538 1603 1557 tantum
1621 1537 1655 1556 est
1671 1535 1823 1562 frangendus,
1834 1535 1875 1557 sed

1313 1574 1382 1597 debet
1406 1574 1474 1596 etiam
1500 1573 1603 1601 comedi,
1624 1573 1715 1595 retineri
1734 1574 1755 1595 in
1778 1579 1876 1601 corpore

1313 1620 1354 1642 per
1371 1614 1512 1642 frequentem
1530 1613 1687 1640 operationem
1705 1615 1726 1635 et
1744 1613 1816 1640 digeri
1834 1619 1876 1640 per

1312 1652 1471 1675 contritionem
1491 1652 1534 1673 286
1552 1658 1564 1673 0
1582 1664 1612 1668 ——
1629 1654 1654 1674 ut
1671 1651 1753 1674 babeat
1769 1653 1876 1680 fructum,

1313 1691 1382 1714 debet
1393 1691 1462 1719 recipi
1476 1694 1615 1719 reverenter,
1628 1691 1718 1713 retineri
1731 1691 1834 1717 firmiter,
1844 1691 1877 1712 in-

1314 1731 1383 1758 telligi
1400 1730 1520 1758 diligenter
1534 1730 1577 1752 199
1591 1730 1605 1752 b
1617 1742 1647 1746 —-
1659 1731 1683 1752 in
1695 1730 1779 1752 bonam
1793 1733 1876 1752 terram

1313 1770 1452 1796 seminatur,
1469 1769 1563 1798 quando
1581 1769 1643 1798 quod
1661 1769 1793 1797 intelligitur
1807 1775 1878 1797 opere

1314 1809 1443 1837 completur
1460 1809 1505 1830 200
1518 1814 1530 1830 0
1544 1821 1571 1824 --
1584 1809 1649 1830 affert
1666 1808 1772 1836 gratiam,
1783 1809 1877 1836 quando

1314 1848 1376 1876 quod
1395 1848 1527 1875 intelligitur
1544 1853 1616 1875 opere
1633 1847 1740 1875 impletur
1759 1847 1802 1869 v195
1820 1853 1832 1869 a

1360 1899 1390 1903 —
1400 1887 1526 1909 lntellectus
1535 1886 1675 1915 exsequendi
1685 1886 1805 1913 diligenter
1814 1886 1878 1914 quod

1314 1926 1405 1949 auditur
1422 1928 1561 1952 reverenter,
1573 1925 1640 1947 datur
1653 1925 1768 1953 parvulis,
1781 1931 1825 1947 non
1843 1931 1879 1947 su-

1314 1965 1392 1993 perbis
1410 1965 1454 1987 237
1472 1964 1487 1987 b
1504 1977 1535 1981 —
1552 1965 1655 1987 Efficacia
1668 1964 1733 1986 verbi
1746 1964 1818 1986 divini
1831 1967 1878 1991 pot-

1314 2008 1348 2027 est
1360 2004 1466 2032 impediri
1479 2007 1527 2027 tum
1540 2010 1566 2026 ex
1578 2007 1642 2032 parte
1654 2003 1818 2031 praedicatoris
1829 2006 1877 2025 tum

1314 2050 1340 2066 ex
1353 2047 1419 2072 parte
1432 2043 1574 2066 audientium
1589 2043 1632 2064 188
1645 2048 1657 2064 0
1669 2054 1699 2058 -
1712 2042 1764 2064 ldeo
1775 2042 1879 2070 utrisque

1314 2083 1441 2105 necessaria
1468 2086 1503 2104 est
1528 2082 1600 2109 gratia
1625 2081 1666 2104 Dei
1687 2080 1740 2104 ibid.
1757 2093 1787 2097 —
1805 2082 1878 2108 Saepe

1315 2123 1417 2144 aufertur
1435 2121 1536 2143 efficacia
1554 2120 1619 2142 verbi
1637 2123 1732 2148 propter
1750 2119 1879 2147 ineptitudi-

1315 2167 1367 2183 nem
1387 2160 1538 2188 proponentis
1556 2159 1600 2181 695
1613 2159 1628 2181 b

1361 2212 1392 2215 —
1409 2199 1462 2221 facit
1479 2200 1576 2221 fructum
1595 2198 1740 2226 trigesimum
1762 2198 1784 2220 in
1802 2197 1879 2219 coniu-

1315 2238 1385 2266 gatis,
1403 2238 1573 2265 sexagesimum
1592 2237 1615 2258 in
1634 2236 1816 2264 continentibus,
1828 2242 1879 2258 cen-

1316 2277 1422 2299 tesimum
1446 2277 1467 2298 in
1492 2275 1621 2304 virginibus
1646 2276 1691 2297 200
1708 2281 1734 2302 0,
1752 2274 1767 2296 0
1785 2287 1814 2290 —-
1831 2275 1878 2296 illu-

1315 2318 1371 2338 strat
1388 2315 1535 2342 rationalem,
1561 2315 1689 2336 inflammat
1713 2313 1879 2341 concupiscibi-

1316 2355 1372 2382 lem,
1393 2353 1487 2376 roborat
1504 2353 1640 2376 irascibilem
1659 2353 1703 2375 237
1720 2359 1731 2375 0
1752 2365 1779 2368 ——
1799 2352 1879 2374 illumi-

1316 2396 1355 2415 nat
1371 2396 1393 2415 et
1409 2393 1537 2415 inflammat
1559 2392 1601 2414 478
1620 2398 1633 2414 0
1658 2405 1687 2407 -
1713 2391 1773 2413 Felix
1798 2395 1831 2413 est
1855 2391 1878 2412 in

1316 2438 1363 2461 quo
1380 2433 1436 2454 haee
1453 2431 1509 2453 fiunt
1531 2430 1560 2453 ib.
1578 2431 1593 2453 b
1609 2443 1641 2447 —
1654 2430 1739 2452 Audita
1757 2429 1822 2452 verbi
1838 2430 1877 2452 Dei

1316 2471 1391 2493 anima
1410 2470 1533 2499 aliquando
1551 2470 1699 2497 convertitur,
1716 2469 1839 2497 aliquando
1856 2469 1878 2491 in

1317 2510 1378 2532 bono
1400 2510 1505 2532 firmatur
1527 2512 1549 2531 01
1570 2514 1663 2536 semper
1684 2508 1706 2530 in
1730 2508 1811 2530 melius
1833 2508 1879 2530 illu-

1317 2550 1416 2572 minatur
1434 2549 1479 2571 562
1497 2548 1511 2570 b

1363 2601 1393 2605 -—
1411 2587 1552 2610 audiendum
1570 2590 1612 2614 est,
1629 2591 1653 2609 ut
1669 2586 1791 2608 videamus
1803 2589 1825 2608 et
1839 2586 1880 2608 im-

1317 2628 1422 2657 pleamur
1439 2627 1522 2655 Spiritu
1537 2626 1559 2648 S.
1572 2625 1615 2648 478
1633 2632 1646 2648 a
1664 2638 1693 2641 -
1711 2625 1807 2653 Quando
1820 2626 1880 2647 fran-

1317 2667 1379 2695 gitur
1396 2667 1461 2695 panis
1472 2665 1538 2688 verbi
1552 2665 1598 2692 Dei,
1611 2668 1664 2687 tunc
1675 2664 1821 2692 cognescitur
1838 2664 1880 2686 Do-

1318 2707 1394 2729 minus
1416 2706 1456 2728 281
1484 2705 1506 2727 b,
1530 2705 1573 2727 286
1591 2711 1603 2726 0
1626 2716 1657 2721 —-
1681 2703 1722 2726 ubi
1743 2703 1879 2731 suscipitur,

1318 2752 1362 2768 non
1381 2748 1414 2768 est
1431 2744 1568 2773 principium
1586 2743 1740 2770 corruptionis
1758 2742 1802 2764 317
1819 2748 1832 2764 0
1849 2754 1880 2758 -

1318 2785 1336 2807 51
1359 2785 1458 2812 perfecta
1475 2783 1521 2805 fide
1541 2782 1649 2808 creditur,
1666 2781 1725 2804 miro
1748 2781 1817 2803 modo
1840 2780 1880 2803 de-

1318 2824 1384 2846 lectat
1401 2823 1441 2845 291
1464 2829 1476 2844 0
1499 2834 1529 2838 -
1551 2822 1611 2844 Vide
1628 2821 1695 2843 etiam
1712 2820 1740 2843 V.
1758 2819 1880 2843 Praedica-

1319 2864 1356 2885 tor
1373 2865 1395 2884 et
1412 2860 1566 2884 Praedt'catio.

1365 2914 1395 2916 —
1412 2899 1557 2923 incarnatum
1573 2902 1607 2922 est
1627 2901 1680 2921 ante
1705 2904 1797 2921 omnem
1820 2904 1882 2920 crea—

1319 2943 1394 2963 turam
1411 2940 1456 2962 315
1474 2939 1488 2961 b
1505 2952 1535 2955 —
1552 2941 1671 2961 aeternum
1684 2940 1718 2960 est
1730 2938 1799 2960 fixum
1812 2943 1882 2966 quan-

1319 2982 1368 3002 tum
1386 2979 1415 3001 ad
1432 2978 1598 3004 substantiam,
1614 2977 1748 3000 distinctum
1768 2979 1880 3005 quantum
