2269 3448
660 207 764 236 tNDEx
787 207 1028 236 ALPHABETICUS
1050 206 1127 236 NONi
1151 207 1336 236 VOLUMiNlS.

370 248 427 270 111οΝ

117 289 238 316 diligenter
259 290 292 309 est
312 286 484 313 conservanda,
503 286 557 315 quia
582 292 623 314 pro
645 286 682 308 illa

117 327 220 350 Christus
238 327 345 349 sustinuit
363 329 460 348 mortem
474 326 518 348 297
533 325 547 347 b
560 338 588 341 —
603 326 645 347 Pro
657 331 682 347 ea

117 367 197 389 saltem
215 369 248 388 est
267 366 397 388 faciendum
419 365 480 393 1111011
505 364 634 386 luxuriosus
655 365 683 386 sa-

118 406 147 428 cit
172 412 213 434 pro
240 405 356 433 implenda
380 404 475 426 libidine
493 403 536 425 643
556 402 570 425 1)
592 416 622 419 -
640 403 683 431 Qui

118 446 191 473 ipsam
211 445 285 473 perdit
305 444 439 466 vestimenta
458 449 499 465 sua
513 443 589 471 perdit
607 442 650 464 476
669 442 684 464 b

166 496 195 500 —
213 484 234 506 in
253 484 296 505 hoc
315 483 403 505 mundo
423 482 555 504 conservari
574 488 618 503 non
637 484 684 509 pot-

118 527 151 546 est
169 523 213 545 238
232 522 247 544 1)
265 535 294 539 --
313 521 391 544 haberi
415 528 461 543 non
485 524 559 549 potest
576 521 618 542 nisi
643 526 684 548 per

118 562 254 585 modestiam
273 565 295 583 ct
312 561 486 589 temperantiam
506 561 546 581 68!
569 559 583 582 b
600 572 630 576 -
649 560 685 581 ha-

117 601 185 624 betur
203 608 244 630 per
266 601 409 629 disciplinam
433 599 586 628 poenitentiae
609 599 649 621 201
672 604 684 620 3

118 654 147 658 —
166 641 220 663 nihil
239 641 299 663 valet
317 640 365 662 sine
382 639 513 662 obedientia
532 639 577 661 522
595 638 610 660 b

166 693 194 696 -
212 680 255 709 Qui
273 680 312 702 diu
326 679 428 702 servavit
441 678 591 705 munditiam,
603 678 632 700 illi
646 677 685 700 dis·

118 720 176 743 110110
193 723 226 742 051
252 719 368 742 declinare
386 718 413 740 ad
438 718 539 746 aliquam
563 716 685 739 immundi-

118 760 172 782 tiam
192 759 237 781 470
248 758 262 780 b
279 771 309 775 —
321 758 427 786 reprimit
445 760 521 779 motus
533 763 545 778 c
558 762 626 778 carne
638 762 686 778 sur-

118 802 198 827 gentes
215 798 260 820 646
279 804 290 819 a

164 851 194 853 —
213 837 325 860 Dominus
342 839 447 864 acceptat
464 835 536 858 amari
562 841 573 857 a
592 835 686 857 mundis

119 878 163 899 333
183 877 197 899 b
210 890 236 892 —
250 879 272 898 et
290 876 378 904 puritas
388 875 465 903 magni
479 875 544 903 pretii
557 877 611 897 sunt
622 874 684 902 apud

118 917 192 939 Deum
212 916 256 938 522
274 922 285 937 a
312 928 342 932 —
369 915 463 943 Propter
488 915 529 936 ista
553 914 600 937 dno
626 916 686 936 totus

118 956 219 978 mundus
233 955 274 977 suit
285 955 356 977 semel
368 955 471 977 salvatus
484 953 537 977 ibid.
549 966 580 970 —
592 953 685 981 Sapien-

119 995 147 1017 tia
169 995 246 1017 divina
271 997 358 1017 tautum
379 996 441 1016 amat
464 993 562 1016 mundas
585 992 685 1021 animas,

118 1037 143 1057 ut
159 1035 235 1056 omnia
254 1040 324 1061 opera
344 1033 470 1055 munditiae
490 1032 533 1055 sibi
551 1032 686 1060 appropriet

118 1074 159 1096 201
181 1080 194 1095 a
211 1086 241 1089 —
260 1073 320 1095 Deus
338 1075 425 1095 tantum
444 1072 520 1094 dilexit
540 1071 685 1097 munditiam,

118 1116 144 1136 ut
159 1113 312 1135 sanctificaret
324 1115 414 1134 uterum
430 1112 543 1139 Virginis,
560 1114 684 1140 antequam

118 1152 270 1175 descenderet
287 1152 355 1174 Filius
372 1151 412 1173 521
430 1150 445 1172 b
462 1163 493 1167 --
510 1157 551 1173 nos
570 1150 621 1173 tacit
639 1150 685 1172 Deo

119 1191 243 1218 amabiles,
269 1191 363 1219 Angelis
380 1190 546 1213 desiderabiles
570 1193 592 1212 et
616 1189 684 1211 etiam

119 1230 274 1254 daemonibus
292 1229 404 1252 terribiles
422 1230 462 1251 201
481 1236 493 1251 a
511 1241 538 1245 ——
550 1229 592 1251 Per
609 1229 686 1251 cordis

120 1270 261 1293 munditiam·
275 1270 350 1292 anima
365 1269 443 1297 incipit
456 1269 586 1297 producere
599 1269 686 1290 fructus

119 1310 167 1332 Deo
184 1308 338 1337 acceptabiles
355 1307 410 1331 ibid.
427 1320 457 1324 —
475 1308 560 1336 Virgo,
575 1314 635 1336 quae
653 1311 686 1330 est

119 1349 194 1377 magis
206 1349 322 1376 despecta,
340 1348 358 1370 si
376 1348 404 1370 sit
422 1348 497 1375 magis
513 1347 601 1370 munda
614 1353 685 1376 quam

118 1389 173 1416 alia,
192 1387 286 1410 habebit
303 1387 414 1409 maiorem
438 1387 536 1415 gratiam
560 1387 604 1409 522
623 1393 634 1409 a
656 1399 685 1402 —

119 1428 167 1450 Hoc
185 1427 339 1455 significatum
365 1427 407 1449 11111
432 1427 453 1448 111
477 1427 557 1448 Esther
584 1425 638 1449 ibid.
656 1438 686 1442 —-

118 1467 195 1490 cordis
213 1467 369 1495 principaliter
388 1466 495 1494 impetrat
512 1466 615 1488 divinam
637 1471 686 1493 gra-

119 1507 173 1529 tiam
192 1507 232 1528 681
255 1513 266 1528 a

166 1546 258 1568 Menous
276 1558 304 1561 fl
322 1545 388 1573 prius
405 1545 446 1567 luit
460 1548 550 1567 creatus
567 1547 589 1567 et
606 1547 685 1572 postea

119 1588 213 1608 ornatus
223 1585 268 1607 399
279 1584 293 1606 b
303 1597 332 1600 —-
343 1584 416 1606 Orbes
427 1584 506 1606 muudi
517 1584 621 1612 corporei
634 1586 687 1606 sunt

119 1625 252 1654 quindecim
271 1624 315 1646 318
334 1630 354 1652 a,
372 1623 387 1646 b
408 1636 438 1640 -
460 1624 543 1651 Figura
565 1623 686 1651 sphaerica

120 1666 239 1687 attestatur
257 1663 420 1692 perfectionem
439 1663 461 1685 iu
479 1662 618 1691 corporibus
641 1669 687 1684 ma-

119 1704 174 1726 ioris
192 1703 271 1725 mundi
289 1706 310 1725 et
329 1703 424 1725 minoris
440 1703 481 1724 109
495 1702 509 1724 b
521 1715 551 1719 -
568 1703 593 1724 111
606 1702 685 1724 11131011

119 1743 207 1765 mundo
235 1743 320 1765 maiora
343 1748 455 1770 corpora,
473 1743 493 1764 iu
516 1742 597 1764 minori
624 1741 686 1764 nobi-

119 1783 174 1805 liora
204 1782 308 1805 membra
327 1781 413 1804 habent
437 1781 536 1810 figuram
562 1781 685 1804 rotundam

119 1821 174 1845 ibid.
191 1834 222 1838 —
240 1822 346 1849 designat
362 1821 508 1844 mundanum
526 1827 619 1844 sensum
641 1821 686 1843 533

120 1867 132 1883 a
150 1873 181 1877 —
198 1861 304 1889 designat
322 1861 467 1883 mundanum
484 1860 539 1883 ibid.

168 1913 198 1917 —
215 1903 264 1922 erat
281 1906 322 1928 per
340 1900 401 1923 idem
419 1899 523 1922 Verbum
541 1899 686 1926 reficiendus,

121 1946 162 1967 per
178 1940 241 1968 quod
261 1941 333 1962 tuerat
350 1940 422 1962 sactus
439 1939 468 1961 57
486 1945 497 1961 3

166 1991 197 1995 -
215 1982 275 2001 totus
293 1980 366 2002 sactus
382 1982 416 2001 est
432 1985 474 2007 pro
493 1979 586 2001 homine
603 1981 625 2001 et
642 1984 686 2001 ser-

120 2018 152 2040 vit
169 2018 190 2041 ei
208 2018 253 2041 385
268 2018 291 2041 b.
309 2018 353 2040 420
372 2018 386 2040 b
404 2030 434 2035 —
452 2018 576 2046 Explicatio
589 2017 642 2040 ibid.
656 2030 686 2034 —

120 2057 187 2080 nobis
200 2058 296 2080 traditus
313 2061 347 2080 est
365 2058 385 2079 111
403 2058 544 2085 sepulcrum,
557 2057 686 2085 speculum,

168 2332 262 2354 Nmm
295 2344 326 2348 -
359 2331 484 2353 commotio
523 2331 687 2358 interpretatur

121 2371 165 2393 184
184 2371 198 2393 1)

168 2411 242 2432 NABAL
259 2423 290 2426 —
307 2410 349 2432 Per
367 2409 437 2432 Nabal
456 2409 589 2437 intelligitur
601 2415 687 2437 corpus

120 2450 161 2472 521
183 2456 196 2472 a

166 2489 256 2511 Nimbus
274 2501 300 2504 -
320 2488 427 2516 designat
443 2488 598 2510 celebritatem
612 2489 687 2510 famae

120 2528 203 2551 Christi
222 2529 250 2550 30
269 2528 283 2550 b

166 2567 258 2590 Nauna
276 2580 305 2583 —
322 2567 411 2589 Natanti
428 2573 473 2589 non
492 2569 527 2589 est
552 2568 639 2589 bonum
658 2567 686 2589 al-

120 2607 192 2635 ligare
208 2607 300 2635 pondus
318 2613 430 2634 magnum
449 2607 478 2629 ad
496 2607 568 2634 pedes
586 2607 626 2628 211
649 2606 664 2628 b

122 2674 124 2676 ‚
168 2647 288 2668 Narivmis
303 2658 334 2662 —
352 2647 374 2668 111
393 2646 490 2668 Thracia
508 2646 562 2668 olim
581 2652 632 2668 mos
647 2646 687 2668 suit

121 2686 143 2707 in
160 2685 318 2707 nativitatibus
335 2685 455 2707 hominum
474 2686 529 2707 llere
545 2685 591 2707 545
609 2684 623 2706 b

169 2737 198 2741 --
215 2725 284 2746 Aliter
301 2725 403 2746 nascitur
419 2724 529 2752 splendor
546 2730 557 2746 a
575 2725 633 2751 luce²
650 2724 687 2746 ali-

121 2767 154 2786 ter
171 2770 267 2792 germen
285 2764 306 2785 iu
325 2764 382 2791 vite,
400 2764 464 2786 aliter
481 2764 523 2786 1105
535 2770 562 2786 ex
574 2769 639 2786 ramo
651 2763 686 2785 vel

121 2803 205 2825 arbore
226 2804 267 2825 100
285 2809 297 2824 a

168 2855 198 2859 —
215 2841 333 2864 Habemus
360 2842 500 2864 nativitatem
527 2842 642 2864 carnalem
660 2848 687 2864 ex

120 2882 193 2904 Adam
212 2885 234 2904 et
250 2881 392 2909 spiritualem
409 2887 436 2903 ex
454 2881 542 2903 Christo
565 2881 605 2903 146
625 2881 639 2903 b
656 2894 687 2898 —

120 2921 163 2943 Per
179 2921 279 2949 primam
306 2926 387 2942 sumus
410 2920 447 2942 filii
472 2920 530 2947 irae,
547 2926 589 2948 per
606 2927 686 2943 secun-

121 2960 174 2982 dam
200 2959 316 2982 nascimur
341 2959 380 2981 filii
403 2959 490 2987 gratiae
512 2958 542 2982 ib.
561 2959 574 2981 b
592 2972 622 2976 —
639 2960 687 2982 Tri-

121 2999 174 3027 plici
191 2999 261 3021 modo
279 2999 380 3021 nascitur
402 2999 471 3021 homo
497 2998 643 3026 spiritualiter
660 3005 686 3022 ex

216 3046 242 3069 S.
258 3046 350 3069 Bonav.
366 3058 396 3062 —
417 3046 487 3068 Tom.
504 3046 532 3068 X.

717 287 923 308 sustentamentum
938 285 1003 307 1951)
1015 298 1041 301 -
1053 288 1086 307 cst
1099 285 1165 307 nobis
1177 285 1285 307 subditus

718 325 762 347 5359
775 331 787 347 a
800 337 830 340 —
844 325 927 346 Mundo
945 330 1014 352 parce
1033 325 1143 347 utendum
1162 327 1195 346 cst
1217 324 1258 346 104
1272 331 1283 346 a

767 377 793 379 —
812 366 962 391 comparatur
980 364 1036 385 mari
1054 370 1080 386 ex
1099 364 1202 392 [pilaque
1219 364 1285 385 ratio-

718 403 786 425 nibus
804 403 848 425 '192
866 410 886 429 a,
905 402 919 424 b
939 416 963 418 —
985 403 1096 425 Antonius
1112 403 1206 425 eremita
1221 404 1240 424 in
1254 403 1285 424 vi-

718 442 781 465 sione
798 442 882 464 dicitur
900 442 998 470 vidisse,
1017 442 1080 470 quod
1100 445 1161 464 totus
1184 442 1285 464 mundus

719 482 800 510 plenus
817 484 866 503 erat
883 481 971 510 laqueis
989 481 1029 503 541
1052 487 1063 503 a

765 533 795 537 —
814 522 835 543 111
854 527 881 543 eo
898 524 933 543 cst
951 521 1055 548 vanitas,
1072 521 1199 543 durationis
1212 521 1285 543 brevi-

719 564 763 587 tas,
787 560 894 582 continua
919 560 1011 583 utilit-tio
1036 564 1058 582 ct
1083 566 1174 582 summa
1201 560 1284 582 malitia

718 600 764 621 730
782 606 793 622 a
812 613 842 616 -—
861 600 881 622 in
898 599 1008 622 omnibus
1021 600 1105 628 passim
1123 600 1201 622 delicit
1213 600 1257 622 553
1271 599 1285 622 b

719 651 748 656 —-
767 639 838 661 tendit
854 639 882 661 ad
902 639 1017 662 desertum
1045 643 1139 667 propter
1165 642 1285 667 peccatum

718 679 764 701 ’718
782 685 793 700 3

766 730 797 734 -
814 724 856 740 nos
872 718 984 746 pertrahit
1000 718 1030 740 ad
1048 724 1105 740 vana
1123 718 1167 740 550
1181 718 1196 740 b
1213 730 1243 734 —
1256 722 1286 740 10-

720 760 756 779 1115
773 760 807 779 051
825 763 899 779 ranus
917 757 961 779 553
980 764 992 779 a
1009 769 1039 773 —
1059 764 1103 779 11011
1122 760 1196 785 potest
1213 758 1284 780 teneri

720 796 749 818 ab
766 797 857 825 aliquo,
874 803 915 819 nec
933 797 1074 819 desiderium
1097 797 1197 819 hominis
1214 798 1287 825 replet

720 835 773 859 ibid.
791 848 821 852 -
838 842 884 858 nou
897 838 972 864 potest
989 836 1045 858 dare
1057 836 1235 858 consolationem
1249 843 1286 858 ve-

720 881 768 897 ram
789 881 829 897 1100
847 875 972 902 perlectam
991 881 1032 897 nec
1051 875 1226 902 temperativam
1242 875 1286 897 329

720 920 732 936 3
749 926 780 931 —-
797 917 831 936 est
847 914 977 936 simillimus
994 913 1091 936 umbrae
1109 914 1154 936 553
1173 920 1184 936 3
1202 927 1233 930 -
1254 919 1287 937 051

719 954 784 982 quasi
804 953 907 976 simarius
925 953 969 975 540
988 953 1003 975 1)

767 1005 797 1009 -
822 995 857 1015 est
881 993 977 1021 quidam
1004 998 1082 1015 carcer
1100 993 1140 1015 541
1163 999 1175 1014 a
1200 1005 1232 1009 -—
1254 996 1287 1015 est

719 1033 778 1055 sicut
795 1032 880 1055 domus
897 1032 1000 1060 undique
1018 1038 1115 1054 accensa
1132 1031 1186 1054 ibid.
1204 1045 1233 1047 —
1247 1033 1287 1054 ho-

720 1072 757 1094 die
774 1078 820 1094 non
842 1074 876 1094 est
896 1072 939 1093 nisi
964 1071 1072 1099 superbia
1092 1071 1137 1094 545
1155 1071 1169 1093 1)
1187 1084 1217 1087 -
1235 1072 1287 1093 13011

719 1111 779 1133 sicut
791 1111 865 1133 malus
877 1111 985 1133 dominus
998 1110 1039 1132 541
1057 1110 1071 1132 1)
1090 1123 1118 1126 -—
1132 1111 1208 1139 Quare
1220 1117 1286 1133 mun-

720 1150 779 1173 dana
797 1150 903 1172 dicantur
929 1156 979 1172 esse
1004 1150 1124 1172 mendacia
1151 1150 1195 1172 553
1219 1156 1231 1171 a
1257 1162 1287 1166 —

720 1190 802 1212 dicitur
820 1189 921 1217 Babylon
939 1190 980 1212 541
1003 1196 1015 1211 3
1032 1202 1063 1205 ——
1085 1189 1228 1217 significatur
1246 1196 1287 1217 per

719 1229 879 1252 Cariathiarim
897 1229 942 1251 718
960 1235 972 1251 a

766 1282 797 1284 —
815 1272 848 1290 est
872 1268 1007 1296 fugiendus,
1025 1268 1078 1297 quia
1105 1271 1139 1290 est
1161 1268 1225 1290 locus
1249 1268 1287 1290 im-

720 1308 833 1336 mundus,
858 1308 1013 1336 periculosae,
1035 1308 1204 1334 infructuosus,
1227 1307 1287 1330 labo-

719 1348 795 1370 riosus
813 1347 857 1369 540
871 1347 885 1369 b
903 1360 933 1363 —
945 1350 979 1369 est
996 1347 1180 1369 contemnendus
1192 1350 1287 1375 propter

721 1387 865 1409 occasionem
884 1387 968 1409 erroris
985 1390 1007 1409 et
1024 1386 1085 1409 devii
1105 1386 1148 1409 194
1161 1392 1173 1408 a
1192 1399 1221 1402 —-
1234 1392 1286 1408 cnm

720 1425 842 1453 omnibns,
859 1432 919 1455 quae
936 1429 989 1448 sunt
1006 1427 1027 1448 in
1046 1432 1086 1452 e0,
1104 1429 1138 1448 est
1160 1426 1288 1454 relinquen-

720 1465 764 1488 dus
782 1465 826 1488 550
845 1465 860 1487 1)
877 1478 907 1482 -
925 1466 1057 1487 Secundum
1076 1466 1208 1493 exemplum
1226 1464 1288 1487 Chri-

720 1505 747 1527 sti
764 1505 930 1533 relinquendae
947 1508 1000 1527 suut
1015 1504 1146 1527 mundiales
1164 1504 1288 1532 possessio-

719 1550 768 1571 nes,
786 1544 954 1572 distractiones,
974 1543 1151 1571 oblectationes,
1168 1547 1288 1566 consuetu·

719 1584 785 1606 dines
803 1583 847 1606 314
865 1590 886 1611 a,
905 1583 919 1605 b
936 1596 966 1600 —
984 1590 1029 1606 non
1052 1583 1122 1606 debet
1138 1584 1229 1606 allicere
1247 1589 1288 1605 nos

720 1623 748 1646 ad
767 1623 802 1646 sui
821 1629 932 1651 amorem,
950 1629 992 1645 1100
1011 1629 1052 1645 nos
1070 1623 1182 1645 mundum
1201 1622 1247 1644 305
1265 1629 1276 1644 a

768 1675 798 1678 ——
816 1662 860 1691 Qui
878 1663 958 1684 volunt
982 1662 1096 1684 mundum
1115 1662 1234 1689 despicere
1251 1662 1288 1684 de-

720 1701 775 1724 bent
791 1702 869 1724 levare
892 1702 971 1724 oeulos
994 1702 1024 1724 ad
1046 1702 1126 1723 mundi
1150 1701 1288 1728 vanitatem,

721 1741 885 1769 impuritatem,
902 1741 1056 1763 calamitatem
1074 1742 1119 1763 220
1132 1740 1154 1762 b.
1173 1741 1213 1762 221
1236 1747 1247 1762 a
1258 1753 1288 1756 —

722 1794 750 1796 —
768 1780 886 1803 Debemus
903 1781 996 1803 vincere
1022 1780 1103 1802 mundi
1128 1780 1288 1807 stoliditatem,

721 1820 877 1848 fragilitatem,
896 1820 1075 1847 malignitatem,
1099 1819 1287 1847 ingratitudinem

721 1860 763 1881 291
786 1859 809 1881 b.
826 1860 871 1881 292
889 1866 901 1881 a
915 1872 944 1875 —
962 1859 1010 1881 Hoc
1023 1859 1047 1881 fit
1059 1865 1100 1887 per
1117 1859 1197 1887 fidem,
1213 1864 1287 1886 spem,

720 1899 851 1926 caritatem,
870 1899 996 1926 gratiarum
1015 1898 1128 1920 actionem
1146 1897 1201 1921 z'bz'd.

768 1951 798 1955 —
824 1938 869 1960 Nisi
895 1938 947 1967 quis
973 1940 1060 1960 resecet
1085 1944 1097 1960 a
1123 1944 1148 1960 se
1174 1937 1287 1960 desideria

721 1978 810 2006 mundi,
828 1984 873 2000 non
892 1977 998 2006 pervenit
1013 1977 1042 1999 ad
1061 1977 1205 2005 degustanda
1224 1976 1289 2005 spiri-

721 2017 789 2040 tualia
815 2018 952 2040 charismata
979 2017 1060 2039 Christi
1087 2017 1127 2038 67t
1149 2022 1161 2038 a
1184 2029 1215 2032 —
1240 2016 1288 2038 Non

720 2057 803 2079 sufficit
820 2056 935 2079 mundum
953 2056 1086 2084 despicere,
1104 2056 1148 2078 nisi
1170 2056 1222 2084 quis
1244 2058 1289 2078 stu-

980 2188 1026 2235 N

721 2331 768 2352 Deo
785 2330 830 2352 730
849 2336 860 2352 3
878 2342 909 2346 -
927 2330 1064 2352 Sanctorum
1083 2329 1233 2357 distinguitur
1251 2329 1287 2351 tri-

721 2370 771 2398 plex
788 2372 810 2391 et
827 2369 962 2397 designatur
974 2374 1015 2396 per
1026 2369 1108 2395 stellas,
1126 2368 1201 2390 lucem
1214 2371 1235 2390 et
1247 2374 1287 2390 au-

720 2415 797 2432 roram
815 2409 861 2430 719
879 2415 890 2431 a

767 2461 797 2465 —
815 2448 859 2477 Qui
876 2449 924 2470 vult
940 2448 962 2470 in
980 2448 1018 2470 die
1030 2447 1157 2470 Nativitatis
1168 2447 1231 2469 refici
1243 2447 1287 2474 spi-

720 2488 830 2510 ritualiter
842 2494 883 2516 per
900 2487 1027 2515 Christum,
1045 2486 1114 2509 debet
1126 2490 1192 2508 antea
1204 2486 1287 2508 sancti-

720 2528 783 2550 ficari
800 2534 842 2555 per
859 2528 945 2549 cultum
964 2527 1070 2555 puritatis
1096 2526 1221 2552 interioris,
1239 2526 1286 2547 reli-

720 2567 832 2595 giositatis
857 2567 987 2594 exterioris,
1013 2566 1143 2588 devotionis
1171 2565 1286 2593 caelestis,

720 2606 876 2629 meditationis
898 2606 972 2634 ipsius
995 2605 1157 2627 incarnationis
1183 2604 1211 2626 97
1230 2610 1253 2632 a,
1271 2603 1286 2625 b

720 2658 751 2661 —
768 2646 811 2674 Qui
829 2645 899 2673 digne
918 2645 965 2667 vult
981 2644 1098 2667 celebrare
1122 2644 1211 2666 Domini
1230 2643 1287 2665 Nati-

721 2685 827 2713 vitatem⁷
841 2684 910 2706 debet
927 2684 1028 2711 dirigere
1040 2684 1101 2705 viam
1120 2683 1159 2705 Dei
1177 2683 1206 2705 ad
1224 2688 1248 2704 se
1266 2685 1287 2704 et

721 2724 821 2746 animam
840 2730 906 2746 suam
924 2730 966 2751 per
983 2723 1123 2751 impuritatis
1140 2722 1287 2750 expurgatio*

720 2770 781 2791 nem,
799 2763 889 2791 pietatis
906 2763 1081 2789 assumtionem,
1093 2762 1218 2784 sanctitatis
1235 2767 1287 2783 con-

721 2803 883 2830 versationem,
895 2802 974 2824 salutis
989 2802 1158 2830 promotionem
1175 2801 1203 2823 68
1216 2801 1238 2823 b.
1257 2801 1286 2823 69

721 2848 733 2864 a
750 2854 781 2858 —-
798 2842 831 2864 Ad
850 2841 995 2864 Nativitatem
1019 2847 1062 2862 nos
1085 2834 1200 2863 debemus
1223 2846 1286 2868 prae-

720 2887 802 2909 parare
820 2887 861 2908 per
878 2880 1046 2902 consessionem
1067 2880 1096 2901 65
1114 2879 1129 2901 1)
1149 2892 1176 2895 —
1195 2879 1229 2901 Ad
1246 2879 1286 2901 de-

720 2924 774 2943 vote
791 2919 952 2948 recipiendum
970 2920 1069 2941 Puerum
1087 2918 1230 2940 nasciturum
1249 2918 1286 2940 de-

720 2959 803 2982 bemus
815 2959 912 2986 vigilare
924 2959 1047 2985 viscerose,
1059 2958 1187 2985 lacrymose
1204 2960 1226 2979 et
1243 2957 1286 2979 vir-

721 3002 786 3021 tuose
805 2998 848 3020 127
867 3004 887 3025 a,
906 2997 920 3020 b

1828 210 1881 238 rlsiii

1576 248 1632 269 NA'l'

1318 286 1371 308 dcat
1387 286 1524 308 caelestibus
1541 287 1667 308 adhncrcrc
1693 288 1733 309 221
1755 294 1767 309 a
1789 300 1819 304 —
1840 288 1882 316 Qui

1318 326 1408 353 capitur
1426 325 1455 347 ab
1473 332 1552 348 11111010
1579 326 1658 347 mnndi
1683 333 1727 348 non
1755 330 1829 354 potest
1854 327 1882 349 ad

1318 365 1395 387 divina
1415 365 1485 387 levari
1504 365 1544 387 541
1567 372 1578 386 a
1601 377 1632 381 ——
1655 366 1697 393 Qui
1722 366 1834 388 muudum
1853 373 1884 387 sc-

1318 407 1421 432 qnnntur
1438 407 1613 432 consequuntur
1630 407 1651 426 et
1669 404 1787 426 diabolum
1806 405 1850 427 3353
1869 404 1884 427 b

1365 455 1396 459 —-
1418 443 1586 465 liiundanorum
1614 444 1713 471 potentia
1740 447 1774 466 cst
1796 444 1885 472 brevis,

1319 482 1456 504 conscientia
1476 483 1559 509 nunus,
1578 483 1653 508 1111111111
1673 483 1757 510 turpis,
1778 484 1821 505 xita
1846 484 1885 505 mi·

1319 521 1435 548 serabilis,
1455 523 1512 543 t'ama
1533 522 1596 549 vilis,
1615 522 1667 543 ilnis
1685 522 1798 544 horribilis
1824 523 1852 544 87
1871 523 1885 545 b

1319 573 1349 577 —
1367 561 1473 583 liluudani
1492 561 1547 583 nihil
1566 561 1651 583 habent
1672 561 1725 583 boni
1743 562 1828 589 operis,
1845 562 1885 584 sed

1320 606 1391 622 vanas
1410 600 1542 622 traditiones
1560 600 1750 628 philosophorum
1770 601 1814 623 3⁸2
1832 607 1843 623 a
1857 613 1886 617 —

1321 639 1429 662 Mundani
1447 642 1500 661 sunt
1516 640 1540 661 iu
1558 640 1593 661 via
1612 640 1686 662 carnis
1706 643 1728 661 ct
1745 646 1791 661 non
1810 640 1830 662 in
1850 640 1886 662 via

1320 679 1414 707 spiritus
1432 678 1485 701 ibid.
1505 692 1532 694 —-
1551 679 1636 701 Totum
1660 679 1772 706 gaudium
1792 679 1887 701 munda-

1321 725 1376 740 num
1395 718 1495 740 consistit
1514 719 1535 740 in
1554 719 1650 746 luxuria,
1665 718 1759 740 avaritia
1773 721 1795 740 ct
1809 724 1887 746 super-

1321 758 1358 780 bia
1380 758 1424 780 3015
1443 764 1455 779 a
1476 771 1504 773 —
1526 758 1645 780 lliundauis
1663 757 1753 780 difficile
1771 760 1805 780 est
1821 763 1888 785 prae-

1320 798 1398 819 dicare
1415 804 1507 819 crucem
1527 797 1681 825 poenitentiae
1699 797 1744 819 ³05
1757 797 1771 819 b
1783 810 1813 813 —-
1826 797 1887 819 Mun-

1320 837 1386 859 danis
1403 837 1475 865 gratia
1489 836 1631 858 subtrahitur
1643 837 1687 858 382
1700 843 1711 859 a
1727 849 1754 851 —
1768 837 1887 859 Amatores

1321 876 1401 899 mundi
1418 882 1471 898 cum
1489 882 1531 898 suo
1547 876 1651 904 principe
1668 876 1757 898 interno
1771 876 1887 898 tradentur

1321 915 1366 938 553
1385 915 1399 937 1)

1367 967 1398 971 -
1416 955 1528 977 0101111303
1553 954 1722 981 (111-0111111011,
1745 955 1797 983 quia
1823 954 1885 977 multi

1322 994 1361 1016 ista
1380 994 1477 1016 adorant
1495 994 1535 1015 541
1558 993 1573 1015 1)

1368 1033 1444 1055 Munus
1460 1045 1490 1049 -
1503 1032 1573 1055 debet
1585 1039 1635 1055 csse
1647 1032 1806 1055 absconditum
1824 1033 1864 1055 164
1875 1039 1886 1054 a

1369 1071 1524 1093 Mnamunsti‘on
1544 1083 1571 1087 —
1589 1077 1633 1093 non
1647 1071 1714 1092 intrat
1730 1077 1827 1098 regnum
1841 1077 1888 1093 cae-

1321 1110 1395 1132 lorum
1414 1109 1458 1132 440
1476 1116 1489 1131 a

1369 1149 1445 1172 litones
1461 1161 1491 1165 ——
1509 1149 1585 1171 cordis
1608 1149 1678 1171 nostri
1704 1152 1737 1171 est
1760 1149 1850 1171 castitas
1867 1152 1889 1170 et

1321 1189 1459 1211 continentia
1478 1189 1523 1211 572
1541 1194 1553 1210 a
1570 1200 1601 1204 —
1627 1189 1734 1216 designat
1760 1188 1828 1211 fldem
1854 1188 1889 1210 fir-

1321 1228 1388 1250 miter
1406 1228 1524 1250 fundatam
1543 1228 1587 1249 506
1606 1227 1620 1249 1)

1369 1268 1463 1290 1111111011
1484 1280 1512 1283 —
1530 1270 1664 1295 praeservat
1686 1273 1698 1289 a
1722 1268 1888 1295 putrefactione

1323 1306 1367 1329 646
1386 1313 1397 1329 a
1415 1319 1446 1323 —
1463 1307 1570 1334 designat
1588 1310 1685 1329 mortem
1704 1306 1786 1329 Christi
1813 1307 1857 1328 326
1875 1313 1888 1328 a

1321 1358 1352 1362 —
1369 1352 1509 1368 conservans
1526 1346 1633 1373 designat
1645 1346 1750 1374 corporis
1764 1346 1846 1368 Christi
1859 1346 1888 1368 in·

1322 1385 1537 1413 corruptibilitatem
1564 1386 1593 1407 30
1615 1385 1629 1407 b
1654 1398 1684 1401 —
1709 1386 1823 1413 significat
1848 1386 1889 1407 sra-

1322 1428 1427 1453 grantem
1441 1425 1578 1447 suavitatem
1594 1428 1616 1447 et
1628 1425 1799 1447 exsultationem
1823 1425 1862 1446 158
1875 1431 1887 1446 a

1323 1477 1354 1480 —
1371 1464 1478 1492 designat
1504 1465 1639 1487 munditiam
1664 1465 1739 1486 carnis
1765 1465 1809 1486 646
1828 1471 1840 1486 a
1861 1477 1887 1479 —

1322 1504 1429 1531 designat.
1446 1504 1542 1532 gratiam
1562 1504 1711 1526 mundantem
1730 1503 1785 1526 ibid.
1806 1516 1833 1519 μ·-
1852 1503 1889 1525 (10-

1322 1544 1398 1571 signat
1423 1543 1621 1565 mortificationem
1648 1543 1723 1565 carnis
1749 1543 1793 1565 166
1819 1549 1830 1565 a
1858 1555 1889 1559 —

1322 1583 1385 1605 Mons
1404 1584 1511 1610 myrrhae
1528 1583 1642 1610 significat
1654 1583 1718 1604 viros
1732 1585 1837 1604 austerae
1855 1582 1888 1604 vi-

1323 1625 1358 1645 tae
1370 1622 1414 1644 227
1427 1628 1438 1644 a
1452 1635 1482 1638 —
1496 1623 1536 1644 Per
1555 1623 1672 1650 myrrham
1685 1622 1817 1650 intelligitur
1828 1628 1889 1644 com-

1322 1662 1416 1689 punctio
1435 1662 1462 1683 38
1482 1661 1496 1683 b
1509 1674 1539 1678 -
1556 1661 1662 1689 designat
1674 1661 1832 1683 contritionem
1844 1661 1889 1683 535

1322 1707 1333 1723 a
1352 1713 1381 1717 -—
1399 1701 1505 1729 designat
1521 1701 1641 1728 corporale
1658 1700 1797 1729 obsequium
1819 1700 1860 1722 164
1873 1699 1888 1722 b

1370 1740 1483 1762 Mvsrenm
1513 1752 1543 1756 —
1572 1740 1650 1762 divina
1676 1743 1730 1761 sunt
1755 1739 1888 1767 praeterita,

1324 1779 1452 1807 praesentia
1470 1782 1492 1801 et
1510 1780 1584 1801 sutura
1604 1779 1647 1801 447
1659 1779 1674 1801 b
1686 1791 1716 1795 —
1735 1779 1774 1801 tria
1788 1779 1887 1800 difficilia

1322 1822 1376 1841 sunt
1391 1818 1420 1841 ad
1439 1819 1642 1845 considerandum,
1656 1819 1739 1841 scilicet
1752 1818 1887 1846 mysterium

1322 1858 1492 1886 incarnationis,
1505 1858 1626 1885 passionis,
1638 1857 1804 1885 redemptionis
1817 1857 1861 1879 314
1875 1856 1889 1878 b

1322 1910 1352 1913 —
1370 1900 1456 1926 quanto
1473 1897 1612 1925 profundius
1629 1897 1805 1924 investigantur,
1828 1899 1889 1919 tanto

1322 1937 1474 1965 profundiora
1493 1937 1640 1959 inveniuntur
1658 1937 1702 1958 262
1720 1936 1735 1958 1)
1753 1948 1783 1952 ——
1801 1936 1835 1958 Art
1853 1937 1889 1958 ali-

1322 1976 1414 2005 qualem
1433 1976 1596 2004 mysteriorum
1615 1976 1770 2004 cognitionem
1789 1981 1890 1998 necessa-

1323 2016 1355 2038 ria
1373 2019 1406 2038 est
1423 2016 1504 2043 oratio,
1523 2016 1616 2037 humilis
1628 2015 1753 2044 inquisitio,
1768 2015 1887 2037 assiduum

1322 2056 1424 2078 studium
1443 2055 1488 2077 299
1506 2055 1521 2077 1)

1369 2341 1399 2344 -
1416 2328 1451 2350 Ad
1469 2328 1665 2356 praeveniendum
1682 2327 1765 2350 Christi
1783 2328 1887 2350 Nativita-

1322 2370 1367 2390 tem
1386 2368 1512 2395 disponunt
1534 2367 1613 2389 divina
1640 2367 1781 2394 reverentia,
1799 2367 1886 2389 interna

1322 2407 1441 2435 munditia,
1454 2410 1531 2429 sancta
1545 2407 1589 2428 vita
1603 2407 1632 2428 32
1645 2406 1659 2428 1)
1672 2406 1796 2434 *1111115ῑί
1814 2407 1887 2428 11111111-

1321 2453 1376 2469 nens
1393 2449 1427 2469 est
1445 2446 1594 2469 devotissime
1607 2446 1776 2473 praevenienda
1790 2449 1885 2473 propter

1321 2486 1471 2508 solemnitatis
1488 2486 1623 2513 dignitatem
1643 2488 1664 2507 et
1684 2485 1834 2507 attentissime
1850 2491 1887 2507 ex-

1321 2525 1445 2553 spectanda
1464 2528 1558 2553 propter
1573 2525 1735 2552 mysteriorum
1749 2527 1824 2546 tantae
1841 2524 1886 2546 diei

1321 2565 1482 2587 fecunditatem
1500 2565 1529 2586 96
1542 2564 1557 2586 b
1571 2577 1598 2580 —
1616 2564 1697 2586 Christi
1716 2563 1886 2591 praevenienda

1320 2606 1354 2626 est
1370 2610 1412 2632 per
1429 2603 1531 2626 studium
1550 2603 1716 2631 purificationis
1729 2603 1838 2629 internae,
1851 2609 1886 2624 re-

1320 2643 1411 2671 ligionis
1428 2643 1580 2669 extrinsecae,
1598 2642 1752 2664 meditationis
1770 2642 1885 2670 evangeli-

1320 2689 1372 2711 cae,
1390 2682 1520 2704 devotionis
1537 2682 1624 2709 gratiae
1641 2680 1695 2704 ibid.
1713 2693 1742 2697 -
1757 2681 1837 2703 Timor
1849 2681 1885 2703 ad-

1321 2725 1403 2744 ventus
1430 2722 1508 2744 iudicii
1536 2721 1638 2749 disponit
1666 2721 1694 2743 ad
1723 2720 1884 2743 celebrandam

1320 2761 1465 2784 Nativitatem
1484 2761 1513 2783 35
1530 2767 1550 2787 a,
1568 2760 1583 2782 b
1602 2773 1629 2776 -
1649 2759 1765 2782 Debemus
1790 2759 1886 2781 sanctifi-

1320 2801 1367 2823 cari
1384 2804 1437 2823 ante
1462 2800 1523 2822 diem
1547 2800 1686 2827 Nam-itatis,
1707 2799 1762 2827 quia
1779 2802 1813 2821 est
1837 2799 1886 2820 dies

1320 2840 1477 2867 desideratus,
1503 2839 1644 2866 suspiratos,
1669 2842 1771 2865 amatus,
1790 2838 1885 2860 decora-

1319 2882 1367 2906 tus,
1386 2878 1534 2905 fecundatus,
1553 2877 1695 2905 glorificatus
1713 2877 1741 2899 97
1755 2877 1769 2899 1)
1782 2890 1811 2893 —
1824 2877 1886 2899 Chri-

1319 2918 1347 2940 sti
1365 2917 1501 2946 proponitur
1519 2920 1544 2939 ut
1555 2917 1686 2945 propinqua
1699 2916 1885 2944 exspectantibus

1319 2964 1360 2985 per
1377 2963 1455 2985 spem3
1469 2960 1493 2979 ut
1504 2957 1605 2984 excelsa,
1623 2955 1787 2978 venerantibus
1805 2961 1846 2983 per
1859 2956 1885 2978 ti-

1320 3002 1421 3024 morem;
1448 2999 1472 3018 ut
1497 2996 1627 3023 praeclara,
1653 2994 1826 3023 speculantibus
1844 3001 1885 3023 per

1763 3043 1788 3064 19
