2269 3448
451 208 506 236 VH!
1238 208 1425 236 PRAEFATIO.

454 286 582 321 animo
610 291 647 321 et
673 286 838 321 libenter
863 285 993 332 subiit,
1021 286 1138 321 immo
1165 291 1300 332 sponte
1336 298 1403 320 sua
1438 299 1534 321 onus
1561 286 1794 320 diversorum
1822 285 1995 320 laborum
2023 285 2062 319 in
2090 297 2128 319 se
2155 298 2215 320 su-

452 347 584 392 scepit.
613 346 725 381 Cordi
753 346 826 392 ipsi
854 350 942 391 erat,
962 351 1005 380 ut
1022 345 1171 380 labores
1188 345 1261 380 sibi
1292 345 1541 380 demandatos
1568 345 1720 380 meliore
1751 358 1826 392 quo
1856 349 1985 392 posset
2011 344 2123 379 modo
2151 358 2213 379 ex—

454 410 684 452 sequeretur.
703 405 757 441 Ut
782 404 961 451 operibus
986 405 1035 439 ab
1062 405 1281 439 obedientia
1307 405 1379 439 sibi
1407 405 1597 451 impositis
1624 404 1869 450 satisfaceret,
1898 417 2021 451 neque
2048 404 2210 450 tempori

452 478 576 512 neque
595 464 715 499 labori
743 465 926 511 pepercit.
954 464 1171 500 Secundum
1198 470 1235 499 et
1263 465 1415 499 tertium
1436 464 1615 498 volumen
1644 464 1916 499 Analectorum
1943 463 2213 499 Franciscano-

451 537 535 559 rum
563 525 684 570 ipsius
702 524 943 571 potissimum
972 537 1086 570 opera
1112 524 1311 570 exscripta,
1340 537 1428 558 cum
1455 523 1569 558 variis
1595 523 1793 558 codicibus
1820 523 1961 558 collata
1979 527 2017 558 et
2042 536 2110 570 pro
2137 523 2215 557 edi-

452 584 555 618 tione
582 588 806 630 praeparata
831 589 929 618 sunt.
958 582 1071 618 Omni
1099 588 1268 629 tempore
1294 583 1469 630 denique,
1490 583 1591 630 quod
1618 583 1692 617 sibi
1718 583 1909 630 reliquum
1928 587 2016 629 erat,
2036 582 2214 617 incubuit

451 644 498 678 ad
526 643 819 678 conscribendas
846 656 913 689 pro
938 643 1049 677 variis
1067 643 1162 677 actis
1185 643 1331 677 diurnis
1358 648 1395 676 et
1420 642 1729 689 ephemeridibus
1755 642 2062 677 elucubrationes
2088 642 2134 676 de
2161 655 2216 676 re-

452 703 523 738 bus
549 703 737 749 religiosis
764 707 801 736 et
828 702 1035 737 moralibus
1062 706 1278 736 tractantes

548 762 701 809 Optime
729 767 855 797 autem
887 761 961 796 sibi
988 762 1163 796 conscius
1197 766 1285 807 erat,
1322 762 1359 795 in
1396 762 1513 796 tantis
1547 761 1865 807 occupationibus
1898 761 2064 795 animam
2100 761 2215 796 nimis

452 821 611 856 distrahi
638 826 676 856 et
701 822 747 856 ad
774 826 921 855 terrena
947 821 1134 866 inclinari,
1163 821 1236 855 nisi
1264 821 1443 856 continue
1462 821 1509 855 ad
1528 820 1734 856 Dominum
1755 821 1924 855 elevetur
1947 823 1961 838 “
1977 834 2044 867 per
2062 833 2214 855 omnem

452 882 660 916 orationem
689 886 726 915 et
751 881 1049 915 obsecrationem
1079 880 1220 915 orando
1246 881 1350 915 omni
1376 885 1546 927 tempore
1572 880 1610 914 in
1639 880 1809 927 spiritu„
1843 879 1955 927 (Eph.
1978 880 2010 926 6,
2040 880 2121 927 18).
2150 879 2216 915 Di-

452 941 574 975 lectus
600 941 637 974 in
666 940 830 975 Domino
857 939 1063 975 defunctus
1090 939 1280 975 confrater
1304 945 1453 986 praeter
1470 939 1638 974 laborem
1666 939 1769 974 aliud
1797 953 1873 974 non
1900 940 2009 974 novit
2034 940 2109 974 nisi
2136 952 2216 974 ora-

452 1000 607 1035 tionem.
635 1000 669 1035 S.
697 999 833 1034 Missae
872 999 1119 1034 celebrationi
1147 1000 1370 1034 exercitium
1406 1000 1489 1033 viae
1524 999 1646 1034 crucis
1679 999 1921 1046 praemittere
1956 1003 2214 1034 consueverat.

452 1060 580 1107 Ipsam
600 1073 688 1094 vero
716 1059 750 1095 S.
777 1059 930 1094 Missam
960 1060 1064 1094 omni
1091 1072 1166 1106 qua
1192 1064 1342 1106 poterat
1367 1059 1569 1094 devotione
1588 1064 1625 1094 et
1643 1059 1845 1105 diligentia
1863 1059 2054 1094 celebrare
2081 1058 2217 1093 solitus

453 1125 541 1154 erat.
560 1119 676 1154 Missa
692 1119 803 1154 finita
820 1132 887 1166 per
905 1124 963 1154 sat
980 1119 1140 1165 longum
1159 1124 1311 1165 tempus
1338 1119 1543 1164 gratiarum
1563 1119 1702 1153 actioni
1721 1124 1759 1153 et
1778 1118 2018 1153 meditationi
2045 1119 2216 1153 intentus

452 1185 531 1214 erat
548 1179 634 1214 aliis
660 1180 813 1214 interim
840 1178 965 1213 Missis
991 1179 1126 1213 devote
1153 1178 1364 1213 assistendo
1383 1179 1444 1212 vel
1472 1179 1594 1213 varias
1612 1191 1743 1225 preces
1769 1178 1974 1213 recitando.
2002 1177 2150 1212 Pluries
2176 1178 2215 1212 in

453 1239 513 1273 die
534 1239 791 1274 visitationem
818 1239 1045 1273 sanctissimi
1073 1238 1305 1274 Sacramenti
1334 1239 1531 1273 instituere
1559 1237 1716 1281 solebat,
1737 1237 1839 1285 quod
1866 1238 1972 1284 pium
1992 1238 2215 1272 exercitium

452 1300 518 1333 vix
544 1311 713 1346 unquam
741 1299 880 1333 omisit.
908 1297 1105 1333 Praeterea
1123 1299 1225 1339 omni
1244 1297 1484 1332 hebdomada
1505 1311 1625 1332 unum
1652 1298 1787 1332 saltem
1814 1297 1980 1332 officium
2006 1296 2216 1332 Defuncto-

451 1371 535 1393 rum
562 1359 718 1393 recitare
745 1358 954 1393 consuevit.

548 1417 602 1454 Ut
627 1430 715 1452 vero
743 1418 866 1464 magis
891 1422 1073 1463 acceptus
1100 1422 1198 1452 esset
1225 1416 1398 1463 Domino,
1427 1429 1579 1451 necesse
1606 1421 1694 1461 erat,
1728 1423 1770 1450 ut
1803 1429 1871 1462 per
1904 1416 2026 1451 varias
2060 1415 2217 1450 tribula-

451 1478 575 1512 tiones
601 1477 834 1524 probaretur.
863 1476 1031 1511 Diversis
1057 1476 1198 1511 abhinc
1225 1476 1335 1511 annis
1361 1476 1560 1511 arthritide
1586 1481 1644 1511 sat
1669 1476 1778 1522 gravi
1804 1475 1921 1521 longo
1951 1480 2120 1521 tempore
2156 1488 2218 1510 ve-

452 1536 622 1583 xabatur,
650 1542 764 1583 atque
803 1543 935 1583 postea
973 1536 1120 1571 ultimis
1159 1537 1259 1571 vitae
1286 1548 1374 1571 suae
1413 1537 1524 1571 annis
1560 1536 1624 1570 vix
1659 1548 1829 1582 unquam
1864 1535 1965 1570 bona
1997 1534 2216 1570 valetudine

452 1596 659 1632 fruebatur.
687 1596 767 1631 Iam
796 1597 836 1631 in
861 1602 1046 1631 autumno
1072 1609 1130 1630 an.
1159 1596 1251 1631 1900
1277 1596 1315 1630 in
1345 1595 1517 1641 Collegio
1552 1601 1680 1630 nostro
1714 1608 1781 1641 per
1815 1595 1983 1629 medium
2011 1595 2119 1641 quasi
2150 1607 2217 1629 an-

452 1670 544 1691 num
572 1662 649 1691 tam
677 1656 785 1702 gravi
824 1656 1068 1702 premebatur
1104 1656 1337 1701 infirmitate,
1374 1660 1416 1690 ut
1455 1655 1566 1690 morti
1600 1655 1797 1701 proximus
1830 1654 2030 1689 videretur.
2060 1654 2216 1689 Viribus

452 1721 661 1762 utcumque
687 1715 910 1751 restabilitis
936 1729 996 1750 an.
1025 1716 1114 1750 1901
1142 1716 1214 1750 iter
1239 1716 1277 1749 in
1307 1714 1549 1750 Germaniam
1577 1726 1779 1761 aggressus
1797 1719 1863 1760 est,
1884 1719 1926 1748 ut
1949 1714 2085 1748 melius
2105 1727 2216 1749 curae

454 1775 686 1810 valetudinis
711 1776 907 1810 intendere
934 1780 1072 1822 posset.
1100 1774 1171 1810 Sed
1199 1776 1274 1809 iam
1302 1775 1340 1809 in
1368 1775 1451 1821 ipso
1469 1775 1603 1809 itinere
1622 1774 1670 1809 ob
1690 1774 1813 1809 cordis
1836 1774 1973 1808 vitium
2000 1773 2214 1820 perieulum

454 1836 586 1870 mortis
612 1835 772 1869 incurrit
798 1839 835 1869 et
862 1847 948 1869 mox
975 1836 1111 1869 iterum
1139 1835 1178 1869 in
1205 1834 1379 1869 morbum
1399 1840 1476 1869 tam
1496 1834 1760 1868 vehementem
1780 1833 1926 1879 incidit,
1954 1838 1997 1868 ut
2014 1846 2082 1879 per
2100 1833 2216 1868 totius

453 1895 543 1929 anni
571 1896 736 1941 spatium
764 1896 862 1929 iuter
888 1900 1047 1929 mortem
1075 1895 1271 1941 vitamque
1297 1894 1509 1929 fluctuaret.
1536 1893 1668 1928 Morbo
1704 1905 1853 1939 semper
1886 1893 2008 1938 magis
2041 1893 2216 1939 ingrave-

454 1961 593 1999 scente,
622 1967 708 1988 cum
737 1954 880 2000 pluries
907 1959 1064 1989 mortem
1094 1954 1167 1989 sibi
1194 1954 1392 1988 imminere
1418 1958 1579 2000 putaret,
1607 1953 1742 1988 devote
1769 1965 1919 1999 semper
1952 1952 2000 1987 ad
2027 1953 2149 1999 ipsam
2178 1965 2217 1987 se

454 2015 705 2061 praeparavit.
733 2013 902 2048 Tandem
930 2014 990 2048 die
1016 2014 1063 2048 24
1088 2013 1201 2059 Iunii,
1230 2027 1316 2048 cum
1343 2014 1503 2059 agoniae
1526 2012 1759 2047 eruciatibus
1778 2017 1986 2058 vexaretur,
2006 2024 2074 2058 per
2091 2016 2215 2046 totum

454 2073 532 2108 fere
559 2074 659 2108 diem
686 2074 733 2108 ad
760 2073 967 2108 Dominum
995 2073 1221 2120 suspirando
1248 2074 1428 2108 continue
1467 2072 1724 2107 exclamabat:
1757 2074 1771 2090 “
1791 2071 1964 2118 Domine,
1992 2071 2099 2106 Iesu!
2129 2071 2216 2105 veni

456 2138 494 2167 et
518 2134 650 2180 accipe
677 2133 853 2179 spiritum
893 2146 1019 2168 meum
1041 2161 1071 2177 „.
1099 2132 1157 2167 Ita
1192 2134 1272 2168 sine
1307 2133 1586 2167 intermissione
1619 2132 1902 2166 sanctissimum
1940 2130 2089 2166 Nomen
2128 2130 2216 2165 Iesu

455 2193 740 2239 pronuntiando
766 2193 825 2227 die
851 2193 896 2227 25
922 2191 1024 2227 Iunii
1054 2193 1144 2228 1902
1171 2193 1262 2227 hora
1286 2193 1408 2239 prima
1438 2193 1625 2227 matutina
1655 2193 1754 2226 inter
1783 2191 2041 2226 assistentium
2073 2202 2215 2237 preces,

456 2253 603 2299 impetu
630 2266 831 2287 nervorum
859 2258 1091 2299 consumtus,
1119 2253 1286 2287 animam
1312 2252 1392 2287 Deo
1418 2252 1595 2287 reddidit.

575 2490 602 2518 ln
624 2489 743 2526 Collegio
764 2490 789 2517 S.
812 2489 1031 2523 Bonavenunae,
1052 2489 1096 2517 dle
1122 2490 1155 2517 12>
1177 2490 1306 2526 Augusti*
1320 2490 1400 2517 1902).

1756 2757 1829 2793 PP.
1856 2757 2119 2794 EDITOREs.
