2269 3448
421 207 456 235 66
1059 226 1060 229 .
1165 201 1377 230 DtSSERTATtO
1400 202 1427 229 ll.

421 285 542 313 nondum
576 292 591 311 a
618 283 750 320 legatione
780 289 925 315 reversus,
948 281 1120 310 concorditer
1146 282 1193 309 ‘est
1215 280 1269 308 ele-

421 336 523 361 ctus».
547 332 610 359 Erat
632 331 683 359 lioc
714 330 740 358 in
773 329 842 358 festo
872 329 1043 357 Pentecostes
1074 328 1117 356 die
1149 329 1186 356 20
1209 327 1267 355 Maii

420 388 463 408 an.
489 378 563 407 1274
576 379 595 406 ¹.
618 378 799 413 Hieronymus
822 384 887 404 vero
903 383 1032 404 reversus
1046 379 1087 403 est
1102 374 1184 411 paulo
1200 376 1269 410 post,

421 427 463 455 die
479 434 576 462 nempe
598 425 616 453 li
639 425 695 452 lulii
719 423 869 452 secundum
892 422 1123 459 computationem
1140 421 1270 449 Waddin-

421 474 446 510 gi
460 474 479 507 ‘-’,
498 473 541 501 die
561 481 627 501 vero
649 472 686 500 24
710 471 776 499 lunii
800 470 952 499 secundum
975 469 1209 505 Hergenrotherss.
1243 484 1246 488 »

501 520 526 548 3.
550 520 741 547 Bonaventura
764 526 793 546 re
815 525 880 545 vera
902 517 1023 553 regimen
1049 515 1160 544 Ordinis
1188 515 1270 551 depo-

422 575 487 595 nere
509 566 619 599 debuit,
648 574 711 593 cuin
740 572 835 593 omnes
863 564 923 592 eius
951 563 1024 591 vires
1052 562 1270 591 absorberentur

422 614 455 642 ad
477 613 675 641 ordinationem
700 612 872 648 negotiorum
895 610 1006 638 Concilii
1029 609 1172 646 generalis.
1197 608 1268 636 istud

422 661 495 690 enim
518 660 626 688 interim
657 660 708 687 iam
739 658 863 694 Lugduni
886 660 1083 693 congregatum
1106 655 1271 691 expediebat

422 707 550 736 celeriter
571 711 597 734 et
620 713 752 742 prospere
774 713 819 733 res
841 703 954 732 maximi
985 702 1114 730 momenti
1127 702 1146 729 4.
1171 702 1272 737 Quales

423 758 515 790 partes
537 753 563 781 in
585 760 686 789 genere
710 751 838 780 babuerit
860 751 886 778 in
908 750 981 778 dicto
996 749 1116 777 Concilio
1131 748 1271 776 Bonaven—

422 804 502 834 tura,
525 802 620 828 narrat
650 799 710 827 cius
741 798 908 826 secretarius
940 796 1135 825 Bernardus52
1166 807 1178 819 «
1196 795 1271 823 llunc

422 847 513 875 dictus
534 847 662 875 dominus
683 845 834 882 Gregorius
855 844 885 872 X.
909 843 1109 872 cardinalatum
1131 842 1271 879 episcopa-

424 898 469 922 tus
491 893 650 922 albanensis
671 892 760 928 coegit
780 891 937 928 suscipere;
960 891 1041 919 cuius
1069 889 1224 926 praesentia
1245 891 1272 917 et

423 941 556 978 sapientia
578 941 603 968 in
627 940 672 968 illo
694 939 813 967 Concilio
834 947 850 966 a
872 938 926 966 Deo
955 937 1063 966 videtur
1086 937 1112 965 in
1138 936 1272 965 defensio-

424 996 486 1016 nem
512 987 682 1023 Religionum
715 989 811 1014 contra
833 985 934 1013 inultos
962 988 989 1013 et
1011 992 1123 1021 magnos
1144 983 1272 1012 adversa-

425 1036 480 1063 rios
501 1035 584 1063 luisse
607 1037 769 1070 praeparata
786 1045 811 1060 ».
836 1032 905 1060 [dem
929 1032 1028 1068 repetit
1049 1035 1075 1060 et
1090 1031 1150 1059 aliis
1164 1031 1272 1068 gravio-

424 1082 559 1118 ribusque
585 1081 688 1109 notitiis
709 1080 828 1116 complet
849 1083 946 1107 auctor
968 1078 1169 1107 Chronicorum
1193 1077 1273 1106 XXlV

424 1129 598 1157 Generalium
612 1129 638 1156 ⁰:
666 1140 678 1153 «ι
696 1128 725 1155 lit
749 1131 813 1155 tunc
835 1128 890 1163 (an.
915 1126 1000 1160 1274)
1022 1126 1075 1154 fuit
1097 1125 1122 1153 in
1140 1125 1273 1162 Lugduno

424 1177 552 1213 generale
573 1175 723 1204 Concilium
746 1174 932 1207 celebratum,
955 1181 1046 1202 mense
1069 1173 1137 1201 Maio
1162 1172 1273 1200 inchoa-

425 1228 492 1252 tum.
515 1223 600 1251 Cuius
623 1221 853 1257 (bonaventurae)
876 1220 1030 1257 praesentia
1051 1224 1077 1248 et
1099 1219 1272 1256 sapientiam

425 1271 470 1298 illo
492 1269 611 1298 Concilio
633 1277 648 1296 a
677 1269 732 1296 Deo
764 1268 873 1296 videtur
903 1267 928 1295 in
951 1267 1135 1295 defensionen]
1160 1265 1273 1302 Religio-

425 1326 491 1345 num
516 1316 726 1344 Mcndicantium
749 1319 844 1343 contra
867 1314 968 1342 multos
990 1318 1016 1342 et
1039 1321 1151 1350 magnos
1177 1312 1273 1340 adver-

427 1365 514 1393 sarios
535 1363 619 1391 fuisse
642 1365 813 1399 praeparata.
838 1362 864 1389 ln
892 1361 988 1389 eodem
1014 1368 1133 1397 namque
1154 1359 1275 1387 Concilio

425 1415 504 1440 erant
526 1411 597 1438 inter
618 1410 686 1438 alios
708 1413 763 1437 tres
786 1409 900 1437 Praelati
934 1409 1039 1436 nobiles
1061 1408 1168 1435 Fratres
1191 1407 1274 1434 Mino-

428 1466 487 1491 res,
510 1457 635 1485 videlicet
656 1457 802 1493 episcopus
823 1455 1012 1492 'l‘ripolitanus
1026 1458 1053 1483 et
1067 1454 1197 1482 dominus
1212 1454 1275 1481 Fra-

426 1508 467 1533 ter
489 1504 546 1532 Odo
570 1504 685 1540 Rigaldi,
707 1503 932 1539 archiepiscopus
954 1501 1195 1537 Rliotomagensis,
1218 1508 1275 1528 rna-

425 1552 510 1588 gister
533 1552 557 1579 in
582 1550 726 1587 theologia,
748 1553 775 1578 et
796 1549 925 1577 dominus
950 1549 1044 1577 Frater
1068 1548 1275 1581 Bonaventura,

427 1598 573 1626 cardinalis
596 1597 761 1633 praedictus.
779 1597 837 1632 Qai
850 1605 884 1624 ex
900 1596 1013 1624 clentini
1029 1596 1129 1632 Papae
1149 1594 1276 1622 iussione

427 1644 632 1682 principaliter
653 1644 765 1680 nepotia
792 1643 914 1671 Concilii
942 1641 1173 1679 pertractabant.
1197 1641 1274 1677 Quod

427 1691 538 1728 quidam
570 1690 729 1723 attendens,
764 1693 855 1718 motus
883 1689 1000 1722 invidia,
1030 1688 1184 1724 composuit
1217 1687 1277 1715 illos

430 1738 555 1775 vulgatos
577 1745 690 1766 versus:

557 1816 750 1843 llotliomagensis
767 1822 824 1837 anus
841 1818 863 1837 et
880 1815 971 1842 praesul
988 1814 1144 1842 Tripolitanus

555 1856 585 1877 Ac
603 1856 765 1877 Bonaventura
783 1857 879 1877 tractant
898 1854 987 1882 papalia
1006 1853 1062 1881 iura,

555 1894 646 1916 Ordinis
663 1894 820 1921 immemores,
837 1893 876 1922 qui
896 1893 951 1915 tales
963 1893 1051 1920 spernit
1063 1893 1163 1913 bonores
1178 1899 1198 1912 u.

508 1972 575 2000 Cum
592 1972 662 2000 inter
677 1972 757 2004 alios,
780 1975 811 1999 ut
825 1971 890 1999 dicit
905 1970 1040 1999 adductus
1056 1969 1212 2003 clironista‚
1228 1969 1277 1997 Bo-

430 2022 582 2047 uaventnra
604 2027 638 2046 er
659 2018 773 2046 (lamini
795 2018 896 2054 Papae
917 2018 1045 2045 iussione
1070 2016 1277 2053 principaliter

429 2066 543 2103 'negotia
558 2065 678 2094 Concilii
686 2069 892 2101 pertractaret,
905 2065 1006 2093 factum
1020 2068 1070 2097 est,
1082 2068 1113 2092 ut
1129 2071 1277 2100 progressu

430 2112 561 2149 temporis
581 2112 652 2140 t'ama
680 2112 714 2140 sit
736 2115 809 2145 orta,
831 2119 894 2140 eum
918 2111 942 2139 in
972 2111 1081 2147 praevis
1110 2110 1278 2139 sessionibus

429 2167 532 2187 munus
554 2159 687 2187 Praesidis
708 2159 831 2195 gessisse.
860 2158 945 2187 Cuius
973 2159 1061 2186 l'amae
1080 2160 1122 2186 est
1148 2157 1278 2186 solemnis

430 2207 567 2242 interpres
598 2206 693 2234 Sixtus
726 2206 765 2233 lV.
797 2205 918 2234 Pontifex
958 2205 1109 2238 Maximus,
1142 2204 1276 2233 diceus⁷:

434 2265 446 2278 «τ
463 2254 518 2282 Non
536 2253 629 2282 fefellit
644 2253 802 2287 (cardinalis
824 2253 1027 2287 Bonaventura)
1043 2251 1277 2288 exspectationem

430 2301 533 2329 Summi
558 2301 694 2329 l’ontisscis
710 2301 843 2337 (Gregorii
860 2300 917 2333 X),
933 2307 963 2328 ae
986 2299 1055 2327 sacri
1077 2299 1194 2327 Senatus
1208 2298 1278 2335 opti-

430 2356 492 2376 mus
515 2348 625 2384 Deoque
657 2348 840 2375 :unicissimus
862 2347 918 2380 vir;
941 2346 988 2375 sed
1011 2347 1036 2374 in
1066 2346 1186 2374 Concilio
1208 2346 1279 2382 Lug-

430 2395 545 2423 dunensi
568 2395 755 2431 praesidetis,
777 2394 924 2430 omniaque
953 2393 985 2421 ad
1008 2394 1054 2421 Dei
1079 2393 1185 2421 laudem
1212 2392 1279 2420 diri-

433 2450 515 2478 gens,
547 2442 647 2470 sedatis
678 2441 822 2470 discordiis
848 2441 1115 2477 difficultatibusque
1146 2440 1278 2473 sublatis,

431 2489 480 2525 ipsi
504 2489 637 2517 Ecclesiae
660 2489 782 2517 maximo
803 2489 865 2517 usui
889 2488 940 2516 suit
961 2492 988 2516 et
1009 2491 1211 2516 ornamento».
1233 2487 1278 2514 lis-

495 2623 500 2634 ¹
521 2623 655 2651 Wadrling,
673 2624 783 2648 Annales,
802 2623 881 2649 index.
907 2629 929 2644 v.
953 2622 1107 2649 Hieronymus
1132 2621 1161 2643 de
1184 2621 1277 2648 Asculo;

433 2664 527 2685 loannes
543 2663 572 2685 de
590 2663 744 2690 lx'omorowo7
768 2662 908 2689 liletnoriale,
927 2668 980 2689 pag.
1010 2662 1064 2687 t0t5;
1083 2660 1168 2687 Habet,
1188 2660 1280 2682 Provin-

432 2702 500 2728 ciale,
520 2708 573 2729 pag.
591 2701 632 2729 Gk
650 2702 749 2729 Moroni,
767 2701 908 2727 Diziouario,
924 2701 970 2722 vol.
989 2700 1025 2722 48.
1044 2706 1099 2727 pag.
1121 2700 1155 2725 1ος
1180 2699 1203 2720 Ρ.
1223 2699 1279 2720 Pan-

433 2741 483 2767 nto,
502 2740 574 2762 Storia
592 2740 771 2768 compendiosa,
789 2740 834 2761 rol.
853 2741 876 2762 lt.
896 2746 948 2767 pag.
971 2740 975 2761 1
998 2745 1064 2767 seqq.

461 2804 467 2809 ,
494 2779 502 2791 ²
521 2780 654 2807 Wadding„
672 2779 701 2801 ad
719 2786 756 2801 an.
775 2779 834 2801 1274
852 2785 876 2801 n.
893 2780 914 2800 ί).

496 2819 504 2830 ³
522 2819 770 2846 Kirrliengescliiclite,
790 2819 835 2840 vol.
854 2819 867 2840 l.
886 2824 937 2846 pag.
958 2819 1010 2839 sis.

494 2858 503 2869 ⁴
521 2859 610 2885 Het'elc,
630 2858 892 2885 (Ionettiengesemcnte,
909 2858 955 2879 vol.
975 2858 1009 2879 Vl.
1028 2863 1083 2885 pag.

495 2897 504 2909 ὓ
521 2899 626 2920 Analecta
645 2898 766 2925 Francisc„
784 2901 839 2920 tom.
858 2898 890 2919 lll.
908 2903 961 2925 pag.
978 2897 1033 2918 701.

495 2936 504 2948 Ο
522 2936 578 2959 lbid.
596 2943 650 2964 pag.
667 2938 720 2959 353.

496 2975 504 2987 ⁷
522 2977 589 2998 'l‘our
610 2977 614 2997 l
642 2977 711 2997 Prael'.
731 2976 832 3003 general.
851 2982 904 3003 pag.
922 2976 960 2998 XL
979 2978 991 3004 ¹4¹,
1013 2976 1051 3002 to,
1069 2978 1091 2997 et
1112 2975 1166 2997 Acta
1189 2975 1280 2996 Sancto-

433 3020 496 3041 rum,
515 3015 551 3036 die
574 3014 598 3035 ll
618 3015 675 3038 tulii,
696 3015 744 3037 Vita
764 3016 786 3036 S.
806 3015 987 3041 Bonaveuturao,
1006 3020 1060 3042 pag.
1078 3015 1117 3035 831
1140 3020 1163 3036 n.
1183 3013 1205 3036 ὅ,

1105 2856 1212 2878 isa-155.

1325 280 1386 308 dein
1409 279 1504 316 elogiis
1526 279 1577 307 boc
1593 286 1694 306 munus
1709 278 1788 306 essert
1803 277 1899 306 Sixtus
1914 277 1944 304 V.
1958 278 1982 304 ¹:
2003 277 2079 313 «Qui
2096 276 2173 312 (Gre-

1325 326 1421 363 gorius
1438 326 1481 359 X.)
1504 326 1529 354 in
1552 326 1612 354 eius
1634 325 1736 353 virtute
1758 328 1784 353 et
1806 324 1939 361 sapientia
1960 324 1997 352 ita
2018 324 2174 360 acquiesce-

1326 372 1381 406 bat,
1403 376 1434 400 ut
1455 372 1565 400 Concilii
1588 375 1663 400 recte
1683 370 1818 407 dirigendi
1840 373 1867 399 et
1887 370 2095 399 administrandi
2113 378 2175 407 par-

1327 422 1367 447 tes
1388 419 1415 447 ei
1432 419 1591 455 praecipue
1613 417 1775 446 tribuendas
1796 425 1856 446 esse
1876 417 2038 445 decerneret
2049 428 2075 450 »ς
2092 417 2174 445 Bona-

1329 470 1445 495 ventura
1466 466 1538 494 enim
1558 465 1709 494 secundum
1726 465 1875 493 sobet-tum
1893 464 2039 493 Liciensem
2059 469 2086 492 et
2100 465 2175 492 Ario-

1327 516 1400 541 stmn
1414 514 1424 529 2
1446 517 1472 541 et
1492 512 1659 541 Galesinium
1673 512 1684 528 ³
1706 516 1733 540 et
1758 512 1834 545 alios,
1860 511 2005 539 mandante
2032 511 2175 545 Pontifice,

1327 560 1418 588 onmia
1446 560 1472 588 in
1505 560 1673 588 sessionibus
1705 559 1818 596 privatis
1849 567 1999 595 congerere
2030 562 2056 587 et
2079 566 2175 595 parare

1327 607 1452 635 debebat..

1406 653 1556 681 Concilium
1570 657 1749 681 convocatum
1762 653 1823 686 suit,
1836 656 1866 681 ut
1880 652 2082 681 deliberaretur
2098 660 2176 688 prae-

1328 700 1408 736 cipue
1429 700 1462 728 de
1484 699 1585 728 unione
1606 699 1784 731 Graecorum,
1799 699 1833 727 de
1854 698 1977 727 subsidio
1991 699 2093 727 Terrae
2115 706 2176 726 san-

1328 750 1387 775 ctae
1409 750 1435 774 et
1456 746 1489 775 de
1510 746 1654 782 disciplina
1674 746 1865 774 ecclesiastica.
1889 746 1987 782 Aperta
2012 746 2064 773 t'uit
2086 745 2174 782 prima

1329 793 1414 822 sessio
1435 793 1495 821 eius
1516 794 1559 822 die
1581 795 1597 821 7
1627 793 1696 821 Maii.
1726 794 1797 821 Inter
1830 793 1946 830 primam
1980 796 2007 821 et
2028 792 2175 821 secundam

1329 841 1478 869 sessionem
1502 840 1599 869 babuit
1621 841 1711 869 locum
1733 840 1904 877 praedictum
1920 840 2076 876 Capitulum
2096 847 2177 876 gene-

1330 888 1387 916 rale
1408 887 1519 916 Ordinis
1540 888 1694 921 Minorum,
1710 887 1736 915 in
1760 896 1830 924 quo,
1846 887 2019 924 praesidente
2039 887 2177 915 Bonaven-

1330 939 1409 968 tura,
1431 935 1530 963 absens
1552 935 1733 971 Hieronymus
1754 935 1788 963 ab
1814 934 1911 963 Asculo
1933 934 2036 962 electus
2058 934 2110 962 fuit.
2131 934 2178 961 ati-

1330 983 1415 1011 nister
1437 982 1591 1019 generalis,
1612 986 1643 1010 ut
1664 982 1768 1010 dictum
1798 985 1847 1010 est.
1876 982 1922 1010 Die
1947 982 1981 1009 ¹18
2003 981 2062 1009 Maii
2085 980 2178 1009 habita

1329 1033 1370 1058 est
1392 1029 1512 1057 secunda
1527 1029 1637 1057 Concilii
1654 1028 1753 1062 sessio;
1775 1036 1831 1065 qua
1853 1028 1940 1062 linita,
1963 1028 2098 1064 perlectae
2114 1031 2178 1055 sunt

1330 1085 1422 1105 coram
1446 1076 1601 1104 convocatis
1622 1076 1713 1104 denuo
1735 1076 1863 1112 praelatis
1880 1075 1985 1103 litterae
2002 1075 2178 1103 transmissae

1331 1133 1345 1152 a
1362 1124 1465 1152 nuntiis
1482 1124 1622 1152 Fratribus
1638 1123 1802 1159 Hieronymo
1817 1126 1843 1151 et
1859 1123 1938 1151 sociis
1954 1122 2052 1151 ceteris
2063 1122 2096 1150 de
2113 1130 2177 1149 mox

1331 1171 1541 1199 advenientilms
1573 1170 1605 1198 ad
1638 1170 1788 1198 Concilium
1823 1170 1917 1206 legatis
1948 1169 2089 1197 Graecis&
2119 1169 2178 1204 Qua

1331 1218 1488 1251 occasione,
1511 1222 1542 1245 ut
1570 1220 1665 1245 narrat
1696 1218 1822 1245 oculatus
1856 1217 2004 1245 liistoricus
2031 1216 2141 1244 Concilii
2158 1216 2178 1249 ⁵,

1336 1277 1349 1289 «
1365 1266 1458 1293 Frater
1481 1265 1680 1297 Bonaventura,
1696 1264 1855 1292 Albanensis
1877 1264 2031 1300 episcopus,
2047 1262 2177 1291 sermoci-

1332 1315 1413 1344 natus
1434 1315 1490 1344 est,
1514 1312 1653 1348 proposito
1676 1312 1809 1343 themate,
1825 1310 1899 1347 qnod
1916 1310 2015 1346 legitur
2031 1309 2138 1337 Barucli
2152 1309 2178 1336 ⁸:

1333 1359 1483 1395 Emurfye,
1507 1358 1683 1390 Ierusalem,
1698 1362 1745 1386 sta
1767 1358 1797 1385 in
1818 1357 1926 1385 excelso
1949 1360 1972 1384 et
1988 1356 2180 1392 circumspice

1332 1406 1372 1433 all
1396 1405 1540 1433 Orientem
1562 1410 1586 1433 el
1608 1405 1675 1433 iride
1696 1404 1794 1442 eolligye
1815 1404 1891 1439 lilios
1913 1408 1977 1431 tuos
1999 1403 2035 1431 al)
2067 1403 2180 1431 Oriente

1332 1461 1423 1490 usque
1444 1452 1483 1480 ad
1507 1452 1726 1480 Occidentem».
1750 1452 1798 1480 Die
1820 1453 1836 1479 7
1860 1451 1926 1479 lunii
1951 1450 2043 1479 liabita
2063 1453 2104 1478 est
2127 1453 2180 1478 ter-

1335 1501 1368 1528 tia
1391 1500 1492 1533 sessio;
1515 1502 1575 1536 post
1597 1507 1698 1536 quam,
1720 1499 1763 1527 die
1785 1499 1888 1527 scilicet
1910 1499 1947 1526 ⁹24
1971 1498 2047 1531 lunii,
2063 1497 2179 1525 advene-

1334 1551 1399 1575 runt
1412 1547 1630 1575 numerosissimi
1649 1546 1760 1582 praelati
1777 1550 1803 1575 et
1820 1546 1898 1582 legati
1911 1545 2004 1573 Graeci
2019 1545 2044 1578 ⁷3
2059 1545 2103 1573 die
2114 1552 2180 1572 vero

1333 1595 1351 1622 h.
1373 1594 1431 1622 lulii
1453 1594 1534 1622 etiam
1557 1593 1636 1630 legati
1659 1594 1839 1621 Tartarorum
1866 1596 2053 1629 pervenerunt
2069 1592 2088 1619 ⁸.
2112 1591 2180 1619 lnte-

1334 1641 1385 1669 rim
1407 1644 1499 1669 autem
1531 1640 1575 1668 die
1607 1640 1642 1668 29
1676 1640 1743 1668 lunii
1767 1639 1891 1668 Pontifex
1924 1639 1981 1675 ipse
2008 1639 2116 1667 Missam
2138 1646 2181 1666 so-

1335 1688 1450 1716 lemnem
1473 1687 1637 1720 celebravit,
1667 1687 1693 1715 in
1716 1695 1772 1723 qua
1804 1686 1921 1723 Epistola
1949 1688 1976 1714 et
2004 1685 2179 1722 Evangelium

1334 1738 1360 1763 et
1381 1734 1469 1763 Credo
1501 1737 1609 1763 cantata
1639 1734 1754 1762 fuerutit
1787 1736 1840 1762 tam
1871 1733 1896 1761 in
1927 1733 2021 1761 Latino
2049 1740 2131 1769 quam
2155 1732 2180 1760 in

1334 1782 1453 1815 Graeco3
1476 1781 1667 1809 Bonaventura
1689 1784 1780 1809 autem
1808 1780 1870 1809 fecit
1891 1787 2045 1809 sermonem
2059 1779 2078 1807 ⁹.
2094 1779 2142 1807 Die
2165 1779 2180 1806 6

1336 1829 1393 1857 lulii
1417 1829 1510 1857 liabita
1532 1832 1572 1857 est
1593 1832 1693 1865 quarta
1720 1828 1820 1861 sessio,
1843 1827 1869 1855 in
1896 1835 1951 1864 qua
1979 1826 2088 1855 tandem
2116 1826 2181 1854 unio

1335 1884 1397 1904 cnm
1410 1875 1520 1903 Graecis
1531 1875 1622 1903 denuo
1637 1878 1776 1903 contracta
1791 1878 1833 1903 est
1845 1875 1881 1908 ¹⁰3
1897 1877 1924 1902 et
1939 1874 1975 1902 ita
1990 1874 2182 1901 Bonaventura

1398 1994 1404 2006 ¹
1424 1995 1489 2016 Tom.
1509 1994 1521 2015 1.
1541 1994 1582 2015 loc.
1601 1993 1638 2015 cit.
1656 1999 1710 2020 pag.
1729 1992 1806 2014 XLYll
1824 1992 1837 2020 5
1855 1993 1875 2013 6.
1894 1995 1915 2014 et
1933 1992 1987 2013 Acta
2006 1992 2117 2017 Sanctor.,
2139 1991 2182 2013 loc.

1334 2034 1372 2055 eit.
1391 2040 1443 2061 pag.
1462 2033 1507 2055 5³35
1525 2039 1546 2054 n.
1565 2033 1588 2054 7.

1398 2072 1406 2084 ²
1425 2073 1492 2100 Apud
1512 2072 1607 2099 bonelli,
1625 2071 1753 2099 prodromi„
1770 2071 1812 2093 col.
1830 2072 1867 2093 59.

1397 2111 1406 2123 3
1425 2112 1446 2133 ln
1464 2112 1509 2133 rita
1532 2111 1613 2133 inserta
1628 2111 1689 2132 Actis
1699 2110 1845 2137 Sanctorum,
1858 2111 1900 2132 loc.
1912 2109 1950 2131 cit.
1968 2115 2020 2137 pag.
2040 2109 2083 2131 838
2097 2114 2147 2136 cap.
2160 2108 2181 2129 7.

1335 2158 1357 2174 n.
1375 2151 1414 2173 78.

1397 2190 1406 2202 “¹
1426 2190 1465 2212 llic
1484 2190 1545 2212 testis
1568 2190 1671 2211 oculatus
1694 2192 1716 2210 et
1738 2188 1859 2211 historicus
1879 2188 1931 2210 dieti
1953 2187 2059 2215 Concilii,
2082 2187 2111 2209 ad
2133 2192 2181 2208 rem

1335 2234 1424 2252 narrat:
1445 2238 1455 2249 a
1470 2230 1531 2255 lteni,
1544 2229 1659 2256 pendente
1673 2228 1770 2250 termino
1783 2228 1861 2250 tertiae
1878 2227 1994 2254 sessionis,
2011 2227 2088 2248 Frater
2104 2226 2183 2247 Hiero-

1336 2276 1421 2297 nymus
1438 2273 1457 2291 et
1477 2269 1553 2291 Frater
1572 2268 1706 2296 ssonagrutia
1728 2268 1757 2290 de
1776 2268 1861 2290 Ordine
1877 2268 1982 2289 Fratrum
2001 2266 2124 2292 annorum,
2142 2265 2182 2294 qui

1336 2309 1399 2331 missi
1418 2310 1507 2331 fueraut
1524 2308 1595 2330 nuntii
1612 2314 1665 2330 cum
1684 2306 1777 2329 (luobus
1793 2306 1910 2329 Fratribus
1927 2312 1968 2334 per
1989 2306 2116 2327 Romanam
2144 2305 2184 2326 Ec-

1335 2349 1427 2371 clesiam
1446 2348 1473 2370 ad
1492 2349 1602 2374 Graecos,
1621 2346 1739 2369 miserunt
1750 2345 1867 2375 quasdam
1886 2344 1975 2368 litteras
1988 2345 2082 2367 domiuo
2098 2345 2182 2371 Papae,

1337 2387 1468 2416 dequibus
1494 2387 1543 2414 ipse
1570 2386 1678 2409 dominus
1700 2386 1759 2413 Papa
1786 2385 1882 2407 inultum
1905 2385 2001 2412 gavisus
2026 2387 2060 2406 est
2084 2387 2106 2405 ot
2132 2384 2182 2405 l'ecit

1336 2433 1421 2449 vocare
1438 2432 1519 2448 omnes
1537 2426 1652 2453 praelatos
1669 2425 1690 2447 iu
1710 2425 1796 2446 maiore
1813 2424 1907 2446 ecclesia
1925 2423 2087 2451 Lugdunensi3
2105 2426 2126 2445 et
2143 2422 2183 2449 ibi,

1336 2465 1445 2488 omnibus
1464 2465 1571 2493 praelatis
1587 2464 1748 2486 exsistentibus
1767 2464 1788 2485 iu
1805 2464 1885 2491 cappis
1902 2463 1961 2490 suis,
1977 2463 2054 2484 Frater
2066 2462 2183 2484 Bonaren-

1337 2508 1410 2527 tura...
1422 2513 1443 2526 n.
1461 2504 1613 2526 Conciliorum
1633 2507 1686 2525 tom.
1705 2504 1741 2525 28.
1761 2502 1861 2531 (Parisiis
1880 2501 1949 2530 tolli)
1969 2508 2022 2529 pag.
2040 2501 2093 2522 528.

1399 2542 1408 2554 ⁵
1427 2542 1482 2564 ibid.

1399 2582 1408 2594 ⁰
1427 2583 1522 2604 Barucli.
1542 2582 1566 2607 ὃ,
1585 2582 1606 2604 5.

1400 2621 1408 2634 ⁷
1426 2622 1578 2644 Conciliorum
1598 2624 1651 2643 tom.
1671 2621 1707 2642 28.
1726 2620 1781 2643 ibid.
1794 2624 1816 2642 et
1829 2620 1934 2642 Analecta
1948 2619 2069 2645 Francisc.,
2082 2622 2136 2640 tom.
2150 2618 2182 2639 lll.

1338 2668 1390 2689 pag.
1410 2662 1466 2683 2356:
1489 2670 1497 2679 rx
1512 2660 1628 2687 Tandem,
1647 2660 1750 2682 nonduin
1769 2660 1831 2681 tinito
1849 2659 1961 2685 Concilio,
1974 2665 2026 2680 cum
2039 2657 2182 2680 solemnibus

1336 2701 1476 2722 Graecorum
1497 2699 1581 2721 nuntiis
1598 2699 1665 2721 rediit
1682 2699 1868 2726 (Hieronymus),
1887 2698 1993 2725 negotiu,
2010 2703 2053 2725 pro
2070 2703 2117 2725 quo
2138 2696 2183 2717 ive·

1337 2743 1383 2766 rat,
1403 2739 1495 2760 trliciter
1520 2738 1661 2766 expedito».
1684 2737 1730 2759 Cl'r.
1752 2738 1841 2765 Heli-le,
1859 2736 2120 2764 Conctttengesctiictne,
2137 2735 2182 2757 vot.

1338 2778 1374 2800 Vl.
1392 2784 1445 2806 pag.
1467 2777 1517 2799 l3l.

1399 2815 1408 2827 ⁸
1427 2816 1483 2838 lbid.
1499 2819 1521 2837 et
1538 2815 1643 2837 Analecta
1662 2816 1703 2837 loc.
1722 2815 1772 2837 cit-1
1797 2823 1808 2834 α
1821 2815 1948 2837 Adsuerunt
1964 2815 2032 2836 etiam
2055 2814 2076 2835 in
2099 2813 2181 2835 codem

1337 2855 1446 2883 Concilio,
1464 2861 1504 2882 per
1522 2854 1620 2876 cundem
1638 2854 1739 2876 Fratrem
1753 2854 1918 2881 Hieronymum
1931 2853 2032 2880 adducti,
2045 2852 2116 2875 nuntii
2130 2853 2183 2874 Tar-

1338 2898 1472 2916 tarorum».
1492 2894 1548 2915 Tres
1567 2894 1649 2915 liorum
1667 2893 1704 2915 die
1725 2893 1750 2914 16
1769 2893 1815 2915 lulii
1834 2892 1940 2920 baptizati
1958 2896 2018 2914 sunt.

1401 2932 1410 2945 ⁹
1427 2933 1582 2955 Conciliorum
1601 2935 1656 2954 tom.
1673 2932 1711 2954 28.
1729 2938 1782 2960 pag.
1801 2932 1858 2954 529:
1881 2940 1891 2952 a
1905 2931 1993 2960 Quibus
2010 2931 2088 2957 dictis,
2106 2931 2182 2952 Frater

1338 2974 1498 2995 Bouarentura
1516 2972 1567 2994 lecit
1583 2978 1714 2994 sermonem
1733 2978 1801 2994 suum
1820 2978 1893 3000 usque
1911 2971 1938 2993 ad
1957 2971 2058 2993 finem».

1401 3012 1420 3024 ¹⁰
1438 3012 1525 3038 llel'ele,
1543 3011 1599 3033 ibid.
1616 3018 1670 3039 pag.
1688 3011 1732 3033 v142
1749 3017 1814 3039 seqq.
