2269 3448
639 230 695 252 DEV

386 277 428 299 per
445 270 609 293 sublimitatem
628 269 838 297 contemplationis,
851 268 951 290 suavita-

386 312 432 332 tem
443 309 581 336 devotionis,
590 309 724 331 aviditatem
736 307 888 335 repressionis
897 306 950 329 ibid⁴

385 360 417 365 -
440 348 588 377 quaerendus
609 350 641 370 est
665 353 717 369 cum
741 347 801 369 filiali
823 346 951 369 reverentia

386 388 416 410 75
434 394 447 410 a

433 439 464 444 -—
483 427 540 449 Tres
565 429 618 449 sunt
643 426 693 448 viae
720 425 788 448 eundi
810 425 840 447 ad
864 425 951 447 Deum:

387 472 492 489 recessus
513 473 525 488 a
549 466 622 492 malo,
639 471 746 487 accessus
771 465 801 487 ad
824 464 912 486 bonum
931 466 952 485 et

387 512 494 529 accessus
511 506 539 528 ad
557 505 670 533 optimum
689 505 734 526 625
752 503 767 526 1)
784 516 813 520 -
831 503 864 526 Ad
879 503 951 525 Deum

387 549 421 568 est
437 545 602 568 revertendum
621 550 673 566 cum
692 544 774 566 timore
786 546 808 565 et
819 548 899 564 amore
912 542 952 563 186

388 585 410 607 b.
430 585 475 608 405
492 584 507 606 b
524 596 554 600 —-
572 584 595 605 Si
612 584 721 605 volumus
738 582 817 604 venire
828 581 859 604 ad
872 582 952 607 Deum,

387 623 501 647 debemus
517 629 560 645 nos
577 622 697 645 humiliare
715 621 759 643 556
778 627 790 642 a
808 633 837 636 -—
855 621 898 649 Qui
915 625 953 647 ap-

388 663 518 691 proximant
535 663 582 684 Deo
599 661 722 689 puritatem
740 659 851 682 aemulari
868 658 953 681 debent

388 703 433 724 503
451 702 466 724 h
484 715 511 717 —
530 700 647 723 Debemus
664 700 758 721 tendere
779 699 801 720 10
821 699 893 720 Deum
912 703 953 725 per

388 741 471 767 fidem,
490 740 652 762 confidentiam
671 741 693 760 et
710 738 827 760 caritatem
847 737 891 759 407
909 743 921 758 a

435 792 466 796 -—
483 779 619 806 Obligamur
637 778 760 800 Dominum
784 777 864 798 timere
881 776 953 798 bumi-

388 820 445 846 liter,
462 819 481 841 ei
500 818 595 840 obedire
611 817 707 839 fideliter
724 819 746 839 et
763 817 839 844 ipsum
857 815 954 843 diligere

389 860 504 881 ferventer
527 857 570 879 420
589 863 600 878 a
619 869 649 872 —
666 859 700 878 est
720 855 837 878 timendus
859 858 954 882 propter

389 903 454 920 suam
473 896 606 924 potentiam,
624 895 769 923 sapientiam,
781 894 891 916 iustitiam
909 893 953 915 525

389 936 403 959 h
422 949 451 952 -
469 936 586 958 timendus
603 938 637 957 est
653 934 736 956 timore
754 934 827 956 filialis
848 939 954 955 reveren-

388 976 432 998 tiae
443 976 473 998 75
486 975 501 997 1)
513 987 543 991 -
559 975 622 1002 Quae
643 973 771 996 reverentia
789 973 818 995 sit
834 973 877 1000 ipsi
895 972 954 995 exhi-

389 1014 464 1037 benda
482 1015 527 1036 555
545 1013 560 1035 b
576 1025 607 1029 —-
624 1019 669 1035 non
685 1011 753 1034 babet
765 1012 804 1040 qui
823 1012 899 1039 ipsum
917 1018 954 1033 ve·

388 1056 497 1076 nerentur
514 1053 555 1075 nisi
574 1053 674 1080 Angelos
696 1055 718 1073 et
740 1051 883 1079 poenitentes
899 1050 954 1073 ibid.

389 1106 418 1109 -—
432 1092 548 1115 Debemus
560 1092 639 1114 saltem
658 1092 765 1119 pietatem
784 1090 888 1112 vocantis
905 1096 954 1112 eru-

389 1132 495 1159 bescere,
513 1131 531 1153 si
549 1131 599 1153 eins
621 1131 729 1153 iustitiam
752 1130 860 1152 nolumus
878 1129 954 1151 formi-

389 1172 445 1194 dare
462 1171 506 1193 347
525 1177 545 1197 3,
563 1170 578 1192 1)

436 1222 467 1226 -
485 1210 531 1232 Deo
549 1209 637 1237 gratiae
659 1208 764 1236 agendae
789 1210 842 1230 sunt
860 1210 954 1235 propter

389 1250 543 1277 creationem,
566 1248 771 1276 gubernationem,
796 1247 953 1273 vocationem,

388 1289 573 1316 redemptionem
592 1287 636 1309 425
655 1287 669 1309 b
686 1300 716 1303 —
729 1287 772 1314 lpsi
784 1286 890 1314 agendae
901 1289 955 1308 sunt

390 1328 477 1356 gratiae
495 1334 537 1356 pro
555 1327 628 1349 tribus
647 1326 764 1348 beneficiis
782 1326 826 1348 434
846 1325 860 1347 b
878 1338 908 1341 —
920 1328 954 1347 est

389 1367 562 1390 benedicendus
572 1371 666 1394 propter
679 1366 811 1388 missionem
825 1365 923 1393 Spiritus
932 1365 954 1386 S.

390 1407 434 1429 413
452 1413 464 1428 a
491 1419 519 1422 —-
548 1405 664 1428 Debemus
690 1406 736 1427 Deo
762 1405 844 1427 ofl'erre
870 1410 955 1426 munus

391 1485 515 1513 spiritualis
532 1484 641 1507 desiderii
660 1484 704 1506 164
722 1483 737 1505 b

435 1536 467 1540 —
484 1524 618 1546 adorandus
635 1526 669 1545 est
685 1529 739 1545 cum
762 1522 862 1550 puritate
884 1524 906 1544 et
922 1528 955 1544 re·

389 1563 500 1585 ctitudine
517 1562 647 1585 intentionis
671 1562 715 1584 185
733 1568 746 1584 3
763 1574 791 1577 —
811 1561 888 1583 Nullus
908 1563 955 1588 pot·

389 1605 423 1625 est
443 1603 542 1630 perfecte
567 1602 640 1623 Deum
666 1601 776 1628 adorare,
802 1600 845 1622 nisi
872 1599 956 1622 babeat

390 1642 513 1664 maximam
532 1640 685 1663 reverentiam
705 1639 749 1662 184
762 1639 776 1662 b
788 1652 818 1655 —
831 1639 955 1668 Quomodo

390 1681 419 1703 ad
432 1681 505 1703 Deum
523 1679 651 1702 debeamus
669 1680 745 1701 levare
757 1679 833 1701 omnia
850 1677 954 1701 membra

390 1720 497 1742 interiora
516 1719 544 1741 40
563 1725 575 1741 a
587 1731 618 1735 —-
629 1718 815 1746 magnificandus
832 1720 865 1740 est
878 1718 955 1744 corde,

390 1765 442 1786 ore,
460 1765 531 1786 opere
549 1758 593 1780 413
611 1764 622 1780 3
636 1770 666 1774 -
678 1760 712 1780 est
729 1757 859 1780 laudandus
876 1757 897 1779 in
910 1758 954 1779 An·

392 1798 448 1826 gelis
465 1801 560 1826 propter
578 1798 618 1820 tria
638 1798 682 1819 619
701 1803 712 1819 3
731 1809 761 1813 -—
779 1796 897 1825 Quidquid
916 1797 955 1818 110-

391 1838 465 1860 manis
483 1837 528 1859 dici
546 1840 620 1865 potest
632 1836 717 1864 verbis,
730 1837 805 1858 minus
817 1840 851 1858 est
863 1843 874 1858 a
888 1836 956 1858 laude

391 1875 430 1897 Dei
445 1875 493 1897 595
510 1875 525 1897 b

438 1927 469 1930 —
486 1918 520 1936 est
541 1914 673 1941 diligendus
699 1914 809 1941 fideliter,
825 1914 955 1941 sinceriter,

391 1953 547 1976 indesinenter
566 1953 605 1975 421
628 1959 640 1974 a
659 1966 687 1968 —
704 1953 836 1980 diligendus
853 1956 887 1975 est
905 1959 955 1980 pro-

391 1995 442 2020 pter
458 1992 612 2019 creationem,
637 1992 848 2019 conservationem,
874 1992 956 2019 glorifi-

391 2032 504 2054 cationem
531 2031 575 2053 420
593 2037 617 2058 a,
635 2030 650 2053 b
668 2043 696 2046 —
716 2031 788 2053 Deum
814 2037 859 2053 non
877 2037 956 2058 possu-

392 2077 444 2093 mus
461 2070 564 2098 diligere,
580 2070 621 2092 nisi
640 2070 659 2092 ei
679 2070 785 2092 uniamur
798 2069 826 2092 ib.
839 2069 854 2092 b
866 2082 897 2086 —
909 2070 956 2092 Hoc

392 2110 416 2132 fit
432 2109 592 2137 intelligentia,
609 2109 740 2136 voluntate,
757 2109 868 2131 memoria
886 2108 940 2131 ibid.

439 2161 469 2165 ——
486 2149 514 2171 Ut
532 2149 570 2170 Dei
588 2154 692 2170 amorem
710 2148 871 2176 acquiramus,
882 2149 957 2171 exclu-

392 2188 476 2210 damus
488 2188 666 2210 demulcentiam
682 2187 894 2215 consanguinitatis,
905 2192 957 2209 ava-

391 2227 467 2249 ritiam
481 2227 634 2255 proprietatis,
650 2226 779 2249 illecebram
798 2226 957 2249 delectabilita-

393 2267 420 2289 tis
433 2266 477 2288 424
491 2266 505 2288 b
517 2279 548 2282 —
565 2267 617 2288 Eius
634 2266 701 2288 amici
719 2266 832 2288 efficimur
850 2272 891 2294 per
908 2272 958 2288 san-

392 2306 533 2332 ctimoniam,
550 2305 718 2332 obedientiam,
737 2306 908 2334 poenitentiam,
920 2311 958 2333 pa-

393 2346 494 2367 tientiam
508 2345 551 2367 417
562 2344 583 2366 b.
595 2345 639 2367 418
652 2351 664 2366 a
676 2357 706 2361 —
716 2345 756 2367 Dei
765 2345 832 2367 amici
845 2345 958 2367 efficimur

393 2390 434 2412 per
446 2386 605 2411 contemptum
623 2384 802 2412 mundanorum,
817 2384 957 2407 desiderium

392 2426 551 2451 aeternorum,
568 2423 727 2445 sustinentiam
745 2423 899 2445 adversorum
913 2423 957 2445 418

394 2462 408 2484 b
420 2475 451 2479 -
464 2462 507 2490 lpsi
520 2462 645 2490 placemus,
657 2462 676 2484 si
688 2465 722 2484 est
734 2462 755 2484 in
769 2462 834 2485 nobis
852 2462 958 2485 obedien-

394 2502 437 2524 tiae
455 2502 628 2529 promptitudo,
645 2502 788 2524 rectitudinis
801 2502 924 2524 aemulatio
937 2504 959 2524 et

394 2540 524 2563 devotionis
541 2541 643 2563 suavitas
660 2541 704 2562 580
723 2540 738 2562 b

441 2592 471 2596 —
489 2580 579 2608 Quanto
597 2580 648 2607 plus
673 2580 756 2608 aliquis
780 2586 805 2602 se
831 2581 959 2602 conformat

395 2619 488 2641 divinae
505 2619 629 2645 voluntati,
647 2622 710 2641 tanto
728 2619 802 2647 magis
820 2619 913 2641 divinus
924 2622 958 2641 est

395 2658 440 2680 339
458 2657 473 2679 b
490 2670 520 2674 —
538 2658 628 2685 Quanto
653 2658 736 2686 aliquis
761 2658 858 2680 efficitur
884 2658 959 2686 magis

395 2697 500 2724 divinus,
519 2699 580 2719 tanto
598 2697 660 2719 Deus
671 2697 826 2719 abundantius
838 2697 925 2720 habitat
936 2698 958 2719 in

395 2742 422 2758 eo
439 2735 493 2758 ibid.

442 2787 472 2791 —
490 2774 597 2797 Creatura
615 2781 734 2803 nunquam
752 2775 884 2798 desiderare
903 2782 959 2798 ausa

396 2817 442 2841 est,
459 2817 484 2836 ut
502 2814 550 2841 ipsa
568 2818 628 2836 esset
644 2814 705 2836 Deus
723 2814 762 2836 101
785 2814 799 2836 1)

443 2866 472 2869 -
491 2853 530 2875 Dei
548 2856 601 2875 sunt
617 2859 653 2875 res
671 2854 801 2876 mundanae
821 2856 843 2876 et
860 2855 960 2877 bonores

396 2891 436 2914 541
461 2891 474 2913 b

443 2931 541 2952 Davom-10
558 2943 589 2947 —
606 2933 640 2953 est
661 2932 749 2953 affectio
772 2932 857 2954 amoris
881 2933 960 2955 suavis

398 2970 535 2996 proveniens
552 2976 578 2992 ex
596 2971 706 2992 memoria
720 2970 885 2993 beneficiorum
898 2971 960 2994 Chri-

977 1367 1031 1389 'tari
1049 1367 1094 1389 298
1112 1366 1127 1388 b
1144 1379 1175 1382 —
1196 1366 1268 1388 voluit

971 1430 972 1437 ἵ
989 1406 1151 1434 pulcritudine,
1168 1406 1269 1434 ideoque
1286 1405 1368 1428 cecidit
1385 1406 1414 1427 60
1433 1405 1447 1427 1)
1466 1418 1495 1421 -
1507 1412 1553 1427 non

389 1446 523 1474 temporalis
540 1445 653 1471 beneficii,
671 1444 797 1472 corporalis
814 1443 919 1472 obsequii
933 1446 955 1465 et
971 1442 972 1450 ³

985 268 1013 290 sti
1031 268 1071 290 561
1094 274 1105 289 a
1123 280 1154 284 —
1171 270 1319 295 comparatur
1331 267 1398 296 aquis
1410 267 1550 295 pluvialibus

986 307 1014 329 37
1032 306 1047 329 b
1065 320 1094 322 —
1112 309 1260 334 comparatur
1283 307 1335 328 favo
1358 311 1380 329 81
1405 306 1464 328 108111
1488 307 1516 328 38
1535 305 1550 328 1)

985 358 1016 363 -
1033 346 1176 374 significatur
1193 352 1234 374 per
1252 346 1328 368 oleum
1347 345 1391 367 153
1409 352 1421 367 3
1439 358 1468 361 -
1480 351 1551 367 voca-

986 388 1022 408 tur
1048 386 1136 413 virgula
1163 385 1219 407 fumi
1245 385 1291 407 325
1318 385 1331 407 b
1349 397 1379 401 —
1396 385 1506 407 excitatur
1524 390 1551 406 ex

987 424 1099 447 beneficio
1116 424 1289 452 redemptionis,
1308 424 1468 452 promissionis
1481 424 1551 446 Patris

986 466 1008 486 et
1025 464 1140 486 donorum
1158 464 1257 491 Spiritus
1274 464 1297 485 S.
1310 464 1354 485 326
1371 469 1383 485 3
1395 475 1426 479 -
1438 463 1498 485 Haec
1515 463 1551 485 de-

986 503 1106 531 signantur
1125 509 1165 530 per
1182 504 1309 530 myrrham,
1322 503 1374 524 11105
1391 506 1413 524 et
1430 502 1550 530 pulverem

987 542 1135 570 pigmentarii
1152 540 1206 564 ibid.

1033 593 1064 597 —
1086 581 1227 609 quandoque
1254 581 1385 607 remittitur,
1411 581 1553 609 quandoque

987 620 1138 647 exstinguitur
1152 619 1196 641 458
1209 626 1221 641 a
1234 633 1263 635 —
1276 619 1346 642 debet
1357 619 1469 642 abscondi
1483 619 1526 641 153
1540 626 1551 641 a

987 671 1017 675 —
1043 659 1126 681 Malum
1154 662 1189 681 est
1216 659 1363 681 devotionem
1392 659 1553 687 subice-uvam,

987 704 1048 727 quae
1073 697 1171 720 debetur
1200 698 1255 724 Deo,
1282 697 1390 720 exhibere
1418 698 1554 720 bominibus

987 738 1032 760 557
1051 737 1066 759 b
1083 750 1113 754 —
1132 736 1201 760 debet
1218 743 1269 759 esse
1285 737 1422 763 subiectiva,
1443 737 1553 765 gratifica,

987 783 1095 799 amorosa
1111 776 1165 799 ibid.
1184 789 1211 792 ——
1230 777 1254 798 ln
1270 777 1364 804 signum
1383 777 1451 799 11111115
1468 777 1554 799 oscula-

988 822 1040 838 mur
1058 816 1137 844 pedes,
1154 822 1238 838 manus
1254 818 1277 838 et
1293 822 1319 838 os
1337 815 1390 838 ibid.

1035 868 1066 872 -
1083 861 1189 878 amorosa
1209 855 1261 877 facit
1273 861 1343 877 unum
1357 862 1410 877 cum
1423 855 1471 877 Deo
1483 855 1527 878 558
1541 861 1553 877 a

988 907 1017 911 -
1035 894 1147 923 recolligit
1169 894 1270 916 animam
1295 895 1339 917 508
1358 894 1372 916 b
1389 907 1420 910 ——
1438 900 1479 922 per
1496 895 1554 917 desi-

987 934 1079 956 derium
1104 935 1179 956 elevat
1204 940 1216 956 a
1242 934 1337 956 terrenis
1363 934 1403 955 571
1433 940 1445 955 3
1464 947 1494 950 —
1513 935 1554 956 Per

987 974 1125 996 suavitatem
1143 973 1274 995 devotionis
1287 973 1308 995 in
1322 974 1394 995 Deum
1407 974 1496 996 levatur
1508 976 1553 996 tota

988 1013 1064 1035 anima
1084 1013 1112 1035 40
1130 1019 1142 1034 a
1160 1025 1191 1029 —
1209 1013 1311 1035 Devotus
1323 1019 1334 1034 a
1347 1012 1437 1035 Cbristo
1450 1013 1554 1035 affectua-

988 1052 1037 1074 liter
1062 1052 1212 1074 suavificatur
1239 1052 1267 1073 38
1286 1058 1298 1073 a
1315 1064 1344 1067 —
1364 1052 1439 1080 Super
1463 1052 1554 1074 devotis

988 1092 1112 1120 requiescit
1128 1091 1207 1114 radius
1224 1091 1317 1113 divinus
1335 1092 1364 1113 30
1382 1090 1397 1112 b

1035 1144 1065 1147 —
1092 1131 1173 1153 [Jevou
1197 1134 1312 1159 quaerunt
1340 1131 1416 1153 locum
1445 1131 1555 1153 orationis

988 1171 1029 1193 691
1052 1176 1064 1192 3

1035 1210 1127 1232 Dexren
1144 1222 1174 1225 m
1192 1210 1256 1238 Quae
1274 1209 1295 1231 in
1313 1209 1390 1231 dextra
1409 1212 1461 1231 sunt
1478 1215 1554 1237 prom-

989 1249 1063 1277 ptiora
1082 1248 1196 1271 habentur
1214 1248 1258 1270 528
1277 1248 1292 1270 1)

1035 1301 1065 1304 -
1072 1288 1195 1310 Dexterum
1206 1288 1312 1315 designat
1320 1287 1378 1309 bona
1386 1290 1477 1310 aeterna
1488 1288 1532 1309 323
1541 1293 1553 1309 a

1037 1328 1142 1350 Diaconos
1159 1340 1189 1343 -—
1206 1333 1277 1355 super
1299 1333 1381 1349 omnes
1404 1327 1476 1349 voluit
1498 1327 1554 1349 exal-

1294 1365 1397 1388 Verbum
1422 1366 1506 1388 imitari
1531 1366 1553 1388 in

990 1446 1094 1473 peccavit
1110 1446 1199 1467 ratione
1216 1445 1347 1473 desiderati,
1364 1445 1405 1467 sed
1418 1445 1506 1467 ratione
1517 1445 1555 1467 de-

989 1485 1066 1507 siderii
1085 1486 1129 1507 529
1149 1485 1162 1506 b
1180 1497 1210 1501 —
1227 1484 1389 1512 superbientes
1406 1484 1502 1506 consilio
1514 1484 1554 1506 Dei

989 1524 1072 1547 deiecti
1089 1527 1142 1547 sunt
1161 1524 1204 1546 412
1223 1523 1237 1546 1)
1254 1536 1285 1540 -
1303 1524 1415 1546 Proelium
1433 1529 1487 1545 cum
1505 1523 1555 1545 dra-

990 1570 1048 1586 cone
1065 1570 1111 1586 non
1128 1566 1177 1586 erat
1194 1564 1215 1585 in
1233 1563 1296 1585 caelo
1320 1564 1455 1585 Sanctorum
1480 1563 1525 1585 354
1542 1569 1554 1584 a

990 1616 1019 1619 —
1037 1609 1080 1631 pro
1098 1609 1143 1625 uno
1160 1602 1276 1625 desiderio
1294 1605 1328 1624 est
1339 1602 1481 1624 aeternaliter
1493 1602 1556 1624 dam-

990 1645 1056 1665 natus
1073 1642 1118 1664 529
1136 1641 1151 1664 b
1168 1654 1197 1659 -
1217 1642 1238 1664 ln
1257 1643 1330 1664 fronte
1346 1641 1432 1664 diaboli
1444 1647 1556 1669 apparue-

989 1684 1043 1704 runt
1059 1682 1124 1709 signa
1141 1680 1266 1709 superbiae
1284 1680 1329 1703 184
1347 1687 1359 1702 3
1371 1693 1402 1697 -
1414 1683 1448 1703 851
1460 1687 1556 1708 grossus

989 1724 1012 1743 et
1028 1721 1120 1743 inflatus
1137 1726 1178 1748 per
1194 1720 1329 1748 superbiam
1347 1721 1392 1742 223
1409 1726 1420 1742 a

1038 1772 1066 1775 —
1085 1760 1214 1781 Daemones
1239 1760 1339 1781 oderunt
1364 1759 1436 1781 Deum
1462 1762 1556 1787 propter

989 1799 1091 1826 rigorem
1109 1799 1208 1821 iustitiae
1226 1799 1270 1820 233
1288 1798 1303 1820 b
1320 1810 1349 1814 —
1369 1804 1410 1826 per
1421 1797 1556 1826 superbiam

990 1838 1098 1860 amiserat
1118 1837 1273 1860 innocentiam
1291 1837 1336 1859 399
1354 1837 1369 1859 h
1386 1849 1417 1853 —
1434 1840 1556 1865 propterea

990 1877 1073 1899 invidit
1095 1877 1185 1899 Adamo
1208 1883 1233 1899 ea
1257 1877 1339 1899 vestito
1357 1876 1411 1899 ibid.
1429 1889 1459 1893 —
1476 1877 1556 1903 voluit,

991 1920 1015 1939 ut
1031 1917 1101 1944 primi
1119 1919 1225 1944 parentes
1243 1916 1352 1939 caderent
1369 1922 1410 1944 per
1421 1916 1555 1944 superbiam

990 1956 1049 1978 sicut
1066 1958 1088 1978 et
1105 1956 1155 1983 ipse
1173 1955 1216 1977 466
1235 1962 1247 1977 a
1265 1968 1295 1972 --
1312 1955 1366 1977 vicit
1383 1956 1499 1978 Adamum
1512 1958 1556 1977 tra-

991 1995 1067 2017 hendo
1085 1995 1161 2022 ipsum
1179 1995 1209 2017 ad
1226 1995 1344 2016 lasciviam
1362 1997 1384 2016 et
1400 1995 1429 2017 ad
1446 1995 1556 2016 malitiam

992 2034 1031 2056 261
1054 2040 1066 2055 3
1078 2047 1109 2049 -
1121 2034 1197 2061 1ρ50111
1211 2034 1301 2061 decepit
1314 2040 1355 2061 per
1367 2034 1487 2056 mulierem
1501 2033 1557 2056 ibid.

991 2085 1020 2089 ——
1038 2079 1080 2100 pro
1098 2079 1140 2095 sua
1157 2072 1266 2100 superbia
1285 2079 1359 2100 genus
1376 2074 1503 2095 humanum
1517 2073 1556 2095 im-

991 2112 1105 2140 pugnavit
1122 2115 1143 2134 et
1160 2112 1189 2134 de
1206 2112 1257 2140 ipso
1275 2112 1427 2139 triumphavit
1444 2112 1488 2134 266
1507 2118 1520 2134 a

1038 2163 1069 2167 -—
1085 2154 1183 2173 vocatur
1206 2154 1270 2179 pater
1293 2152 1337 2173 2¹6
1362 2150 1376 2173 b
1395 2164 1423 2166 —
1441 2151 1557 2179 superbus

991 2190 1032 2213 fuit
1049 2190 1073 2212 in
1089 2191 1152 2212 caelo
1175 2194 1197 2212 et
1223 2190 1321 2212 mendax
1344 2190 1365 2212 in
1393 2193 1451 2212 terra
1470 2191 1515 2212 210
1533 2190 1556 2212 b.

992 2230 1032 2251 211
1054 2228 1069 2251 b
1089 2242 1116 2245 —
1134 2232 1167 2251 est
1186 2229 1294 2256 magister
1312 2229 1414 2251 salsitatis
1432 2230 1476 2251 240
1494 2229 1509 2252 b
1526 2242 1557 2246 —

991 2274 1073 2291 omnes
1099 2269 1154 2290 fallit
1179 2268 1224 2290 553
1250 2268 1265 2290 b
1284 2281 1311 2284 --
1330 2269 1383 2291 Eius
1408 2269 1557 2296 suggestione

992 2308 1103 2330 mittimur
1120 2308 1149 2330 ad
1168 2308 1311 2335 peccandum
1329 2307 1374 2330 427
1391 2307 1407 2330 b
1422 2321 1453 2324 ——
1464 2309 1520 2337 vult,
1533 2311 1558 2331 ut

991 2347 1052 2369 servi
1070 2347 1104 2369 sui
1123 2350 1268 2369 aeternorum
1287 2347 1437 2369 intentionem
1460 2348 1558 2376 perdant

992 2386 1037 2409 574
1056 2386 1070 2408 b
1087 2399 1117 2403 -—
1134 2386 1158 2408 in
1176 2387 1262 2409 inferno
1280 2387 1391 2409 contraria
1410 2387 1478 2409 docet
1494 2387 1557 2410 etad

992 2426 1105 2448 contraria
1123 2426 1233 2453 deprimit
1249 2432 1320 2454 quam
1332 2425 1436 2448 Christus
1453 2427 1475 2448 in
1493 2427 1555 2449 caelo

993 2464 1037 2486 422
1055 2464 1076 2486 b.
1095 2477 1126 2481 -—
1143 2465 1237 2487 latentes
1254 2465 1275 2486 in
1294 2466 1336 2487 boc
1360 2465 1447 2488 mundo
1469 2465 1498 2487 ad
1517 2469 1557 2488 ter-

992 2510 1059 2526 renas
1077 2504 1207 2526 affectiones
1225 2505 1360 2531 pertrabunt
1381 2507 1403 2526 et
1425 2504 1455 2526 ab
1478 2511 1557 2527 amore

974 2541 976 2550 ¹
992 2543 1146 2571 poenitentiae
1163 2544 1281 2565 retrabunt
1302 2543 1343 2565 ¹94
1361 2550 1373 2565 a

1040 2595 1071 2599 --
1088 2582 1147 2604 bene
1164 2582 1213 2610 scit,
1230 2582 1349 2611 quomodo
1361 2582 1444 2610 singuli
1456 2583 1501 2605 sint
1513 2587 1558 2606 ten-

993 2622 1054 2644 tandi
1073 2622 1118 2644 210
1136 2628 1157 2649 a,
1174 2621 1189 2643 b
1208 2634 1236 2637 ——
1254 2628 1281 2644 ex
1298 2622 1332 2643 illa
1352 2624 1415 2649 parte
1437 2628 1462 2644 se
1484 2623 1556 2650 ofl'ert,

993 2667 1018 2683 ex
1036 2667 1082 2689 qua
1100 2661 1164 2683 videt
1180 2661 1297 2683 hominem
1316 2661 1390 2688 magis
1402 2661 1556 2688 superabilem

993 2700 1038 2721 209
1056 2699 1071 2721 b
1087 2712 1118 2716 --
1135 2706 1216 2722 omnes
1233 2700 1328 2727 invadit,
1341 2700 1380 2722 sed
1394 2701 1457 2722 aliter
1470 2701 1557 2728 molles,

993 2739 1056 2760 aliter
1073 2738 1166 2761 stabiles
1184 2739 1228 2761 208
1247 2738 1261 2761 b
1278 2751 1308 2755 —
1325 2742 1365 2761 aut
1388 2739 1465 2761 nititur
1482 2740 1555 2762 1101111-

992 2783 1045 2799 nem
1064 2778 1141 2800 levare
1158 2778 1180 2800 in
1192 2778 1333 2806 superbiam,
1345 2782 1384 2801 aut
1394 2779 1516 2801 incurvare
1527 2779 1557 2801 ad

993 2817 1203 2844 concupiscentiam
1221 2820 1364 2839 terrenorum
1384 2818 1427 2839 209
1446 2823 1458 2839 a
1475 2830 1505 2833 —
1522 2818 1555 2839 in-

994 2858 1037 2877 trat
1064 2862 1106 2883 per
1131 2859 1209 2883 portas
1236 2863 1346 2878 sensuum
1372 2856 1426 2879 ibid.
1454 2869 1484 2873 --
1508 2857 1556 2879 Hoc

993 2895 1063 2917 modo
1082 2895 1170 2922 primos
1187 2898 1293 2923 parentes
1309 2896 1402 2923 decepit
1418 2894 1472 2918 ibid.
1484 2907 1515 2912 —
1526 2896 1557 2918 ni-

993 2934 1047 2955 titur
1064 2934 1168 2956 bomines
1191 2934 1308 2962 captivare
1325 2934 1379 2957 ibid.
1396 2947 1427 2951 —
1443 2935 1556 2957 immiscet

992 2978 1017 2994 se
1034 2972 1164 3000 saporibuS,
1179 2973 1340 2996 accommodat
1350 2980 1374 2996 se
1386 2973 1448 2996 sonis
1461 2972 1514 2996 ibid.
1526 2986 1556 2990 —

931 189 1031 218 INDEX
1053 189 1293 218 ALPHABETlCUS
1315 189 1393 217 NONl
1416 188 1602 218 VOLUMlNlS.

1851 228 1897 250 DlA

1584 266 1685 289 abutitur
1702 267 1814 289 creaturis
1831 267 1871 289 Dei
1893 268 1930 289 131
1952 274 1972 289 a.
1991 267 2035 290 424
2053 274 2064 290 a
2077 280 2108 284 —
2119 269 2150 290 ni-

1583 306 1638 328 titur
1656 307 1774 328 nominem
1796 307 1887 328 elevare
1909 307 1931 329 in
1953 307 2096 335 superbiam,
2113 307 2149 329 vel

1585 346 1607 367 in
1625 345 1811 373 desperationem
1830 346 1983 373 praecipitare
2001 347 2041 368 211
2063 353 2076 369 3

1631 396 1662 400 -
1679 383 1787 406 omnibus
1804 385 1880 407 modis
1897 388 1919 407 et
1940 385 2022 408 mediis
2045 386 2151 409 homines

1586 426 1657 446 tentat
1674 424 1718 445 210
1736 430 1756 450 3,
1776 423 1790 446 b
1806 436 1837 440 —
1854 424 1873 446 si
1887 430 1931 446 non
1945 427 2020 452 potest
2033 425 2149 448 bominem

1586 465 1674 485 tentare
1691 463 1712 485 in
1729 463 1848 485 inventute
1865 464 1894 486 de
1911 464 2051 492 carnalitate,
2068 471 2110 487 088
2127 465 2151 487 10

1585 502 1691 524 virilitate
1709 502 1738 524 de
1755 509 1814 524 vana
1832 503 1912 531 gloria,
1925 506 1979 525 tunc
1996 504 2018 526 in
2034 506 2151 526 senectute

1586 544 1656 563 tentat
1672 541 1702 563 de
1719 541 1845 569 cupiditate
1863 543 2023 570 temporalium
2041 544 2081 564 2ll
2104 549 2124 571 a,
2137 543 2151 565 b

1588 593 1615 595 —
1626 580 1722 602 tendunt
1731 581 1825 609 laqueos
1834 586 1847 602 a
1857 581 1984 608 posteriori,
1994 581 2024 603 ab
2036 582 2151 610 anteriori,

1587 625 1599 641 a
1612 619 1711 642 dexteris
1728 623 1751 642 et
1767 626 1779 642 a
1791 620 1888 642 sinistris
1906 620 1946 643 45¹1
1969 620 1984 642 b
2001 633 2032 637 —
2049 627 2090 649 per
2108 623 2151 644 1108

1587 659 1668 681 volunt
1684 665 1802 686 revocare,
1819 659 1939 687 impedire,
1958 660 2057 688 inficere,
2069 667 2151 688 capere

1587 697 1642 720 ibid.
1658 710 1689 714 —
1706 698 1728 720 in
1746 698 1837 721 lascivis
1853 699 1977 727 exstinguit
1993 699 2100 727 spiritum
2118 700 2152 722 vi-

1588 740 1631 764 tae,
1649 737 1670 759 in
1688 738 1764 760 avaris
1781 738 1892 765 pervertit
1909 741 1997 761 motum
2010 739 2117 767 institiae,
2129 740 2151 762 in

1588 776 1696 804 superbis
1713 776 1827 799 subtrabit
1843 784 1936 800 sensnm
1954 778 2060 807 loquelae
2077 779 2122 801 230
2138 785 2151 801 3

1587 828 1618 832 -
1634 812 1730 844 apponit
1746 816 1823 838 avaris
1839 817 2005 839 delectamenta
2021 819 2153 841 mundanae

1588 855 1750 883 pulcritudinis
1767 856 1811 877 208
1830 862 1843 878 3
1860 868 1890 872 -—
1908 857 2002 879 occultis
2019 857 2090 879 utitur
2102 858 2154 880 insi-

1587 894 1631 916 diis
1649 894 1689 916 511
1712 901 1723 916 a
1742 907 1772 911 —
1790 895 1811 917 Si
1829 895 1881 924 quis
1898 896 1926 918 ad
1946 897 2042 918 modum
2060 896 2111 919 ovis
2128 903 2153 919 se

1588 933 1678 960 habeat,
1695 934 1770 956 statim
1788 934 1818 956 ab
1835 941 1862 957 eo
1880 935 2030 958 devorabitur
2051 935 2105 959 ibid.
2122 948 2153 953 —

1587 973 1746 1001 superplantat
1763 974 1844 996 falsum
1863 980 1950 1002 semen,
1967 975 1991 997 id
2008 978 2042 997 est
2059 976 2114 997 vitia
2131 978 2153 998 et

1588 1015 1680 1040 peccata
1702 1013 1744 1035 193
1762 1019 1782 1035 3,
1801 1012 1846 1035 194
1864 1013 1879 1035 1)
1893 1026 1920 1029 -
1933 1014 2059 1036 immittunt
2070 1020 2153 1042 sugge-

1588 1052 1673 1074 stiones
1692 1052 1731 1074 451
1754 1052 1769 1074 b

1636 1104 1664 1106 —
1683 1090 1801 1114 obnubilat
1820 1092 1966 1119 intellectum,
1984 1093 2113 1120 corrumpit
2124 1094 2154 1115 af-

1589 1131 1681 1157 fectum,
1693 1130 1806 1158 depravat
1816 1132 1929 1159 effectum,
1941 1132 2029 1154 inducit
2038 1132 2154 1154 detectum

1588 1169 1633 1191 240
1647 1169 1661 1191 b
1673 1183 1703 1185 —
1715 1170 1826 1198 opprimit
1841 1171 1979 1193 irascibilem
1994 1172 2033 1193 131
2050 1178 2070 1193 3.
2083 1171 2128 1193 242
2140 1177 2153 1193 a

1587 1221 1618 1225 —
1632 1213 1739 1232 excaecat
1756 1210 1897 1237 rationalem,
1915 1211 2030 1233 deformat
2047 1211 2154 1239 concupi-

1588 1248 1703 1275 scibilem,
1721 1249 1843 1271 deordinat
1863 1249 1999 1272 irascibilem
2024 1251 2068 1272 222
2092 1249 2106 1272 1)
2123 1262 2155 1266 -

1587 1294 1640 1310 eum
1660 1288 1681 1309 in
1699 1294 1746 1316 quo
1764 1288 1858 1315 habitat,
1872 1289 1923 1311 facit
1935 1295 2029 1311 caecum
2042 1295 2084 1317 per
2095 1295 2155 1311 erro-

1587 1333 1636 1349 rem
1653 1327 1795 1350 credthatis
1816 1330 1838 1350 et
1862 1331 1950 1350 mutum
1975 1334 2016 1356 per
2039 1329 2154 1356 pudorem

1587 1367 1738 1389 confessionis
1754 1366 1860 1389 Crucifixi
1878 1366 1933 1390 ibid.
1951 1380 1979 1383 —
1998 1368 2115 1389 bominem
2133 1368 2155 1390 in

1588 1409 1662 1428 morte
1680 1406 1779 1428 maxime
1795 1409 1873 1433 tentat,
1889 1409 1913 1429 ut
1930 1413 1982 1429 eum
1996 1407 2093 1429 finaliter
2104 1413 2155 1435 pos-

1588 1445 1617 1467 sit
1633 1445 1770 1468 subvertere
1787 1446 1832 1467 239
1850 1452 1861 1467 a

1636 1497 1667 1500 —
1684 1485 1783 1506 multum
1801 1485 1929 1512 praesumit
1940 1485 1970 1508 de
1982 1491 2022 1507 sua
2035 1488 2155 1513 potestate,

1589 1524 1665 1546 carnis
1691 1524 1811 1552 fragilitate
1834 1527 1856 1546 et
1879 1525 1958 1547 mundi
1977 1525 2078 1547 vanitate
2094 1525 2124 1547 76
2142 1531 2154 1547 a

1589 1575 1620 1579 —
1644 1564 1713 1586 Actor
1742 1564 1898 1591 perversitatis
1925 1564 2035 1586 terminos
2063 1564 2156 1586 divinae

1590 1603 1711 1625 Maiestatis
1735 1603 1846 1625 invadere
1872 1609 1916 1625 non
1942 1603 2050 1625 formidat
2075 1604 2119 1626 528
2142 1609 2155 1626 a

1591 1654 1620 1657 —
1638 1642 1711 1664 Deum
1729 1642 1750 1664 in
1769 1641 1881 1664 membris
1897 1642 1945 1664 suis
1967 1643 2091 1671 aliquando
2113 1643 2156 1665 im-

1590 1684 1679 1709 pugnat
1696 1680 1751 1704 ibid.
1767 1693 1797 1697 -—
1810 1682 1831 1703 in
1845 1682 1959 1709 praesenti
1972 1682 2070 1704 Ecclesia
2082 1682 2155 1704 multa

1591 1721 1689 1742 concitat
1714 1720 1800 1748 proelia
1827 1720 1872 1743 354
1889 1727 1901 1743 3
1919 1733 1950 1737 -
1966 1727 2010 1743 1105
2035 1721 2156 1749 impugnat

1591 1765 1632 1787 per
1648 1760 1778 1787 audaciam,
1795 1760 1906 1782 fallaciam
1924 1763 1946 1782 et
1962 1760 2093 1782 violentiam
2110 1761 2155 1783 329

1590 1805 1602 1820 3
1620 1811 1651 1815 -
1668 1798 1751 1822 Contra
1774 1800 1830 1822 baec
1852 1800 1916 1822 venit
1938 1800 2037 1828 SDIritus
2060 1801 2083 1822 S.
2099 1799 2155 1823 ibid.

1592 1851 1619 1854 —
1638 1838 1683 1860 exit
1700 1839 1729 1861 de
1746 1839 1847 1867 homine,
1864 1839 1881 1861 si
1899 1839 1937 1861 hic
1953 1839 2042 1867 repellit
2065 1839 2156 1862 foedita-

1591 1880 1624 1899 tes
1641 1878 1729 1904 carnis,
1747 1878 1788 1900 sed
1807 1881 1862 1901 tunc
1878 1878 1955 1901 studet
1972 1879 2048 1906 ipsum
2066 1880 2156 1901 trahere

1591 1917 1620 1939 ad
1638 1917 1698 1939 aliud
1717 1923 1791 1945 genus
1808 1918 1895 1945 peccati
1919 1918 1964 1939 210
1982 1917 1997 1939 1)
2015 1930 2044 1933 -—
2062 1918 2155 1945 Septem

1590 1957 1686 1985 spiritus
1703 1957 1834 1985 nequiores,
1851 1963 1911 1985 quos
1928 1956 2035 1979 diabolus
2051 1956 2154 1984 assumit,

1590 1999 1643 2018 sunt
1655 1996 1750 2024 spiritus
1761 1996 1913 2018 simulationis
1925 1999 1947 2018 et
1959 1996 2089 2024 hypocrisis
2100 1995 2155 2018 ibid.

1638 2048 1668 2051 —
1685 2038 1719 2057 est
1736 2036 1806 2058 draco
1824 2035 1912 2058 habens
1923 2039 2011 2063 septem
2023 2035 2098 2063 capita
2111 2035 2151 2057 481

1590 2080 1602 2096 3
1622 2087 1651 2090 -
1668 2075 1729 2097 Haec
1746 2077 1799 2097 sunt
1820 2078 1910 2102 septem
1933 2077 2028 2103 peccata
2049 2074 2154 2102 capitalia

1590 2112 1644 2136 ibid.
1662 2114 1687 2135 51
1698 2114 1703 2135 1
1725 2120 1738 2136 3
1751 2127 1780 2130 -
1792 2117 1881 2141 septem
1893 2114 1954 2136 vitiis
1965 2113 2102 2141 capitalibus
2113 2119 2156 2135 nos

1590 2152 1685 2175 intendit
1705 2153 1819 2175 devorare
1835 2156 1857 2175 et
1868 2153 1911 2175 sibi
1924 2153 2073 2180 incorporare
2085 2152 2110 2174 51
2121 2153 2126 2174 1
2142 2158 2154 2174 3

1590 2204 1621 2208 -
1638 2191 1708 2214 babet
1724 2192 1840 2220 duplicem
1858 2198 1963 2219 manum,
1985 2192 2070 2214 scilicet
2089 2194 2156 2213 attra-

1591 2231 1689 2253 ctionem
1708 2234 1730 2253 et
1746 2232 1902 2254 detentionem
1920 2232 1941 2253 in
1960 2234 2066 2259 peccato;
2080 2231 2155 2258 prima

1590 2273 1624 2292 est
1641 2277 1682 2298 per
1699 2270 1815 2293 Christum
1837 2270 1963 2297 debilitata,
1985 2270 2085 2293 secunda
2107 2276 2156 2292 am-

1592 2313 1669 2338 putata
1688 2310 1728 2332 261
1750 2310 1766 2332 1)
1782 2322 1813 2327 —
1825 2309 1894 2332 habet
1906 2310 2045 2332 latrunculos
2057 2309 2079 2331 in
2092 2315 2157 2331 com-

1591 2350 1644 2377 pitis
1661 2350 1752 2372 Viarum
1770 2350 1905 2372 insidiantes
1920 2348 1988 2371 nobis
2000 2349 2044 2370 572
2057 2355 2069 2370 a
2082 2360 2112 2365 -—
2128 2348 2154 2371 Hi

1591 2391 1645 2411 sunt
1661 2389 1794 2412 occasiones
1811 2389 1921 2416 peccandi
1940 2387 1995 2411 ibid.

1637 2441 1668 2444 —-
1686 2428 1771 2450 Debilis
1788 2430 1822 2450 est
1843 2428 1922 2454 bostis,
1948 2427 1987 2456 qui
2013 2433 2059 2449 non
2084 2426 2155 2449 vincit

1592 2467 1633 2489 nisi
1651 2468 1767 2490 volentem
1786 2468 1831 2489 209
1849 2474 1870 2489 a.
1888 2467 1932 2489 448
1950 2473 1962 2488 3
1979 2472 2068 2488 —non
2080 2468 2155 2493 potest

1592 2512 1634 2528 nos
1646 2507 1675 2529 ad
1688 2509 1808 2534 peccatum
1821 2512 1912 2534 cogere,
1924 2506 1965 2528 sed
1977 2506 2075 2528 suadere
2089 2505 2131 2526 448
2142 2511 2155 2527 3

1638 2558 1669 2562 -
1686 2547 1737 2568 11881
1754 2546 1902 2574 petulantiam
1920 2545 1995 2567 carnis
2007 2551 2052 2567 non
2065 2544 2155 2571 babeat,

1592 2586 1693 2607 mundus
1710 2591 1754 2607 non
1772 2587 1813 2613 est,
1831 2585 1883 2613 quia
1903 2584 1971 2606 babet
1988 2583 2154 2612 impatientiam

1592 2624 1637 2646 509
1655 2623 1670 2645 b
1687 2636 1717 2640 —
1729 2624 1871 2651 Exemplum,
1884 2624 1946 2652 quod
1960 2623 2053 2645 intravit
2064 2623 2087 2644 in
2099 2628 2156 2651 qua-

1592 2663 1645 2685 dam
1664 2663 1756 2685 moniali
1774 2662 1819 2685 644
1837 2662 1853 2685 1)
1872 2675 1899 2678 -
1912 2662 2007 2684 libenter
2019 2662 2112 2683 ruinosa
2125 2661 2155 2683 in-

1591 2701 1678 2724 habitat
1695 2702 1739 2724 676
1757 2708 1768 2724 a
1786 2713 1817 2718 —
1833 2704 1856 2723 et
1873 2701 1933 2723 Deus
1950 2707 1996 2723 non
2013 2707 2038 2723 se
2055 2700 2154 2722 invicem

1591 2741 1763 2768 compatiuntur
1779 2741 1803 2762 in
1820 2747 1866 2763 uno
1884 2739 2012 2762 habitaculo
2029 2740 2074 2761 222
2092 2738 2107 2760 1)

1637 2792 1668 2796 -
1685 2783 1719 2802 851
1736 2779 1807 2808 faber,
1824 2780 1864 2808 qui
1882 2780 1956 2802 sufflat
1978 2779 2006 2801 ad
2030 2779 2154 2801 accenden-

1591 2818 1647 2840 dum
1665 2819 1742 2846 ignem
1760 2819 1847 2846 peccati
1865 2818 1905 2841 341
1928 2818 1943 2840 b
1959 2831 1990 2834 —
2002 2821 2036 2840 est
2052 2818 2103 2840 vilis
2120 2824 2155 2840 ca-

1590 2857 1625 2879 nis
1643 2858 1686 2879 209
1704 2864 1717 2879 3
1730 2870 1758 2873 —-
1771 2858 1854 2880 dicitur
1871 2858 1971 2880 crudelis
1988 2857 2059 2880 bestia
2078 2857 2118 2879 511
2138 2856 2153 2879 1)

1638 2908 1669 2912 —
1687 2901 1720 2919 est
1744 2900 1854 2925 tyrannus
1879 2898 1994 2925 pessimus
2020 2897 2065 2919 553
2090 2896 2105 2918 b
2122 2908 2153 2913 —

1590 2938 1644 2957 sunt
1660 2936 1774 2963 satellites,
1791 2936 1830 2964 qui
1853 2936 1924 2964 ligant
1948 2936 2047 2958 hominis
2072 2941 2153 2957 manus

1591 2977 1613 2995 et
1635 2974 1707 3002 pedes
1728 2974 1773 2997 540
1796 2981 1816 3002 a,
1839 2974 1854 2997 1)
1878 2988 1907 2991 —-
1930 2976 2027 2997 multum
2050 2974 2153 2997 nituntur
