2269 3448
721 222 762 250 DE
786 222 859 250 vt't‘a
883 222 1047 251 SERM'lllCl
1072 222 1244 251 nOC'rsuus.
1824 229 1855 255 71

109 300 329 329 lacco-inuionis
358 300 521 328 dominicae
552 300 704 328 milles-imo
732 300 957 337 qucutrt'nyente-

106 348 181 376 simo
203 347 373 384 octoycst'mo
404 347 545 380 seezonto,
574 347 683 375 decimo
715 351 815 375 octavo
838 347 956 376 lx'alcwl.

107 395 195 427 Maii,
221 394 413 430 l'ontt'li'catus
433 394 528 422 nostri
549 402 627 422 anuo
649 394 699 421 Xl.

186 441 212 469 111
235 441 328 469 cadam
353 441 428 468 Bulla
445 440 567 468 Pontifex
590 440 701 473 statuit,
723 444 754 469 ut
769 440 957 468 aiuiiversaria

105 488 165 517 eius
179 488 337 516 solemnitas
352 487 472 515 secunda
488 487 629 515 Dominica
644 487 745 516 mensis
761 487 818 515 lulii
834 488 956 515 celebra—

108 538 195 567 retur,
213 535 276 563 item
291 534 448 563 ordinatum
464 538 514 568 est,
542 545 554 558 <t
570 534 693 562 divinum
710 534 848 567 ollicium,
871 534 955 562 veluti

107 590 156 618 pro
172 590 227 610 uno
248 581 408 610 Conl'essore
425 581 552 609 Pontifice
574 584 601 609 et
616 581 747 614 Doctore,
772 585 824 609 tani
848 581 956 617 publice

105 637 187 665 [luzun
205 628 332 665 privatim
346 632 441 664 (prout
456 628 612 664 contigerit)
626 627 838 664 persolvendum
854 636 913 656 esse
929 638 955 660 »ς

105 675 270 711 permissum
292 675 372 703 etiam
396 675 447 703 suit
473 675 607 703 «dilectis
629 674 691 703 liliis
714 674 855 703 Fratribus
878 683 955 711 prae-

104 722 167 750 dicti
192 722 327 750 Minorum
350 721 476 755 Ordinis,
499 726 637 758 quatenus
659 721 815 750 huiusmodi
832 722 953 750 (illirium

105 768 157 797 sub
178 768 248 797 sesto
269 768 375 804 Duplici
399 771 425 796 et
447 768 564 802 Octava,
586 777 618 797 eo
641 768 734 802 inodo,
757 776 813 805 quo
838 768 955 796 aliorum

105 815 167 843 dicti
191 815 302 843 Ordinis
323 815 487 843 Sanctorum
516 815 657 843 celebrare
687 815 753 843 festa
785 819 812 843 ct
839 816 956 843 octavas

104 865 325 895 consueverunt,
341 862 481 890 celebrare
504 866 614 898 possent
633 873 659 889 ».
684 862 797 898 iusuper
812 869 957 890 concessae

104 913 169 938 sunt
191 917 239 945 per
258 909 371 938 eandem
389 909 492 937 llullam
516 917 681 937 numerosae
697 909 882 945 indulgentiae
897 908 956 936 eius

103 956 224 989 devotis;
247 959 330 993 atque
352 959 502 990 statutum,
523 960 555 984 ut
576 956 636 985 eius
657 956 714 984 dies
742 955 811 984 festa
832 956 866 984 sit
888 964 956 992 quo-

104 1011 158 1040 que
179 1003 280 1031 festum
310 1003 379 1032 sacri
407 1003 498 1039 palatii
528 1003 685 1039 apostolici,
715 1006 746 1031 ut
778 1003 803 1031 in
832 1003 882 1030 hac
913 1002 956 1030 die

104 1050 172 1079 l'esta
194 1049 219 1077 in
236 1050 349 1078 ecclesia
365 1051 528 1078 Sanctorum
545 1050 736 1086 Apostolorum
753 1049 786 1078 de
808 1049 879 1078 Urbe
895 1057 955 1077 eae-

103 1097 164 1125 dem
188 1097 373 1133 indulgentiae
396 1097 497 1125 lucrari
521 1097 640 1133 possint,
667 1104 738 1133 quae
761 1096 905 1124 lucrantur
929 1096 954 1124 in

104 1142 212 1172 festos.
235 1143 355 1170 Thomae
374 1142 408 1170 de
424 1143 529 1179 Aquino
552 1143 577 1170 in
600 1143 715 1171 ecclesia
730 1143 756 1170 Β.
774 1143 873 1171 Mariae
896 1142 956 1170 Vir-

103 1190 174 1227 ginis
195 1190 227 1218 de
250 1190 321 1218 Urbe
344 1190 489 1225 (11111101οα
512 1190 663 1226 vulgariter
685 1190 874 1226 nuncupata);
897 1192 956 1217 tan—

103 1237 164 1266 dem
186 1238 355 1266 declaratum
372 1237 438 1265 fuit:
466 1248 478 1262 «
495 1237 602 1266 Fratres
619 1238 735 1265 Minores
751 1238 776 1265 in
799 1237 871 1265 alma
894 1236 955 1265 Uni-

104 1284 391 1312 versitateParisiensi
414 1284 514 1312 eisdem
532 1284 681 1320 privilegiis
700 1291 779 1320 posse
802 1291 833 1311 ac
854 1283 955 1312 debere
983 1287 985 1320 1,

103 1331 142 1359 uti
166 1335 192 1359 et
223 1331 345 1367 gaudere
369 1331 404 1359 ob
438 1331 523 1367 ipsius
555 1331 580 1358 S.
604 1331 811 1359 Bonaventurae
841 1331 954 1364 merita,

104 1426 129 1454 in
152 1426 245 1454 eadem
271 1425 452 1454 Universitate
474 1425 575 1453 intuitu
607 1429 634 1453 et
662 1425 751 1462 gratia
783 1425 905 1453 eiusdem
929 1426 954 1452 S.

104 1473 224 1502 'l'homae
247 1473 326 1509 potiri
349 1475 376 1500 et
397 1472 517 1508 gaudere
544 1475 748 1500 consueverunt
770 1475 796 1500 et
818 1471 954 1508 gaudent,

103 1523 151 1549 aut
174 1520 254 1556 potiri
277 1523 303 1548 et
325 1519 445 1555 gaudere
467 1519 673 1556 quomodolibet
703 1522 833 1556 poterunt
865 1519 890 1546 in
914 1519 955 1547 su-

105 1570 199 1595 turum
216 1577 242 1594 1).

184 1614 293 1642 Praeter
317 1614 386 1642 hane
409 1613 513 1641 Bullam
542 1616 634 1642 exstat
655 1613 708 1641 alia
729 1613 843 1649 epistola
867 1612 955 1641 Ponti-

104 1661 164 1690 licia
180 1662 188 1677 ¹
212 1660 334 1689 eiusdem
352 1661 438 1697 Papae
453 1661 552 1689 emissa
569 1661 676 1689 Romae
691 1661 773 1697 opud
789 1660 816 1688 S.
835 1661 954 1688 Petram

102 1708 156 1737 sub
179 1708 289 1737 aurudo
307 1708 470 1736 Pisce-acoris
490 1708 536 1736 elie
557 1709 594 1736 20
615 1707 728 1744 Aprilis·
746 1708 831 1741 1482,
856 1707 954 1735 Ponti-

102 1755 209 1792 ficatus
223 1755 319 1783 nostri
332 1763 410 1783 (tmlo
434 1755 601 1788 undecimo,
623 1755 656 1783 de
671 1754 764 1783 eadem
782 1762 811 1782 re
834 1757 955 1782 tractans

103 1806 130 1832 et
151 1803 255 1831 directa
276 1802 310 1831 ad
331 1802 492 1839 proximum
511 1802 668 1838 Capitulum
684 1802 811 1838 generale
827 1802 954 1829 Fratrum

105 1850 241 1878 Minorem
257 1849 366 1877 Brixiae
388 1849 554 1877 babendum.
571 1849 679 1877 Accedit
701 1849 809 1877 tandem
832 1848 954 1877 eiusdem

104 1896 172 1924 Sixti
197 1896 237 1924 lv.
268 1895 379 1924 Breve²
412 1895 511 1932 (pridie
534 1895 596 1924 ldus
627 1894 754 1923 Octobris
782 1895 878 1929 1482),
900 1903 956 1931 quo

104 1943 295 1972 conceduntur
307 1931 491 1979 quadraginta
505 1942 567 1971 anni
581 1942 816 1978 indulgentiarum
830 1941 955 1970 totidem·
984 1977 986 1987 Ι

105 1998 159 2027 que
181 1990 375 2027 quadragenae
391 1990 423 2018 iis
444 1990 490 2026 qui
514 1990 701 2026 eleemosynas
722 1989 898 2026 elargiuntur
923 1989 956 2017 ad

104 2037 305 2066 aedificandum
328 2045 430 2066 novum
447 2037 578 2065 sacellum
594 2037 620 2064 in
643 2036 756 2065 ecclesia
772 2040 799 2065 et
813 2037 955 2064 Conventu

105 2085 321 2122 Balneoregiensi
332 2084 443 2113 Ordinis
454 2085 581 2113 Fratrum
594 2084 731 2113 Minorem
744 2084 771 2112 in
784 2084 917 2112 honorem
931 2084 955 2111 S.
985 2107 986 2116 ,

106 2132 326 2165 Bonaventurae,
349 2131 395 2169 qui
422 2142 436 2156 α
451 2132 478 2160 111
500 2131 572 2160 dicta
593 2131 674 2160 domo
695 2131 747 2160 fuit
768 2131 902 2160 educatus
917 2143 943 2158 υ.

184 2179 209 2208 3.
232 2179 289 2207 Νο11
319 2179 406 2207 11111110
438 2181 499 2215 post
529 2179 677 2215 complevit
705 2179 801 2207 Sixtus
827 2178 856 2206 V.
884 2178 957 2215 quod

105 2231 159 2255 tam
182 2226 340 2255 solemniter
352 2226 448 2254 Sixtus
470 2226 512 2255 IV.
528 2230 569 2254 est
584 2226 776 2262 inauguratus.
793 2226 869 2253 Anno
884 2225 955 2253 enim

109 2274 181 2302 1587
205 2274 230 2301 in
259 2273 328 2302 sesto
355 2273 552 2301 Translationis
580 2273 705 2309 corporis
731 2273 756 2300 S.
786 2272 957 2300 Bonaventu-

106 2328 168 2354 rae,
197 2320 223 2348 id
252 2323 293 2348 est
311 2320 354 2348 die
385 2321 415 2348 lli
448 2320 553 2353 Martii,
575 2320 599 2347 S.
629 2320 822 2348 Bonaventura
843 2327 858 2347 a
880 2319 957 2347 Sixto

106 2368 175 2404 Papa
198 2367 226 2394 V.
250 2367 349 2396 litteris
370 2367 567 2395 decretalibus:
593 2366 818 2403 Triztmplutmis
840 2367 957 2394 Jerusa-

106 2414 169 2447 lem,
187 2414 286 2442 Romae
302 2414 327 2442 in
348 2413 458 2442 basilica
479 2414 642 2442 Sanctorum
658 2413 801 2442 duodecim
818 2414 957 2450 Apostolo—

106 2470 168 2490 rum
189 2461 388 2490 solemnissime
410 2461 482 2489 inter
504 2461 621 2489 eximios
642 2460 823 2497 egregiosque
848 2464 957 2489 sanctos

106 2509 255 2538 catholicae
278 2508 411 2536 Ecclesiae
433 2508 565 2536 Doctores
579 2508 779 2536 adnumeratus
793 2507 854 2541 fuit,
871 2507 956 2536 illius-

105 2564 160 2593 que
175 2556 274 2584 festum
300 2555 334 2583 lli
358 2555 414 2583 lulii
438 2555 490 2583 sub
506 2555 562 2583 ritu
578 2555 684 2591 Duplici
701 2555 833 2583 celebrari
857 2558 883 2583 et
905 2555 955 2583 coli

106 2603 264 2632 mandatum
287 2602 354 2636 fuit,
376 2610 439 2630 cum
462 2602 696 2639 indulgentiarum
719 2602 879 2638 elargitione
894 2602 914 2629 ⁸.

185 2651 285 2678 Auctor
314 2650 489 2686 synchronus
520 2653 546 2677 et
567 2649 707 2682 oculatus,
735 2657 833 2686 nempe
860 2649 957 2678 Petrus

106 2697 260 2725 Galesinius
275 2698 303 2730 ⁴²,
326 2696 531 2733 protonotarius
547 2696 732 2733 Apostolicus,
756 2696 792 2724 ita
813 2696 870 2724 sere
893 2705 956 2724 nar-

108 2747 150 2772 rat
171 2743 255 2772 huius
281 2743 461 2771 solemnitatis
486 2747 595 2772 actum:
622 2755 663 2771 ιι...
692 2743 738 2771 His
760 2743 844 2780 igitur
877 2744 956 2772 ratio-

169 2837 174 2850 ¹
196 2838 241 2861 Csr.
258 2838 357 2864 Bonelli,
382 2837 509 2864 Prodrom.,
526 2838 570 2860 col.
587 2837 625 2864 75,
650 2836 687 2860 ubi
714 2843 765 2860 eam
784 2837 876 2860 exhibet
902 2838 957 2860 inte·

109 2884 183 2905 gram.

170 2915 179 2929 ²
196 2917 294 2943 Bonelli,
313 2915 368 2938 ibid.
384 2916 427 2938 col,
444 2916 482 2938 76.

170 2955 179 2968 ³
198 2956 285 2983 integra
296 2955 356 2977 Bulla
368 2955 483 2977 Pontificio
493 2955 607 2983 reperitur
619 2956 729 2984 impressa
744 2955 764 2977 in
775 2959 852 2978 nostro
866 2959 928 2977 tomo
942 2956 956 2978 Ι.

109 3002 163 3023 pag.
183 2995 295 3017 XLV-Lu.

171 3034 179 3046 ⁴
198 3035 252 3056 Acta
271 3034 421 3061 Sanctorum,
439 3033 494 3056 ibid.
513 3040 567 3062 pag.
585 3033 629 3055 859
647 3040 669 3056 n.
689 3034 717 3056 99
736 3040 785 3062 seq.

983 1349 984 1363 2
1013 1333 1164 1361 celebritati

103 1379 205 1416 quibus
227 1387 263 1407 ex
284 1378 441 1414 apostolicis
472 1378 585 1406 indultis
613 1379 722 1406 Fratres
752 1377 955 1406 Praedicatores
983 1395 984 1402 1

1015 300 1096 329 nibus
1121 304 1148 328 et
1168 301 1244 334 aliis,
1277 310 1346 338 quas
1370 302 1446 338 longe
1476 302 1569 338 plures
1598 312 1699 339 easque
1728 305 1863 332 maximas

1016 347 1114 375 litteris
1135 348 1193 376 suis
1224 347 1409 376 decretalibus
1440 349 1574 382 ostendit,
1603 350 1738 377 adductus
1771 351 1865 379 ‚sixtus

1013 393 1128 429 quintus
1151 394 1273 422 l'ontil'ex
1306 394 1378 431 quod
1411 395 1444 423 de
1466 396 1610 431 seraphico
1633 396 1749 424 00111111,ι
1771 397 1865 425 sixtus

1013 444 1132 476 quartus
1146 440 1315 474 sanciverat,
1339 441 1390 469 hoc
1406 442 1520 470 uberius
1536 443 1757 471 constituendum
1774 444 1864 472 duxit.

1015 487 1107 524 ltaque
1130 496 1159 515 re
1184 491 1291 516 mature
1306 488 1425 524 denique
1446 489 1612 523 deliberata,
1634 490 1667 517 de
1689 494 1798 519 sanctae
1816 491 1865 518 lto-

1016 542 1112 561 manae
1136 534 1269 562 Ecclesiae
1284 535 1464 563 cardinalium
1487 536 1601 564 consilio
1622 539 1648 564 et
1670 544 1814 571 consensu,
1829 538 1864 565 ob

1015 580 1184 616 prat-claram
1209 581 1279 609 vitae
1308 582 1493 616 sanctitatem,
1515 583 1647 611 divinitus
1679 583 1864 617 testilieataiii,

1014 636 1149 664 perennes
1172 628 1279 656 labores
1301 636 1350 665 pro
1367 629 1484 657 Ecclesia
1505 629 1549 657 Dei
1573 635 1716 666 susceptos
1734 639 1764 658 ac
1787 639 1865 667 prae-

1013 678 1129 703 stantem
1162 675 1314 703 doctrinam
1346 683 1409 703 cum
1444 676 1542 712 pietate
1574 677 1747 705 coniunctam
1778 677 1865 705 virtu-

1014 722 1143 758 tibusque
1165 722 1264 750 divinis
1297 722 1450 756 illustrem,
1473 723 1553 751 cuius
1574 723 1720 759 splendore
1743 724 1815 752 illam
1839 725 1864 752 S.

1015 769 1208 797 llonzu'entura
1223 769 1411 803 collustravit,
1427 770 1540 806 dignum
1563 779 1626 798 euin
1643 771 1765 804 censuit,
1782 779 1863 807 quem

1014 816 1085 844 inter
1108 817 1253 852 primarios
1275 817 1494 853 praecipuosque
1517 817 1650 846 Ecclesiae
1668 818 1797 846 Doctores
1818 826 1865 846 an—

1013 866 1187 895 numeraret,
1209 862 1242 891 de
1257 870 1345 899 eoque
1360 866 1431 891 stata
1444 863 1634 892 anniversaria
1648 864 1691 892 die
1706 864 1805 893 festum
1822 872 1865 893 so-

1014 909 1095 937 lemni
1113 909 1167 937 ritu
1184 909 1271 943 tieret,
1293 914 1325 938 ut
1339 910 1371 938 de
1384 910 1483 939 ceteris
1498 911 1636 946 primariis
1655 914 1737 948 atque
1756 912 1866 940 eximiis

1013 956 1137 984 eiusdem
1160 956 1294 985 Ecclesiae
1317 957 1497 990 Doctoribus;
1519 958 1551 985 ad
1576 958 1776 994 praescriptum
1800 966 1864 987 con·

1014 1003 1165 1031 stitutionis
1187 1003 1314 1032 Bonifacii
1345 1004 1431 1040 Papae
1459 1005 1556 1033 octavi.
1580 1005 1672 1040 Quare
1695 1005 1798 1033 litteras
1819 1006 1865 1034 de-

1014 1050 1146 1083 cretales,
1169 1053 1196 1078 et
1218 1050 1277 1079 illas
1299 1050 1410 1087 quidem
1430 1051 1559 1079 omnibus
1582 1051 1735 1080 rationibus
1750 1055 1776 1080 et
1791 1053 1863 1081 omni

1015 1096 1122 1133 pietatis
1153 1096 1243 1125 officio
1276 1097 1395 1134 insignes
1426 1097 1458 1125 ad
1481 1098 1675 1134 sempiternam
1704 1099 1863 1127 memoriam

1013 1144 1129 1172 confecit
1157 1152 1245 1180 eoque
1267 1145 1376 1172 nomine
1397 1144 1496 1178 edidit;
1519 1145 1621 1181 quibus
1644 1145 1743 1174 litteris
1773 1146 1866 1174 omnia

1013 1192 1190 1227 explicantur
1212 1192 1339 1220 dilucide.
1367 1208 1403 1212 —-
1435 1192 1464 1220 Et
1493 1196 1524 1219 ut
1554 1196 1627 1221 recte
1652 1196 1678 1221 et
1707 1193 1865 1221 solemniter

1013 1246 1058 1266 res
1079 1239 1169 1266 omnis
1189 1243 1345 1275 gereretur,
1368 1239 1464 1267 statuit
1478 1239 1600 1267 Pontifex
1619 1243 1726 1268 certum
1748 1240 1808 1268 cius
1822 1248 1865 1268 so—

1013 1286 1161 1314 lemnitatis
1182 1286 1270 1319 diem,
1293 1286 1340 1322 qui
1363 1286 1415 1314 fuit
1431 1286 1518 1322 pridie
1534 1286 1596 1314 ldus
1618 1287 1721 1320 Martii,
1743 1287 1865 1315 dicatum

1198 1333 1396 1361 Translationis
1429 1333 1492 1361 item
1525 1333 1613 1361 Sancti
1648 1334 1864 1362 bonaventurae.

1014 1379 1155 1408 Basilicam
1188 1388 1254 1408 vero
1284 1380 1309 1408 in
1342 1380 1412 1408 Urbe
1440 1380 1472 1408 ad
1503 1388 1560 1408 rein
1589 1380 1641 1408 rite
1670 1380 1864 1416 perficiendam

1012 1425 1112 1462 delegit
1134 1426 1297 1454 Sanctorum
1320 1426 1464 1454 duodecim
1488 1427 1696 1462 Apostolorum,
1726 1435 1796 1463 quae
1825 1430 1865 1455 est

1014 1472 1124 1501 Ordinis
1146 1473 1300 1506 Minorem,
1330 1473 1377 1501 ubi
1407 1474 1553 1510 collegium
1583 1474 1617 1501 ab
1646 1481 1677 1502 eo
1708 1474 1864 1502 institutum

1013 1528 1072 1548 esse
1094 1520 1213 1548 narravi.
1238 1521 1284 1548 1110
1306 1520 1390 1557 igitur
1419 1521 1461 1549 die
1491 1521 1559 1549 bene
1582 1529 1661 1549 mane
1683 1521 1747 1549 illuc
1776 1521 1865 1557 profe-

1014 1570 1083 1600 ctus,
1107 1567 1201 1595 multis
1223 1567 1410 1596 cardinalibus
1441 1568 1651 1601 comitantibus,
1675 1571 1750 1596 recta
1771 1567 1803 1596 ad
1826 1568 1865 1595 al-

1014 1616 1072 1642 tare
1094 1614 1257 1642 sanctissimi
1281 1615 1448 1643 Sacramenti
1474 1615 1561 1649 venit,
1583 1615 1629 1643 ubi
1654 1615 1793 1651 paulisper
1823 1615 1865 1651 pie

1015 1665 1156 1697 precatus,
1180 1661 1242 1689 inde
1263 1661 1297 1689 ad
1312 1661 1465 1690 sacrarium
1487 1662 1606 1695 accedit;
1629 1670 1684 1699 quo
1701 1662 1758 1690 loco
1780 1662 1865 1690 sacris

1014 1708 1137 1736 vestibus
1158 1709 1211 1737 albi
1235 1709 1334 1737 coloris
1356 1709 1469 1737 indutus
1491 1712 1518 1737 et
1540 1709 1621 1737 mitra
1644 1710 1762 1746 pretiosa
1783 1717 1864 1737 orna-

1015 1758 1074 1788 tus,
1098 1759 1155 1783 tum
1180 1755 1301 1791 praelata
1323 1763 1406 1783 cruce
1435 1759 1462 1784 et
1493 1756 1679 1784 cardinalibus
1701 1764 1786 1792 cappa
1809 1756 1865 1783 vio-

1014 1801 1079 1829 lacei
1103 1802 1218 1835 coloris,
1241 1809 1304 1830 cum
1327 1805 1436 1838 tempus
1458 1802 1689 1838 Quadragesimae
1710 1805 1796 1835 esset,
1820 1810 1865 1830 ve-

1014 1848 1100 1882 stitis,
1123 1848 1218 1877 ordine
1242 1849 1456 1885 praeeuntibus,
1478 1849 1512 1877 ad
1533 1849 1620 1877 altare
1648 1849 1737 1877 maius
1759 1849 1863 1886 pergit,

1014 1895 1060 1923 ubi
1084 1895 1165 1923 etiam
1189 1895 1333 1932 paululum
1349 1895 1447 1923 oravit.
1472 1895 1535 1923 Erat
1555 1903 1587 1923 eo
1611 1895 1659 1924 loci
1676 1895 1753 1924 sedes
1776 1889 1883 1932 ponti-⁵

1014 1943 1091 1976 ficia,
1113 1946 1213 1971 ornatu
1235 1942 1298 1971 albo
1320 1943 1433 1976 vestita,
1456 1946 1483 1971 et
1514 1942 1645 1971 subsellia
1667 1942 1864 1976 cardinalium;

1014 1990 1060 2027 qui
1083 1990 1116 2018 de
1138 1997 1231 2023 more,
1253 1989 1299 2018 ubi
1322 1989 1493 2019 obedientiae
1514 1998 1617 2018 munus
1643 1990 1763 2018 Pontifici
1787 1997 1865 2026 prae-

1014 2038 1160 2070 stiterunt,
1183 2037 1242 2065 loco
1264 2045 1314 2065 suo
1336 2037 1528 2066 consederunt.
1551 2037 1622 2065 Dum
1644 2037 1762 2065 Thomas
1784 2036 1866 2065 61131-

1014 2084 1150 2117 1011111115,
1174 2084 1347 2113 Secretarius
1369 2084 1497 2113 Brevium
1521 2083 1674 2118 Pontificis,
1696 2084 1810 2112 rocheto
1838 2087 1865 2112 et

1014 2139 1100 2168 cappa
1122 2131 1251 2165 indutus,
1273 2139 1287 2159 e
1309 2134 1441 2168 suggestu
1464 2139 1479 2159 a
1501 2131 1586 2160 latere
1612 2131 1747 2168 Evangelii
1770 2131 1865 2160 decre-

1014 2179 1082 2206 tales
1104 2178 1164 2206 illas
1186 2178 1306 2211 litteras,
1329 2178 1432 2215 quibus
1463 2178 1535 2207 iuter
1556 2178 1703 2215 primarios
1733 2178 1865 2206 Ecclesiae

1016 2225 1146 2253 Doctores
1167 2228 1292 2253 sanctum
1321 2225 1542 2254 Bonaventuram
1567 2225 1690 2253 Pontifex
1717 2225 1865 2253 constitue-

1015 2276 1073 2305 rat,
1095 2272 1128 2300 de
1150 2272 1253 2308 scripto
1275 2272 1353 2308 legit:
1376 2280 1478 2308 easque
1500 2272 1608 2305 cuncti,
1630 2272 1676 2308 qui
1706 2272 1865 2308 frequentes

1014 2319 1143 2352 aderant,
1166 2318 1346 2347 attentissime
1367 2318 1517 2347 audierunt
1531 2330 1558 2346 ».

1096 2365 1122 2393 ln
1146 2365 1244 2393 litteris
1265 2365 1449 2393 decretalibus
1471 2365 1539 2393 Sixti
1564 2365 1594 2393 V.
1617 2365 1688 2394 inter
1710 2365 1762 2393 alia
1777 2365 1865 2393 multa

1014 2413 1146 2449 leguntur
1163 2414 1187 2440 ¹:
1215 2424 1227 2437 «
1243 2412 1320 2448 Quod
1342 2412 1428 2449 igitur
1456 2420 1471 2440 a
1493 2412 1572 2440 nobis
1601 2415 1627 2440 et
1649 2412 1783 2448 seraphici
1813 2411 1864 2440 Or-

1014 2460 1085 2488 dinis
1106 2460 1207 2488 caritas
1228 2463 1255 2488 et
1276 2460 1361 2488 sancti
1385 2459 1592 2488 Bonaventurae
1622 2459 1784 2487 meritorum
1807 2467 1864 2487 ma-

1014 2506 1129 2543 gnitudo
1160 2510 1187 2535 et
1215 2507 1365 2535 catholicae
1394 2506 1542 2540 Ecclesiae,
1569 2506 1649 2534 cuius
1676 2505 1865 2542 gubernacula

1015 2554 1093 2582 nobis
1115 2554 1177 2582 licet
1199 2554 1409 2582 immerentibus
1427 2562 1442 2581 a
1464 2553 1520 2581 Deo
1541 2553 1686 2581 commissa
1707 2556 1788 2586 sunt,
1810 2552 1863 2580 uti-

1014 2601 1075 2629 litas
1096 2604 1123 2629 et
1137 2600 1289 2629 aedificatio
1305 2600 1439 2637 requirit;
1456 2600 1548 2629 habita
1569 2608 1654 2637 super
1670 2599 1713 2628 his
1734 2599 1863 2628 omnibus

1013 2656 1076 2677 cuin
1100 2648 1305 2676 venerabilibus
1329 2648 1473 2676 Fratribus
1504 2647 1605 2676 nostris
1636 2650 1745 2675 sanctae
1769 2647 1863 2675 Roma-

1013 2704 1064 2724 nae
1090 2695 1225 2724 Ecclesiae
1247 2694 1449 2728 cardinalibus,
1471 2694 1667 2723 deliberatione
1690 2697 1815 2727 niatura;
1830 2693 1863 2721 de

1013 2742 1164 2771 eorundem
1194 2742 1307 2770 consilio
1335 2745 1361 2770 et
1383 2741 1505 2770 unanimi
1527 2749 1641 2769 assensu
1670 2744 1697 2768 et
1720 2748 1756 2768 ex
1789 2743 1863 2768 certa

1013 2792 1107 2817 nostra
1128 2789 1242 2817 scientia
1262 2797 1293 2817 ac
1315 2789 1348 2817 de
1362 2788 1512 2817 attributae
1530 2788 1609 2816 nobis
1630 2787 1794 2824 apostolicae
1815 2794 1863 2823 po-

1013 2836 1118 2864 testatis
1150 2835 1336 2872 plenitudine,
1368 2836 1420 2864 hac
1452 2838 1546 2863 nostra
1578 2838 1713 2871 perpetuo
1746 2833 1863 2862 valitura

1013 2883 1207 2911 constitutione
1238 2882 1390 2911 doctrinam
1428 2882 1513 2918 ipsius
1544 2882 1569 2909 S.
1603 2881 1810 2909 Bonaventurae
1848 2889 1863 2908 a

1013 2930 1179 2967 supradictis
1216 2929 1476 2966 praedecessoribus
1510 2929 1612 2957 nostris
1646 2928 1784 2957 Clemente
1817 2927 1863 2961 lv,

1077 3032 1082 3044 ¹
1103 3032 1164 3054 Bulla
1185 3031 1365 3061 Triumphauit&
1383 3030 1522 3054 Ierusalem.
