<?xml version="1.0" encoding="UTF-8"?>
<!DOCTYPE html PUBLIC "-//W3C//DTD XHTML 1.0 Transitional//EN"
    "http://www.w3.org/TR/xhtml1/DTD/xhtml1-transitional.dtd">
<html xmlns="http://www.w3.org/1999/xhtml" xml:lang="en" lang="en">
 <head>
  <title>
</title>
<meta http-equiv="Content-Type" content="text/html;charset=utf-8" />
  <meta name='ocr-system' content='tesseract 3.04.00' />
  <meta name='ocr-capabilities' content='ocr_page ocr_carea ocr_par ocr_line ocrx_word'/>
</head>
<body>
  <div class='ocr_page' id='page_1' title='image "./doctorisseraphic10bona_0178.png"; bbox 0 0 2269 3448; ppageno 0'>
   <div class='ocr_carea' id='block_1_1' title="bbox 370 232 936 333">
    <p class='ocr_par' dir='ltr' id='par_1_1' title="bbox 370 232 936 333">
     <span class='ocr_line' id='line_1_1' title="bbox 622 232 677 254; baseline 0 0"><span class='ocrx_word' id='word_1_1' title='bbox 622 232 677 254; x_wconf 70' lang='grc' dir='ltr'>ΞΛΜ</span> 
     </span>
     <span class='ocr_line' id='line_1_2' title="bbox 371 271 935 300; baseline -0.002 -7"><span class='ocrx_word' id='word_1_2' title='bbox 371 272 428 298; x_wconf 84' lang='lat' dir='ltr'>Lex,</span> <span class='ocrx_word' id='word_1_3' title='bbox 447 278 488 299; x_wconf 90' lang='lat' dir='ltr'>per</span> <span class='ocrx_word' id='word_1_4' title='bbox 512 277 582 300; x_wconf 85' lang='lat' dir='ltr'>quam</span> <span class='ocrx_word' id='word_1_5' title='bbox 609 271 715 293; x_wconf 85' lang='lat' dir='ltr'>homines</span> <span class='ocrx_word' id='word_1_6' title='bbox 737 271 866 295; x_wconf 81' lang='lat' dir='ltr'>salvantur.</span> <span class='ocrx_word' id='word_1_7' title='bbox 890 277 935 292; x_wconf 89' lang='lat' dir='ltr'>non</span> 
     </span>
     <span class='ocr_line' id='line_1_3' title="bbox 370 309 936 333; baseline -0.004 0"><span class='ocrx_word' id='word_1_8' title='bbox 370 314 404 333; x_wconf 87' lang='lat' dir='ltr'>est</span> <span class='ocrx_word' id='word_1_9' title='bbox 422 311 466 333; x_wconf 88' lang='lat' dir='ltr'>nisi</span> <span class='ocrx_word' id='word_1_10' title='bbox 489 311 574 333; x_wconf 72' lang='lat' dir='ltr'>veritas</span> <span class='ocrx_word' id='word_1_11' title='bbox 600 310 643 332; x_wconf 82' lang='grc'>637</span> <span class='ocrx_word' id='word_1_12' title='bbox 670 316 682 332; x_wconf 87' lang='lat' dir='ltr'>a</span> <span class='ocrx_word' id='word_1_13' title='bbox 700 322 730 326; x_wconf 97' lang='lat'><strong>—</strong></span> <span class='ocrx_word' id='word_1_14' title='bbox 749 310 799 332; x_wconf 82' lang='lat' dir='ltr'>Sola</span> <span class='ocrx_word' id='word_1_15' title='bbox 823 310 855 332; x_wconf 85' lang='lat' dir='ltr'>lex</span> <span class='ocrx_word' id='word_1_16' title='bbox 879 309 936 331; x_wconf 76' lang='lat' dir='ltr'>chri-</span> 
     </span>
    </p>
   </div>
   <div class='ocr_carea' id='block_1_2' title="bbox 368 348 937 1123">
    <p class='ocr_par' dir='ltr' id='par_1_2' title="bbox 369 348 935 411">
     <span class='ocr_line' id='line_1_4' title="bbox 369 348 935 377; baseline -0.002 -6"><span class='ocrx_word' id='word_1_17' title='bbox 369 350 442 372; x_wconf 90' lang='lat' dir='ltr'>stiana</span> <span class='ocrx_word' id='word_1_18' title='bbox 454 350 528 372; x_wconf 78' lang='lat' dir='ltr'>salvat</span> <span class='ocrx_word' id='word_1_19' title='bbox 540 348 593 372; x_wconf 74' lang='lat' dir='ltr'>ibid.</span> <span class='ocrx_word' id='word_1_20' title='bbox 607 362 632 364; x_wconf 97' lang='lat'><strong>—</strong></span> <span class='ocrx_word' id='word_1_21' title='bbox 643 349 700 371; x_wconf 84' lang='lat' dir='ltr'>Nulli</span> <span class='ocrx_word' id='word_1_22' title='bbox 712 349 814 371; x_wconf 78' lang='lat' dir='ltr'>existenti</span> <span class='ocrx_word' id='word_1_23' title='bbox 828 349 849 370; x_wconf 93' lang='lat' dir='ltr'>in</span> <span class='ocrx_word' id='word_1_24' title='bbox 860 348 935 377; x_wconf 87' lang='lat' dir='ltr'>aliqua</span> 
     </span>
     <span class='ocr_line' id='line_1_5' title="bbox 369 388 934 411; baseline -0.004 0"><span class='ocrx_word' id='word_1_25' title='bbox 369 389 511 411; x_wconf 69' lang='lat' dir='ltr'>extremitate</span> <span class='ocrx_word' id='word_1_26' title='bbox 529 392 602 411; x_wconf 87' lang='lat' dir='ltr'>terrae</span> <span class='ocrx_word' id='word_1_27' title='bbox 619 394 673 410; x_wconf 82' lang='lat' dir='ltr'>vera</span> <span class='ocrx_word' id='word_1_28' title='bbox 692 388 753 410; x_wconf 80' lang='lat' dir='ltr'>salus</span> <span class='ocrx_word' id='word_1_29' title='bbox 770 388 847 410; x_wconf 85' lang='lat' dir='ltr'>delicit</span> <span class='ocrx_word' id='word_1_30' title='bbox 865 388 905 409; x_wconf 88' lang='grc'>190</span> <span class='ocrx_word' id='word_1_31' title='bbox 923 394 934 409; x_wconf 93' lang='lat' dir='ltr'>a</span> 
     </span>
    </p>

    <p class='ocr_par' dir='ltr' id='par_1_3' title="bbox 368 427 936 807">
     <span class='ocr_line' id='line_1_6' title="bbox 418 427 935 456; baseline -0.004 -6"><span class='ocrx_word' id='word_1_32' title='bbox 418 440 446 443; x_wconf 80' lang='lat'>—</span> <span class='ocrx_word' id='word_1_33' title='bbox 465 428 507 450; x_wconf 67' lang='lat' dir='ltr'>Via</span> <span class='ocrx_word' id='word_1_34' title='bbox 524 428 603 450; x_wconf 87' lang='lat' dir='ltr'>salutis</span> <span class='ocrx_word' id='word_1_35' title='bbox 620 428 755 455; x_wconf 78' lang='lat' dir='ltr'>designatur</span> <span class='ocrx_word' id='word_1_36' title='bbox 776 430 888 456; x_wconf 90' lang='lat' dir='ltr'>quantum</span> <span class='ocrx_word' id='word_1_37' title='bbox 906 427 935 449; x_wconf 90' lang='lat' dir='ltr'>ad</span> 
     </span>
     <span class='ocr_line' id='line_1_7' title="bbox 370 466 936 494; baseline -0.004 -5"><span class='ocrx_word' id='word_1_38' title='bbox 370 467 530 489; x_wconf 74' lang='lat' dir='ltr'>rectitudinem</span> <span class='ocrx_word' id='word_1_39' title='bbox 549 467 648 493; x_wconf 84' lang='lat' dir='ltr'>itineris,</span> <span class='ocrx_word' id='word_1_40' title='bbox 668 467 784 489; x_wconf 90' lang='lat' dir='ltr'>utilitatem</span> <span class='ocrx_word' id='word_1_41' title='bbox 806 466 865 494; x_wconf 79' lang='lat' dir='ltr'>linis,</span> <span class='ocrx_word' id='word_1_42' title='bbox 884 472 936 493; x_wconf 90' lang='lat' dir='ltr'>pru-</span> 
     </span>
     <span class='ocr_line' id='line_1_8' title="bbox 369 506 936 534; baseline -0.002 -6"><span class='ocrx_word' id='word_1_43' title='bbox 369 507 470 529; x_wconf 80' lang='lat' dir='ltr'>dentiam</span> <span class='ocrx_word' id='word_1_44' title='bbox 489 506 608 534; x_wconf 81' lang='lat' dir='ltr'>dirigentis</span> <span class='ocrx_word' id='word_1_45' title='bbox 626 506 670 528; x_wconf 87' lang='grc'>246</span> <span class='ocrx_word' id='word_1_46' title='bbox 689 512 701 527; x_wconf 90' lang='lat' dir='ltr'>a</span> <span class='ocrx_word' id='word_1_47' title='bbox 725 518 755 522; x_wconf 96' lang='lat'><strong>—</strong></span> <span class='ocrx_word' id='word_1_48' title='bbox 772 506 846 527; x_wconf 86' lang='lat' dir='ltr'>Homo</span> <span class='ocrx_word' id='word_1_49' title='bbox 864 506 936 527; x_wconf 81' lang='lat' dir='ltr'>salva-</span> 
     </span>
     <span class='ocr_line' id='line_1_9' title="bbox 370 544 936 574; baseline -0.004 -6"><span class='ocrx_word' id='word_1_50' title='bbox 370 550 406 568; x_wconf 91' lang='lat' dir='ltr'>tur</span> <span class='ocrx_word' id='word_1_51' title='bbox 424 552 465 574; x_wconf 88' lang='lat' dir='ltr'>per</span> <span class='ocrx_word' id='word_1_52' title='bbox 482 546 664 568; x_wconf 77' lang='lat' dir='ltr'>conformitatem</span> <span class='ocrx_word' id='word_1_53' title='bbox 682 545 710 567; x_wconf 88' lang='lat' dir='ltr'>ad</span> <span class='ocrx_word' id='word_1_54' title='bbox 731 545 854 567; x_wconf 83' lang='lat' dir='ltr'>Dominum</span> <span class='ocrx_word' id='word_1_55' title='bbox 872 547 894 566; x_wconf 91' lang='lat' dir='ltr'>et</span> <span class='ocrx_word' id='word_1_56' title='bbox 906 544 936 566; x_wconf 91' lang='lat' dir='ltr'>in-</span> 
     </span>
     <span class='ocr_line' id='line_1_10' title="bbox 370 584 935 614; baseline -0.004 -7"><span class='ocrx_word' id='word_1_57' title='bbox 370 591 476 614; x_wconf 78' lang='lat' dir='ltr'>gressum</span> <span class='ocrx_word' id='word_1_58' title='bbox 495 585 518 607; x_wconf 87' lang='lat' dir='ltr'>in·</span> <span class='ocrx_word' id='word_1_59' title='bbox 540 585 673 613; x_wconf 74' lang='lat' dir='ltr'>paradisum</span> <span class='ocrx_word' id='word_1_60' title='bbox 698 584 743 606; x_wconf 85' lang='lat'>384</span> <span class='ocrx_word' id='word_1_61' title='bbox 761 590 773 606; x_wconf 89' lang='lat' dir='ltr'>a</span> <span class='ocrx_word' id='word_1_62' title='bbox 790 597 821 599; x_wconf 97' lang='lat'><strong>—</strong></span> <span class='ocrx_word' id='word_1_63' title='bbox 840 584 935 605; x_wconf 84' lang='lat' dir='ltr'>Summa</span> 
     </span>
     <span class='ocr_line' id='line_1_11' title="bbox 371 623 935 647; baseline -0.007 0"><span class='ocrx_word' id='word_1_64' title='bbox 371 625 449 647; x_wconf 85' lang='lat' dir='ltr'>salutis</span> <span class='ocrx_word' id='word_1_65' title='bbox 467 626 582 646; x_wconf 88' lang='lat' dir='ltr'>humanae</span> <span class='ocrx_word' id='word_1_66' title='bbox 599 624 702 646; x_wconf 72' lang='lat' dir='ltr'>consistit</span> <span class='ocrx_word' id='word_1_67' title='bbox 715 623 736 645; x_wconf 94' lang='lat' dir='ltr'>in</span> <span class='ocrx_word' id='word_1_68' title='bbox 749 623 876 645; x_wconf 87' lang='lat' dir='ltr'>humilitate</span> <span class='ocrx_word' id='word_1_69' title='bbox 888 628 935 644; x_wconf 78' lang='lat' dir='ltr'>nie-</span> 
     </span>
     <span class='ocr_line' id='line_1_12' title="bbox 370 662 935 690; baseline -0.005 -4"><span class='ocrx_word' id='word_1_70' title='bbox 370 664 406 686; x_wconf 93' lang='lat' dir='ltr'>riti</span> <span class='ocrx_word' id='word_1_71' title='bbox 424 667 446 686; x_wconf 79' lang='lat' dir='ltr'>et</span> <span class='ocrx_word' id='word_1_72' title='bbox 463 664 604 685; x_wconf 87' lang='lat' dir='ltr'>sublimitate</span> <span class='ocrx_word' id='word_1_73' title='bbox 630 663 726 690; x_wconf 89' lang='lat' dir='ltr'>praemii</span> <span class='ocrx_word' id='word_1_74' title='bbox 745 662 789 684; x_wconf 88' lang='grc'>392</span> <span class='ocrx_word' id='word_1_75' title='bbox 808 668 820 683; x_wconf 89' lang='lat' dir='ltr'>a</span> <span class='ocrx_word' id='word_1_76' title='bbox 839 674 867 677; x_wconf 79' lang='lat'>—</span> <span class='ocrx_word' id='word_1_77' title='bbox 886 667 935 689; x_wconf 88' lang='lat' dir='ltr'>per·</span> 
     </span>
     <span class='ocr_line' id='line_1_13' title="bbox 370 702 934 729; baseline -0.005 -4"><span class='ocrx_word' id='word_1_78' title='bbox 370 704 425 726; x_wconf 84' lang='lat' dir='ltr'>secta</span> <span class='ocrx_word' id='word_1_79' title='bbox 444 703 547 725; x_wconf 74' lang='lat' dir='ltr'>consistit</span> <span class='ocrx_word' id='word_1_80' title='bbox 564 703 586 724; x_wconf 90' lang='lat' dir='ltr'>in</span> <span class='ocrx_word' id='word_1_81' title='bbox 611 702 748 724; x_wconf 70' lang='lat' dir='ltr'>remissione</span> <span class='ocrx_word' id='word_1_82' title='bbox 774 704 934 729; x_wconf 85' lang='lat' dir='ltr'>peccatorum,</span> 
     </span>
     <span class='ocr_line' id='line_1_14' title="bbox 370 740 936 768; baseline -0.005 -4"><span class='ocrx_word' id='word_1_83' title='bbox 370 742 483 764; x_wconf 80' lang='lat' dir='ltr'>infusione</span> <span class='ocrx_word' id='word_1_84' title='bbox 500 742 673 768; x_wconf 82' lang='lat' dir='ltr'>charismatum,</span> <span class='ocrx_word' id='word_1_85' title='bbox 686 740 886 763; x_wconf 80' lang='lat' dir='ltr'>consummatione</span> <span class='ocrx_word' id='word_1_86' title='bbox 898 740 936 762; x_wconf 88' lang='lat' dir='ltr'>de-</span> 
     </span>
     <span class='ocr_line' id='line_1_15' title="bbox 368 780 647 807; baseline -0.004 -4"><span class='ocrx_word' id='word_1_87' title='bbox 368 781 506 803; x_wconf 87' lang='lat' dir='ltr'>sideriorum</span> <span class='ocrx_word' id='word_1_88' title='bbox 526 780 570 803; x_wconf 87' lang='lat'>404</span> <span class='ocrx_word' id='word_1_89' title='bbox 588 787 614 807; x_wconf 85' lang='lat' dir='ltr'>a,</span> <span class='ocrx_word' id='word_1_90' title='bbox 632 780 647 802; x_wconf 87' lang='lat' dir='ltr'>b</span> 
     </span>
    </p>

    <p class='ocr_par' dir='ltr' id='par_1_4' title="bbox 368 819 937 1123">
     <span class='ocr_line' id='line_1_16' title="bbox 416 819 936 843; baseline -0.006 0"><span class='ocrx_word' id='word_1_91' title='bbox 416 833 447 837; x_wconf 92' lang='lat'>—-</span> <span class='ocrx_word' id='word_1_92' title='bbox 463 821 498 843; x_wconf 80' lang='lat' dir='ltr'>Ad</span> <span class='ocrx_word' id='word_1_93' title='bbox 515 821 612 842; x_wconf 89' lang='lat' dir='ltr'>salutem</span> <span class='ocrx_word' id='word_1_94' title='bbox 628 820 770 842; x_wconf 78' lang='lat' dir='ltr'>necessariae</span> <span class='ocrx_word' id='word_1_95' title='bbox 782 822 835 841; x_wconf 88' lang='lat' dir='ltr'>sunt</span> <span class='ocrx_word' id='word_1_96' title='bbox 848 819 936 841; x_wconf 88' lang='lat' dir='ltr'>hnmili-</span> 
     </span>
     <span class='ocr_line' id='line_1_17' title="bbox 369 858 935 887; baseline -0.005 -5"><span class='ocrx_word' id='word_1_97' title='bbox 369 864 415 887; x_wconf 81' lang='lat' dir='ltr'>tas,</span> <span class='ocrx_word' id='word_1_98' title='bbox 432 860 514 882; x_wconf 89' lang='lat' dir='ltr'>caritas</span> <span class='ocrx_word' id='word_1_99' title='bbox 532 862 554 882; x_wconf 82' lang='lat' dir='ltr'>et</span> <span class='ocrx_word' id='word_1_100' title='bbox 572 859 743 887; x_wconf 83' lang='lat' dir='ltr'>perseverantia</span> <span class='ocrx_word' id='word_1_101' title='bbox 761 859 806 880; x_wconf 85' lang='grc'>289</span> <span class='ocrx_word' id='word_1_102' title='bbox 824 864 836 879; x_wconf 88' lang='lat' dir='ltr'>a</span> <span class='ocrx_word' id='word_1_103' title='bbox 850 871 879 873; x_wconf 97' lang='lat'><strong>—</strong></span> <span class='ocrx_word' id='word_1_104' title='bbox 892 858 935 880; x_wconf 82' lang='lat' dir='ltr'>Via</span> 
     </span>
     <span class='ocr_line' id='line_1_18' title="bbox 368 897 935 922; baseline -0.005 -1"><span class='ocrx_word' id='word_1_105' title='bbox 368 899 448 922; x_wconf 86' lang='lat' dir='ltr'>salutis</span> <span class='ocrx_word' id='word_1_106' title='bbox 465 902 499 921; x_wconf 83' lang='lat' dir='ltr'>est</span> <span class='ocrx_word' id='word_1_107' title='bbox 516 898 658 921; x_wconf 79' lang='lat' dir='ltr'>descendere</span> <span class='ocrx_word' id='word_1_108' title='bbox 680 901 702 920; x_wconf 86' lang='lat' dir='ltr'>ct</span> <span class='ocrx_word' id='word_1_109' title='bbox 727 897 842 920; x_wconf 85' lang='lat' dir='ltr'>humiliari</span> <span class='ocrx_word' id='word_1_110' title='bbox 860 897 905 919; x_wconf 87' lang='grc'>337</span> <span class='ocrx_word' id='word_1_111' title='bbox 923 903 935 919; x_wconf 88' lang='lat' dir='ltr'>a</span> 
     </span>
     <span class='ocr_line' id='line_1_19' title="bbox 369 936 935 964; baseline -0.005 -4"><span class='ocrx_word' id='word_1_112' title='bbox 369 951 400 955; x_wconf 97' lang='lat'><strong>—</strong></span> <span class='ocrx_word' id='word_1_113' title='bbox 418 939 496 960; x_wconf 81' lang='lat' dir='ltr'>Nullus</span> <span class='ocrx_word' id='word_1_114' title='bbox 514 938 606 960; x_wconf 80' lang='lat' dir='ltr'>adultus</span> <span class='ocrx_word' id='word_1_115' title='bbox 622 940 657 960; x_wconf 89' lang='lat' dir='ltr'>est</span> <span class='ocrx_word' id='word_1_116' title='bbox 674 937 695 959; x_wconf 90' lang='lat' dir='ltr'>in</span> <span class='ocrx_word' id='word_1_117' title='bbox 713 940 772 959; x_wconf 88' lang='lat' dir='ltr'>statu</span> <span class='ocrx_word' id='word_1_118' title='bbox 790 937 880 964; x_wconf 88' lang='lat' dir='ltr'>salutis,</span> <span class='ocrx_word' id='word_1_119' title='bbox 894 936 935 958; x_wconf 88' lang='lat' dir='ltr'>nisi</span> 
     </span>
     <span class='ocr_line' id='line_1_20' title="bbox 370 975 935 1005; baseline -0.005 -5"><span class='ocrx_word' id='word_1_120' title='bbox 370 977 454 1000; x_wconf 85' lang='lat' dir='ltr'>habeat</span> <span class='ocrx_word' id='word_1_121' title='bbox 467 978 545 1004; x_wconf 77' lang='lat' dir='ltr'>fidem,</span> <span class='ocrx_word' id='word_1_122' title='bbox 557 983 631 1005; x_wconf 79' lang='lat' dir='ltr'>spem,</span> <span class='ocrx_word' id='word_1_123' title='bbox 643 977 761 999; x_wconf 81' lang='lat' dir='ltr'>caritatem</span> <span class='ocrx_word' id='word_1_124' title='bbox 774 976 818 998; x_wconf 89' lang='grc'>237</span> <span class='ocrx_word' id='word_1_125' title='bbox 832 976 853 998; x_wconf 89' lang='grc'>1).</span> <span class='ocrx_word' id='word_1_126' title='bbox 867 975 911 998; x_wconf 86' lang='grc'>424</span> <span class='ocrx_word' id='word_1_127' title='bbox 923 982 935 997; x_wconf 82' lang='grc'>11</span> 
     </span>
     <span class='ocr_line' id='line_1_21' title="bbox 369 1015 937 1039; baseline -0.004 0"><span class='ocrx_word' id='word_1_128' title='bbox 369 1030 399 1033; x_wconf 93' lang='grc'>-</span> <span class='ocrx_word' id='word_1_129' title='bbox 411 1017 445 1039; x_wconf 84' lang='lat' dir='ltr'>Ad</span> <span class='ocrx_word' id='word_1_130' title='bbox 458 1018 554 1039; x_wconf 84' lang='lat' dir='ltr'>salutem</span> <span class='ocrx_word' id='word_1_131' title='bbox 572 1016 701 1038; x_wconf 86' lang='lat' dir='ltr'>necessaria</span> <span class='ocrx_word' id='word_1_132' title='bbox 718 1018 752 1038; x_wconf 84' lang='lat' dir='ltr'>est</span> <span class='ocrx_word' id='word_1_133' title='bbox 763 1015 873 1038; x_wconf 81' lang='lat' dir='ltr'>serenitas</span> <span class='ocrx_word' id='word_1_134' title='bbox 886 1015 937 1037; x_wconf 82' lang='lat' dir='ltr'>bea·</span> 
     </span>
     <span class='ocr_line' id='line_1_22' title="bbox 370 1055 936 1084; baseline -0.004 -6"><span class='ocrx_word' id='word_1_135' title='bbox 370 1060 407 1079; x_wconf 87' lang='lat' dir='ltr'>tae</span> <span class='ocrx_word' id='word_1_136' title='bbox 428 1056 579 1084; x_wconf 81' lang='lat' dir='ltr'>aeternitatis,</span> <span class='ocrx_word' id='word_1_137' title='bbox 602 1056 754 1084; x_wconf 87' lang='lat' dir='ltr'>tranquillitas</span> <span class='ocrx_word' id='word_1_138' title='bbox 777 1055 870 1082; x_wconf 87' lang='lat' dir='ltr'>mentis,</span> <span class='ocrx_word' id='word_1_139' title='bbox 893 1055 936 1076; x_wconf 83' lang='lat' dir='ltr'>sin-</span> 
     </span>
     <span class='ocr_line' id='line_1_23' title="bbox 369 1094 936 1123; baseline -0.004 -6"><span class='ocrx_word' id='word_1_140' title='bbox 369 1096 451 1118; x_wconf 84' lang='lat' dir='ltr'>ceritas</span> <span class='ocrx_word' id='word_1_141' title='bbox 476 1096 542 1122; x_wconf 74' lang='grc'>111101,</span> <span class='ocrx_word' id='word_1_142' title='bbox 560 1095 663 1117; x_wconf 85' lang='lat' dir='ltr'>soliditas</span> <span class='ocrx_word' id='word_1_143' title='bbox 685 1095 747 1123; x_wconf 73' lang='lat' dir='ltr'>spei,</span> <span class='ocrx_word' id='word_1_144' title='bbox 766 1094 861 1116; x_wconf 88' lang='lat' dir='ltr'>firmitas</span> <span class='ocrx_word' id='word_1_145' title='bbox 882 1094 936 1116; x_wconf 76' lang='lat' dir='ltr'>cari-</span> 
     </span>
    </p>
   </div>
   <div class='ocr_carea' id='block_1_3' title="bbox 369 1128 953 1203">
    <p class='ocr_par' dir='ltr' id='par_1_5' title="bbox 369 1128 953 1203">
     <span class='ocr_line' id='line_1_24' title="bbox 371 1128 953 1161; baseline -0.003 -4"><span class='ocrx_word' id='word_1_146' title='bbox 371 1135 422 1157; x_wconf 81' lang='lat' dir='ltr'>tatis</span> <span class='ocrx_word' id='word_1_147' title='bbox 439 1135 468 1157; x_wconf 79' lang='grc'>55</span> <span class='ocrx_word' id='word_1_148' title='bbox 487 1135 501 1156; x_wconf 90' lang='grc'>1)</span> <span class='ocrx_word' id='word_1_149' title='bbox 518 1148 547 1151; x_wconf 83' lang='grc'>-</span> <span class='ocrx_word' id='word_1_150' title='bbox 565 1135 599 1157; x_wconf 79' lang='lat' dir='ltr'>Ad</span> <span class='ocrx_word' id='word_1_151' title='bbox 617 1135 713 1157; x_wconf 89' lang='lat' dir='ltr'>salutem</span> <span class='ocrx_word' id='word_1_152' title='bbox 740 1137 827 1156; x_wconf 84' lang='lat' dir='ltr'>tantum</span> <span class='ocrx_word' id='word_1_153' title='bbox 851 1133 936 1161; x_wconf 79' lang='lat' dir='ltr'>(lignus</span> <span class='ocrx_word' id='word_1_154' title='bbox 952 1128 953 1134; x_wconf 51' lang='lat'>¹</span> 
     </span>
     <span class='ocr_line' id='line_1_25' title="bbox 369 1169 953 1203; baseline -0.003 -7"><span class='ocrx_word' id='word_1_155' title='bbox 369 1177 403 1196; x_wconf 92' lang='lat' dir='ltr'>est</span> <span class='ocrx_word' id='word_1_156' title='bbox 419 1175 521 1203; x_wconf 81' lang='lat' dir='ltr'>quierat</span> <span class='ocrx_word' id='word_1_157' title='bbox 539 1174 583 1196; x_wconf 84' lang='grc'>390</span> <span class='ocrx_word' id='word_1_158' title='bbox 602 1174 615 1196; x_wconf 87' lang='lat' dir='ltr'>b</span> <span class='ocrx_word' id='word_1_159' title='bbox 630 1187 657 1189; x_wconf 97' lang='lat'><strong>—</strong></span> <span class='ocrx_word' id='word_1_160' title='bbox 671 1174 714 1202; x_wconf 86' lang='lat' dir='ltr'>Qui</span> <span class='ocrx_word' id='word_1_161' title='bbox 728 1173 776 1195; x_wconf 80' lang='lat' dir='ltr'>vult</span> <span class='ocrx_word' id='word_1_162' title='bbox 792 1173 821 1195; x_wconf 91' lang='lat' dir='ltr'>ad</span> <span class='ocrx_word' id='word_1_163' title='bbox 838 1173 934 1194; x_wconf 84' lang='lat' dir='ltr'>salutem</span> <span class='ocrx_word' id='word_1_164' title='bbox 951 1169 953 1182; x_wconf 63' lang='lat'>³</span> 
     </span>
    </p>
   </div>
   <div class='ocr_carea' id='block_1_4' title="bbox 371 1211 936 1241">
    <p class='ocr_par' dir='ltr' id='par_1_6' title="bbox 371 1211 936 1241">
     <span class='ocr_line' id='line_1_26' title="bbox 371 1211 936 1241; baseline -0.004 -6"><span class='ocrx_word' id='word_1_165' title='bbox 371 1214 500 1241; x_wconf 81' lang='lat' dir='ltr'>pertingere</span> <span class='ocrx_word' id='word_1_166' title='bbox 518 1213 587 1236; x_wconf 87' lang='lat' dir='ltr'>debet</span> <span class='ocrx_word' id='word_1_167' title='bbox 604 1220 628 1235; x_wconf 87' lang='lat' dir='ltr'>se</span> <span class='ocrx_word' id='word_1_168' title='bbox 641 1213 775 1241; x_wconf 87' lang='lat' dir='ltr'>mancipare</span> <span class='ocrx_word' id='word_1_169' title='bbox 786 1212 883 1234; x_wconf 89' lang='lat' dir='ltr'>orationi</span> <span class='ocrx_word' id='word_1_170' title='bbox 896 1211 936 1233; x_wconf 89' lang='lat' dir='ltr'>de-</span> 
     </span>
    </p>
   </div>
   <div class='ocr_carea' id='block_1_5' title="bbox 371 1252 1536 1358">
    <p class='ocr_par' dir='ltr' id='par_1_7' title="bbox 371 1252 1536 1358">
     <span class='ocr_line' id='line_1_27' title="bbox 371 1252 952 1282; baseline -0.005 -7"><span class='ocrx_word' id='word_1_171' title='bbox 371 1256 449 1281; x_wconf 78' lang='lat' dir='ltr'>votae,</span> <span class='ocrx_word' id='word_1_172' title='bbox 473 1253 642 1275; x_wconf 61' lang='lat' dir='ltr'>conversationi</span> <span class='ocrx_word' id='word_1_173' title='bbox 665 1254 773 1274; x_wconf 79' lang='lat' dir='ltr'>honestae</span> <span class='ocrx_word' id='word_1_174' title='bbox 798 1255 820 1273; x_wconf 89' lang='lat' dir='ltr'>et</span> <span class='ocrx_word' id='word_1_175' title='bbox 845 1252 952 1282; x_wconf 46' lang='lat' dir='ltr'>conses-¹</span> 
     </span>
     <span class='ocr_line' id='line_1_28' title="bbox 951 1289 1536 1318; baseline -0.002 -6"><span class='ocrx_word' id='word_1_176' title='bbox 951 1290 1018 1314; x_wconf 57' lang='lat' dir='ltr'>,ilios</span> <span class='ocrx_word' id='word_1_177' title='bbox 1039 1290 1101 1312; x_wconf 82' lang='lat' dir='ltr'>solos</span> <span class='ocrx_word' id='word_1_178' title='bbox 1127 1296 1151 1312; x_wconf 88' lang='lat' dir='ltr'>se.</span> <span class='ocrx_word' id='word_1_179' title='bbox 1176 1290 1290 1316; x_wconf 84' lang='lat' dir='ltr'>extendit,</span> <span class='ocrx_word' id='word_1_180' title='bbox 1307 1290 1346 1318; x_wconf 85' lang='lat' dir='ltr'>qui</span> <span class='ocrx_word' id='word_1_181' title='bbox 1373 1290 1395 1311; x_wconf 91' lang='lat' dir='ltr'>in</span> <span class='ocrx_word' id='word_1_182' title='bbox 1421 1289 1536 1312; x_wconf 77' lang='lat' dir='ltr'>Christum</span> 
     </span>
     <span class='ocr_line' id='line_1_29' title="bbox 951 1328 1536 1358; baseline -0.002 -7"><span class='ocrx_word' id='word_1_183' title='bbox 951 1332 953 1358; x_wconf 67' lang='grc'>1</span> <span class='ocrx_word' id='word_1_184' title='bbox 970 1329 1067 1351; x_wconf 85' lang='lat' dir='ltr'>credunt</span> <span class='ocrx_word' id='word_1_185' title='bbox 1083 1332 1105 1351; x_wconf 91' lang='lat' dir='ltr'>et</span> <span class='ocrx_word' id='word_1_186' title='bbox 1123 1330 1200 1357; x_wconf 90' lang='lat' dir='ltr'>ipsum</span> <span class='ocrx_word' id='word_1_187' title='bbox 1218 1329 1315 1356; x_wconf 77' lang='lat' dir='ltr'>diligunt</span> <span class='ocrx_word' id='word_1_188' title='bbox 1333 1329 1378 1351; x_wconf 80' lang='lat'>515</span> <span class='ocrx_word' id='word_1_189' title='bbox 1394 1328 1408 1350; x_wconf 91' lang='lat' dir='ltr'>b</span> <span class='ocrx_word' id='word_1_190' title='bbox 1425 1341 1455 1345; x_wconf 79' lang='lat'>—</span> <span class='ocrx_word' id='word_1_191' title='bbox 1475 1329 1536 1351; x_wconf 85' lang='lat' dir='ltr'>Deus</span> 
     </span>
    </p>
   </div>
   <div class='ocr_carea' id='block_1_6' title="bbox 370 1292 935 1360">
    <p class='ocr_par' dir='ltr' id='par_1_8' title="bbox 370 1292 935 1360">
     <span class='ocr_line' id='line_1_30' title="bbox 370 1292 703 1315; baseline -0.003 -1"><span class='ocrx_word' id='word_1_192' title='bbox 370 1293 429 1315; x_wconf 87' lang='lat' dir='ltr'>sioni</span> <span class='ocrx_word' id='word_1_193' title='bbox 445 1292 610 1314; x_wconf 84' lang='lat' dir='ltr'>satist&#39;actoriae</span> <span class='ocrx_word' id='word_1_194' title='bbox 628 1292 673 1314; x_wconf 86' lang='grc'>723</span> <span class='ocrx_word' id='word_1_195' title='bbox 691 1298 703 1313; x_wconf 92' lang='lat' dir='ltr'>a</span> 
     </span>
     <span class='ocr_line' id='line_1_31' title="bbox 417 1329 935 1360; baseline -0.006 -6"><span class='ocrx_word' id='word_1_196' title='bbox 417 1344 446 1347; x_wconf 95' lang='lat'>—-</span> <span class='ocrx_word' id='word_1_197' title='bbox 465 1332 610 1360; x_wconf 85' lang='lat' dir='ltr'>Quicumque</span> <span class='ocrx_word' id='word_1_198' title='bbox 628 1331 676 1353; x_wconf 83' lang='lat' dir='ltr'>vutt</span> <span class='ocrx_word' id='word_1_199' title='bbox 701 1331 797 1357; x_wconf 75' lang='lat' dir='ltr'>salvari,</span> <span class='ocrx_word' id='word_1_200' title='bbox 815 1329 885 1352; x_wconf 88' lang='lat' dir='ltr'>debet</span> <span class='ocrx_word' id='word_1_201' title='bbox 901 1335 935 1351; x_wconf 78' lang='lat' dir='ltr'>at·-</span> 
     </span>
    </p>
   </div>
   <div class='ocr_carea' id='block_1_7' title="bbox 369 1369 953 1399">
    <p class='ocr_par' dir='ltr' id='par_1_9' title="bbox 369 1369 953 1399">
     <span class='ocr_line' id='line_1_32' title="bbox 369 1369 953 1399; baseline -0.005 -6"><span class='ocrx_word' id='word_1_202' title='bbox 369 1372 448 1399; x_wconf 80' lang='lat' dir='ltr'>cipere</span> <span class='ocrx_word' id='word_1_203' title='bbox 465 1371 578 1393; x_wconf 80' lang='lat' dir='ltr'>Christum</span> <span class='ocrx_word' id='word_1_204' title='bbox 597 1374 675 1392; x_wconf 88' lang='lat' dir='ltr'>natum</span> <span class='ocrx_word' id='word_1_205' title='bbox 694 1374 715 1392; x_wconf 83' lang='lat' dir='ltr'>et</span> <span class='ocrx_word' id='word_1_206' title='bbox 733 1370 826 1391; x_wconf 79' lang='lat' dir='ltr'>Matrem</span> <span class='ocrx_word' id='word_1_207' title='bbox 844 1369 894 1390; x_wconf 86' lang='lat' dir='ltr'>eius</span> <span class='ocrx_word' id='word_1_208' title='bbox 905 1369 934 1390; x_wconf 89' lang='lat' dir='ltr'>ad</span> <span class='ocrx_word' id='word_1_209' title='bbox 952 1378 953 1396; x_wconf 65' lang='lat'><em>3</em></span> 
     </span>
    </p>
   </div>
   <div class='ocr_carea' id='block_1_8' title="bbox 369 1408 938 1713">
    <p class='ocr_par' dir='ltr' id='par_1_10' title="bbox 369 1408 938 1713">
     <span class='ocr_line' id='line_1_33' title="bbox 370 1408 938 1432; baseline -0.005 0"><span class='ocrx_word' id='word_1_210' title='bbox 370 1411 520 1432; x_wconf 85' lang='lat' dir='ltr'>imitationem</span> <span class='ocrx_word' id='word_1_211' title='bbox 539 1412 560 1431; x_wconf 89' lang='lat' dir='ltr'>et</span> <span class='ocrx_word' id='word_1_212' title='bbox 578 1409 750 1431; x_wconf 85' lang='lat' dir='ltr'>venerationem</span> <span class='ocrx_word' id='word_1_213' title='bbox 771 1408 815 1430; x_wconf 58' lang='grc' dir='ltr'>γ144</span> <span class='ocrx_word' id='word_1_214' title='bbox 833 1408 848 1430; x_wconf 88' lang='grc'>1)</span> <span class='ocrx_word' id='word_1_215' title='bbox 865 1420 895 1424; x_wconf 92' lang='lat'>-—</span> <span class='ocrx_word' id='word_1_216' title='bbox 912 1408 938 1430; x_wconf 76' lang='lat' dir='ltr'>st</span> 
     </span>
     <span class='ocr_line' id='line_1_34' title="bbox 369 1447 935 1475; baseline -0.004 -4"><span class='ocrx_word' id='word_1_217' title='bbox 369 1450 452 1472; x_wconf 79' lang='lat' dir='ltr'>salvari</span> <span class='ocrx_word' id='word_1_218' title='bbox 471 1450 589 1475; x_wconf 81' lang='lat' dir='ltr'>volumus,</span> <span class='ocrx_word' id='word_1_219' title='bbox 601 1448 715 1471; x_wconf 87' lang='lat' dir='ltr'>debemus</span> <span class='ocrx_word' id='word_1_220' title='bbox 727 1454 780 1470; x_wconf 88' lang='lat' dir='ltr'>cum</span> <span class='ocrx_word' id='word_1_221' title='bbox 793 1447 883 1470; x_wconf 87' lang='lat' dir='ltr'>Christo</span> <span class='ocrx_word' id='word_1_222' title='bbox 896 1448 935 1469; x_wconf 85' lang='lat' dir='ltr'>tol-</span> 
     </span>
     <span class='ocr_line' id='line_1_35' title="bbox 370 1486 936 1514; baseline -0.007 -3"><span class='ocrx_word' id='word_1_223' title='bbox 370 1489 415 1511; x_wconf 74' lang='lat' dir='ltr'>lere</span> <span class='ocrx_word' id='word_1_224' title='bbox 432 1495 525 1511; x_wconf 86' lang='lat' dir='ltr'>crucem</span> <span class='ocrx_word' id='word_1_225' title='bbox 545 1489 589 1510; x_wconf 87' lang='grc'>263</span> <span class='ocrx_word' id='word_1_226' title='bbox 607 1494 633 1514; x_wconf 85' lang='lat' dir='ltr'>a,</span> <span class='ocrx_word' id='word_1_227' title='bbox 650 1487 665 1509; x_wconf 95' lang='lat' dir='ltr'>b</span> <span class='ocrx_word' id='word_1_228' title='bbox 682 1500 713 1503; x_wconf 97' lang='lat'><strong>—</strong></span> <span class='ocrx_word' id='word_1_229' title='bbox 730 1487 765 1509; x_wconf 73' lang='lat' dir='ltr'>Ad</span> <span class='ocrx_word' id='word_1_230' title='bbox 782 1487 878 1509; x_wconf 86' lang='lat' dir='ltr'>salutem</span> <span class='ocrx_word' id='word_1_231' title='bbox 891 1486 936 1508; x_wconf 80' lang='lat' dir='ltr'>rui-</span> 
     </span>
     <span class='ocr_line' id='line_1_36' title="bbox 369 1526 935 1554; baseline -0.005 -4"><span class='ocrx_word' id='word_1_232' title='bbox 369 1528 424 1550; x_wconf 88' lang='lat' dir='ltr'>libet</span> <span class='ocrx_word' id='word_1_233' title='bbox 440 1528 584 1550; x_wconf 67' lang='lat' dir='ltr'>necessariae</span> <span class='ocrx_word' id='word_1_234' title='bbox 596 1531 649 1549; x_wconf 86' lang='lat' dir='ltr'>sunt</span> <span class='ocrx_word' id='word_1_235' title='bbox 661 1527 761 1549; x_wconf 82' lang='lat' dir='ltr'>desertio</span> <span class='ocrx_word' id='word_1_236' title='bbox 774 1526 935 1554; x_wconf 82' lang='lat' dir='ltr'>impedimenti</span> 
     </span>
     <span class='ocr_line' id='line_1_37' title="bbox 369 1565 935 1595; baseline -0.005 -6"><span class='ocrx_word' id='word_1_237' title='bbox 369 1570 391 1589; x_wconf 87' lang='lat' dir='ltr'>et</span> <span class='ocrx_word' id='word_1_238' title='bbox 408 1567 501 1595; x_wconf 80' lang='lat' dir='ltr'>adeptio</span> <span class='ocrx_word' id='word_1_239' title='bbox 519 1567 680 1594; x_wconf 83' lang='lat' dir='ltr'>complementi</span> <span class='ocrx_word' id='word_1_240' title='bbox 696 1566 743 1588; x_wconf 83' lang='grc'>372</span> <span class='ocrx_word' id='word_1_241' title='bbox 762 1565 776 1587; x_wconf 90' lang='lat' dir='ltr'>b</span> <span class='ocrx_word' id='word_1_242' title='bbox 793 1578 824 1581; x_wconf 97' lang='lat'><strong>—</strong></span> <span class='ocrx_word' id='word_1_243' title='bbox 842 1566 935 1592; x_wconf 75' lang='lat' dir='ltr'>Propter</span> 
     </span>
     <span class='ocr_line' id='line_1_38' title="bbox 369 1604 936 1634; baseline -0.005 -5"><span class='ocrx_word' id='word_1_244' title='bbox 369 1607 465 1629; x_wconf 86' lang='lat' dir='ltr'>salutem</span> <span class='ocrx_word' id='word_1_245' title='bbox 483 1613 520 1629; x_wconf 90' lang='lat' dir='ltr'>res</span> <span class='ocrx_word' id='word_1_246' title='bbox 537 1606 675 1634; x_wconf 84' lang='lat' dir='ltr'>temporales</span> <span class='ocrx_word' id='word_1_247' title='bbox 692 1606 805 1634; x_wconf 89' lang='lat' dir='ltr'>proiicere</span> <span class='ocrx_word' id='word_1_248' title='bbox 822 1604 936 1627; x_wconf 87' lang='lat' dir='ltr'>debemus</span> 
     </span>
     <span class='ocr_line' id='line_1_39' title="bbox 369 1645 934 1674; baseline -0.005 -5"><span class='ocrx_word' id='word_1_249' title='bbox 369 1647 410 1669; x_wconf 84' lang='grc'>211</span> <span class='ocrx_word' id='word_1_250' title='bbox 432 1646 447 1668; x_wconf 87' lang='lat' dir='ltr'>b</span> <span class='ocrx_word' id='word_1_251' title='bbox 460 1659 489 1662; x_wconf 88' lang='lat'><em>-</em></span> <span class='ocrx_word' id='word_1_252' title='bbox 501 1646 572 1669; x_wconf 86' lang='lat' dir='ltr'>Nemo</span> <span class='ocrx_word' id='word_1_253' title='bbox 590 1649 665 1674; x_wconf 89' lang='lat' dir='ltr'>potest</span> <span class='ocrx_word' id='word_1_254' title='bbox 681 1645 760 1667; x_wconf 65' lang='lat' dir='ltr'>venire</span> <span class='ocrx_word' id='word_1_255' title='bbox 778 1645 807 1667; x_wconf 87' lang='lat' dir='ltr'>ad</span> <span class='ocrx_word' id='word_1_256' title='bbox 825 1645 934 1671; x_wconf 90' lang='lat' dir='ltr'>salutem,</span> 
     </span>
     <span class='ocr_line' id='line_1_40' title="bbox 370 1685 762 1713; baseline -0.005 -5"><span class='ocrx_word' id='word_1_257' title='bbox 370 1686 412 1708; x_wconf 87' lang='lat' dir='ltr'>nisi</span> <span class='ocrx_word' id='word_1_258' title='bbox 430 1685 513 1708; x_wconf 88' lang='lat' dir='ltr'>habeat</span> <span class='ocrx_word' id='word_1_259' title='bbox 531 1686 668 1713; x_wconf 84' lang='lat' dir='ltr'>sapientiam</span> <span class='ocrx_word' id='word_1_260' title='bbox 688 1685 731 1706; x_wconf 82' lang='grc'>189</span> <span class='ocrx_word' id='word_1_261' title='bbox 750 1691 762 1706; x_wconf 87' lang='lat' dir='ltr'>a</span> 
     </span>
    </p>
   </div>
   <div class='ocr_carea' id='block_1_9' title="bbox 417 1722 953 1758">
    <p class='ocr_par' dir='ltr' id='par_1_11' title="bbox 417 1716 953 1758">
     <span class='ocr_line' id='line_1_41' title="bbox 417 1722 953 1758; baseline -0.006 -11"><span class='ocrx_word' id='word_1_262' title='bbox 417 1737 447 1741; x_wconf 91' lang='lat'>—</span> <span class='ocrx_word' id='word_1_263' title='bbox 465 1725 499 1747; x_wconf 77' lang='lat' dir='ltr'>Ad</span> <span class='ocrx_word' id='word_1_264' title='bbox 517 1725 613 1747; x_wconf 81' lang='lat' dir='ltr'>salutem</span> <span class='ocrx_word' id='word_1_265' title='bbox 632 1724 775 1746; x_wconf 80' lang='lat' dir='ltr'>necessariae</span> <span class='ocrx_word' id='word_1_266' title='bbox 792 1726 845 1745; x_wconf 87' lang='lat' dir='ltr'>sunt</span> <span class='ocrx_word' id='word_1_267' title='bbox 862 1723 935 1745; x_wconf 81' lang='lat' dir='ltr'>tidelis</span> <span class='ocrx_word' id='word_1_268' title='bbox 951 1722 953 1758; x_wconf 57' lang='lat' dir='ltr'><em>J</em></span> 
     </span>
    </p>
   </div>
   <div class='ocr_carea' id='block_1_10' title="bbox 370 1763 938 3003">
    <p class='ocr_par' dir='ltr' id='par_1_12' title="bbox 370 1763 935 1949">
     <span class='ocr_line' id='line_1_42' title="bbox 370 1763 934 1792; baseline -0.004 -6"><span class='ocrx_word' id='word_1_269' title='bbox 370 1765 532 1792; x_wconf 75' lang='lat' dir='ltr'>intelligentia,</span> <span class='ocrx_word' id='word_1_270' title='bbox 550 1764 668 1785; x_wconf 70' lang='lat' dir='ltr'>caritativa</span> <span class='ocrx_word' id='word_1_271' title='bbox 686 1763 861 1790; x_wconf 70' lang='lat' dir='ltr'>benevolentia,</span> <span class='ocrx_word' id='word_1_272' title='bbox 879 1763 934 1784; x_wconf 78' lang='lat' dir='ltr'>tina-</span> 
     </span>
     <span class='ocr_line' id='line_1_43' title="bbox 370 1803 935 1826; baseline -0.004 0"><span class='ocrx_word' id='word_1_273' title='bbox 370 1804 397 1826; x_wconf 83' lang='lat' dir='ltr'>lis</span> <span class='ocrx_word' id='word_1_274' title='bbox 414 1803 540 1826; x_wconf 88' lang='lat' dir='ltr'>constantia</span> <span class='ocrx_word' id='word_1_275' title='bbox 557 1803 598 1825; x_wconf 66' lang='lat'>331</span> <span class='ocrx_word' id='word_1_276' title='bbox 620 1809 633 1824; x_wconf 93' lang='lat' dir='ltr'>a</span> <span class='ocrx_word' id='word_1_277' title='bbox 646 1815 675 1818; x_wconf 89' lang='lat'><strong>—</strong></span> <span class='ocrx_word' id='word_1_278' title='bbox 692 1803 725 1825; x_wconf 73' lang='lat' dir='ltr'>Ad</span> <span class='ocrx_word' id='word_1_279' title='bbox 743 1803 839 1825; x_wconf 83' lang='lat' dir='ltr'>salutem</span> <span class='ocrx_word' id='word_1_280' title='bbox 857 1808 935 1824; x_wconf 87' lang='lat' dir='ltr'>neces-</span> 
     </span>
     <span class='ocr_line' id='line_1_44' title="bbox 370 1842 935 1870; baseline -0.004 -5"><span class='ocrx_word' id='word_1_281' title='bbox 370 1843 444 1865; x_wconf 86' lang='lat' dir='ltr'>sariae</span> <span class='ocrx_word' id='word_1_282' title='bbox 461 1846 514 1865; x_wconf 84' lang='lat' dir='ltr'>sunt</span> <span class='ocrx_word' id='word_1_283' title='bbox 538 1842 687 1870; x_wconf 80' lang='lat' dir='ltr'>intelligentia</span> <span class='ocrx_word' id='word_1_284' title='bbox 712 1842 857 1870; x_wconf 78' lang='lat' dir='ltr'>divinorum,</span> <span class='ocrx_word' id='word_1_285' title='bbox 884 1847 935 1863; x_wconf 80' lang='lat' dir='ltr'>con-</span> 
     </span>
     <span class='ocr_line' id='line_1_45' title="bbox 370 1881 935 1910; baseline -0.004 -6"><span class='ocrx_word' id='word_1_286' title='bbox 370 1882 447 1905; x_wconf 84' lang='lat' dir='ltr'>cordia</span> <span class='ocrx_word' id='word_1_287' title='bbox 466 1882 637 1910; x_wconf 83' lang='lat' dir='ltr'>proximorum,</span> <span class='ocrx_word' id='word_1_288' title='bbox 658 1881 774 1903; x_wconf 81' lang='lat' dir='ltr'>tolerantia</span> <span class='ocrx_word' id='word_1_289' title='bbox 795 1881 935 1903; x_wconf 82' lang='lat' dir='ltr'>adversario-</span> 
     </span>
     <span class='ocr_line' id='line_1_46' title="bbox 370 1920 557 1949; baseline -0.005 -5"><span class='ocrx_word' id='word_1_290' title='bbox 370 1928 421 1944; x_wconf 88' lang='lat' dir='ltr'>rum</span> <span class='ocrx_word' id='word_1_291' title='bbox 440 1921 485 1943; x_wconf 77' lang='grc'>374</span> <span class='ocrx_word' id='word_1_292' title='bbox 503 1928 523 1949; x_wconf 86' lang='lat' dir='ltr'>a,</span> <span class='ocrx_word' id='word_1_293' title='bbox 542 1920 557 1943; x_wconf 89' lang='lat' dir='ltr'>b</span> 
     </span>
    </p>

    <p class='ocr_par' dir='ltr' id='par_1_13' title="bbox 370 1959 935 2062">
     <span class='ocr_line' id='line_1_47' title="bbox 417 1959 935 1987; baseline -0.004 -4"><span class='ocrx_word' id='word_1_294' title='bbox 417 1962 573 1983; x_wconf 53' lang='lat' dir='ltr'>SAMitutTANUs</span> <span class='ocrx_word' id='word_1_295' title='bbox 605 1973 633 1976; x_wconf 84' lang='lat'>—</span> <span class='ocrx_word' id='word_1_296' title='bbox 665 1963 743 1982; x_wconf 72' lang='lat' dir='ltr'>custos</span> <span class='ocrx_word' id='word_1_297' title='bbox 773 1959 935 1987; x_wconf 85' lang='lat' dir='ltr'>interpretatur</span> 
     </span>
     <span class='ocr_line' id='line_1_48' title="bbox 370 1998 934 2027; baseline -0.002 -5"><span class='ocrx_word' id='word_1_298' title='bbox 370 2000 410 2022; x_wconf 87' lang='grc'>401</span> <span class='ocrx_word' id='word_1_299' title='bbox 433 2007 453 2022; x_wconf 87' lang='lat' dir='ltr'>a.</span> <span class='ocrx_word' id='word_1_300' title='bbox 471 2000 516 2022; x_wconf 85' lang='lat'><strong>405</strong></span> <span class='ocrx_word' id='word_1_301' title='bbox 534 2006 546 2021; x_wconf 89' lang='lat' dir='ltr'>a</span> <span class='ocrx_word' id='word_1_302' title='bbox 564 2012 593 2015; x_wconf 89' lang='lat'><strong>—</strong></span> <span class='ocrx_word' id='word_1_303' title='bbox 611 1999 718 2027; x_wconf 78' lang='lat' dir='ltr'>designat</span> <span class='ocrx_word' id='word_1_304' title='bbox 729 1998 844 2022; x_wconf 89' lang='lat' dir='ltr'>Christum</span> <span class='ocrx_word' id='word_1_305' title='bbox 857 1999 902 2021; x_wconf 88' lang='grc'>350</span> <span class='ocrx_word' id='word_1_306' title='bbox 914 2005 934 2021; x_wconf 87' lang='lat' dir='ltr'>a.</span> 
     </span>
     <span class='ocr_line' id='line_1_49' title="bbox 370 2039 548 2062; baseline -0.006 0"><span class='ocrx_word' id='word_1_307' title='bbox 370 2039 414 2062; x_wconf 91' lang='grc'>400</span> <span class='ocrx_word' id='word_1_308' title='bbox 434 2039 455 2062; x_wconf 91' lang='lat' dir='ltr'>b.</span> <span class='ocrx_word' id='word_1_309' title='bbox 474 2039 513 2061; x_wconf 87' lang='grc'>401</span> <span class='ocrx_word' id='word_1_310' title='bbox 536 2046 548 2061; x_wconf 93' lang='lat' dir='ltr'>a</span> 
     </span>
    </p>

    <p class='ocr_par' dir='ltr' id='par_1_14' title="bbox 370 2077 935 2145">
     <span class='ocr_line' id='line_1_50' title="bbox 418 2077 935 2106; baseline -0.004 -5"><span class='ocrx_word' id='word_1_311' title='bbox 418 2080 505 2101; x_wconf 60' lang='lat' dir='ltr'>Samson</span> <span class='ocrx_word' id='word_1_312' title='bbox 525 2091 554 2094; x_wconf 97' lang='lat'><strong>—</strong></span> <span class='ocrx_word' id='word_1_313' title='bbox 572 2081 606 2100; x_wconf 87' lang='lat' dir='ltr'>est</span> <span class='ocrx_word' id='word_1_314' title='bbox 624 2078 696 2106; x_wconf 77' lang='lat' dir='ltr'>ligura</span> <span class='ocrx_word' id='word_1_315' title='bbox 715 2077 798 2100; x_wconf 89' lang='lat' dir='ltr'>Christi</span> <span class='ocrx_word' id='word_1_316' title='bbox 816 2077 879 2099; x_wconf 86' lang='grc'>4411.</span> <span class='ocrx_word' id='word_1_317' title='bbox 891 2078 935 2099; x_wconf 88' lang='lat'>666</span> 
     </span>
     <span class='ocr_line' id='line_1_51' title="bbox 370 2117 920 2145; baseline -0.004 -5"><span class='ocrx_word' id='word_1_318' title='bbox 370 2117 385 2140; x_wconf 96' lang='lat' dir='ltr'>b</span> <span class='ocrx_word' id='word_1_319' title='bbox 402 2131 432 2134; x_wconf 92' lang='lat'>—</span> <span class='ocrx_word' id='word_1_320' title='bbox 449 2118 564 2145; x_wconf 79' lang='lat' dir='ltr'>significat</span> <span class='ocrx_word' id='word_1_321' title='bbox 581 2117 668 2139; x_wconf 90' lang='lat' dir='ltr'>donum</span> <span class='ocrx_word' id='word_1_322' title='bbox 688 2117 827 2139; x_wconf 79' lang='lat' dir='ltr'>fortitudinis</span> <span class='ocrx_word' id='word_1_323' title='bbox 845 2117 889 2138; x_wconf 88' lang='lat'>666</span> <span class='ocrx_word' id='word_1_324' title='bbox 908 2123 920 2138; x_wconf 91' lang='lat' dir='ltr'>a</span> 
     </span>
    </p>

    <p class='ocr_par' dir='ltr' id='par_1_15' title="bbox 370 2155 936 2264">
     <span class='ocr_line' id='line_1_52' title="bbox 419 2155 936 2184; baseline -0.004 -5"><span class='ocrx_word' id='word_1_325' title='bbox 419 2158 506 2179; x_wconf 34' lang='lat' dir='ltr'>Sittium</span> <span class='ocrx_word' id='word_1_326' title='bbox 520 2169 547 2172; x_wconf 94' lang='lat'>—-</span> <span class='ocrx_word' id='word_1_327' title='bbox 562 2158 583 2178; x_wconf 92' lang='lat' dir='ltr'>ln</span> <span class='ocrx_word' id='word_1_328' title='bbox 593 2157 644 2184; x_wconf 84' lang='lat' dir='ltr'>ipso</span> <span class='ocrx_word' id='word_1_329' title='bbox 656 2159 704 2178; x_wconf 82' lang='lat' dir='ltr'>erat</span> <span class='ocrx_word' id='word_1_330' title='bbox 717 2155 847 2178; x_wconf 86' lang='lat' dir='ltr'>obedientia</span> <span class='ocrx_word' id='word_1_331' title='bbox 860 2162 936 2183; x_wconf 89' lang='lat' dir='ltr'>prom-</span> 
     </span>
     <span class='ocr_line' id='line_1_53' title="bbox 371 2194 936 2225; baseline -0.004 -7"><span class='ocrx_word' id='word_1_332' title='bbox 371 2200 408 2225; x_wconf 90' lang='lat' dir='ltr'>pta</span> <span class='ocrx_word' id='word_1_333' title='bbox 427 2196 470 2218; x_wconf 83' lang='grc'>439</span> <span class='ocrx_word' id='word_1_334' title='bbox 490 2195 504 2217; x_wconf 92' lang='grc'>1)</span> <span class='ocrx_word' id='word_1_335' title='bbox 521 2208 552 2212; x_wconf 91' lang='grc'>-</span> <span class='ocrx_word' id='word_1_336' title='bbox 569 2199 603 2217; x_wconf 91' lang='lat' dir='ltr'>est</span> <span class='ocrx_word' id='word_1_337' title='bbox 620 2195 694 2223; x_wconf 81' lang='lat' dir='ltr'>figura</span> <span class='ocrx_word' id='word_1_338' title='bbox 712 2194 794 2218; x_wconf 88' lang='lat' dir='ltr'>Christi</span> <span class='ocrx_word' id='word_1_339' title='bbox 812 2196 856 2217; x_wconf 89' lang='lat'>666</span> <span class='ocrx_word' id='word_1_340' title='bbox 876 2194 890 2216; x_wconf 92' lang='lat' dir='ltr'>b</span> <span class='ocrx_word' id='word_1_341' title='bbox 908 2207 936 2210; x_wconf 58' lang='grc'>»-</span> 
     </span>
     <span class='ocr_line' id='line_1_54' title="bbox 370 2233 769 2264; baseline -0.005 -6"><span class='ocrx_word' id='word_1_342' title='bbox 370 2236 483 2264; x_wconf 80' lang='lat' dir='ltr'>signiticat</span> <span class='ocrx_word' id='word_1_343' title='bbox 500 2235 588 2257; x_wconf 83' lang='lat' dir='ltr'>donum</span> <span class='ocrx_word' id='word_1_344' title='bbox 606 2235 694 2257; x_wconf 75' lang='lat' dir='ltr'>consilii</span> <span class='ocrx_word' id='word_1_345' title='bbox 711 2233 741 2257; x_wconf 67' lang='lat' dir='ltr'>it».</span> <span class='ocrx_word' id='word_1_346' title='bbox 758 2240 769 2256; x_wconf 88' lang='lat' dir='ltr'>a</span> 
     </span>
    </p>

    <p class='ocr_par' dir='ltr' id='par_1_16' title="bbox 370 2273 937 2499">
     <span class='ocr_line' id='line_1_55' title="bbox 417 2273 937 2302; baseline -0.004 -5"><span class='ocrx_word' id='word_1_347' title='bbox 417 2276 512 2297; x_wconf 74' lang='lat' dir='ltr'><strong>SANATIO</strong></span> <span class='ocrx_word' id='word_1_348' title='bbox 524 2286 555 2290; x_wconf 90' lang='lat'>—</span> <span class='ocrx_word' id='word_1_349' title='bbox 572 2274 615 2302; x_wconf 83' lang='lat' dir='ltr'>Qui</span> <span class='ocrx_word' id='word_1_350' title='bbox 632 2274 682 2296; x_wconf 60' lang='lat' dir='ltr'>vult</span> <span class='ocrx_word' id='word_1_351' title='bbox 698 2274 773 2296; x_wconf 84' lang='lat' dir='ltr'>sanari</span> <span class='ocrx_word' id='word_1_352' title='bbox 792 2274 856 2301; x_wconf 86' lang='lat' dir='ltr'>prius</span> <span class='ocrx_word' id='word_1_353' title='bbox 868 2273 937 2296; x_wconf 79' lang='lat' dir='ltr'>debet</span> 
     </span>
     <span class='ocr_line' id='line_1_56' title="bbox 370 2312 936 2340; baseline -0.005 -3"><span class='ocrx_word' id='word_1_354' title='bbox 370 2315 399 2337; x_wconf 91' lang='lat' dir='ltr'>ad</span> <span class='ocrx_word' id='word_1_355' title='bbox 425 2314 541 2336; x_wconf 84' lang='lat' dir='ltr'>medicum</span> <span class='ocrx_word' id='word_1_356' title='bbox 567 2319 699 2340; x_wconf 85' lang='lat' dir='ltr'>recurrere,</span> <span class='ocrx_word' id='word_1_357' title='bbox 717 2313 802 2335; x_wconf 86' lang='lat' dir='ltr'>deinde</span> <span class='ocrx_word' id='word_1_358' title='bbox 828 2312 936 2335; x_wconf 85' lang='lat' dir='ltr'>morbum</span> 
     </span>
     <span class='ocr_line' id='line_1_57' title="bbox 370 2352 931 2381; baseline -0.005 -5"><span class='ocrx_word' id='word_1_359' title='bbox 370 2354 491 2376; x_wconf 87' lang='lat' dir='ltr'>ostendere</span> <span class='ocrx_word' id='word_1_360' title='bbox 505 2356 527 2375; x_wconf 89' lang='lat' dir='ltr'>et</span> <span class='ocrx_word' id='word_1_361' title='bbox 540 2357 617 2381; x_wconf 80' lang='lat' dir='ltr'>postea</span> <span class='ocrx_word' id='word_1_362' title='bbox 630 2352 772 2374; x_wconf 88' lang='lat' dir='ltr'>curationem</span> <span class='ocrx_word' id='word_1_363' title='bbox 784 2352 879 2380; x_wconf 82' lang='lat' dir='ltr'>recipiet</span> <span class='ocrx_word' id='word_1_364' title='bbox 891 2352 931 2373; x_wconf 87' lang='grc'>231</span> 
     </span>
     <span class='ocr_line' id='line_1_58' title="bbox 371 2391 936 2420; baseline -0.004 -5"><span class='ocrx_word' id='word_1_365' title='bbox 371 2393 385 2415; x_wconf 90' lang='grc'>1)</span> <span class='ocrx_word' id='word_1_366' title='bbox 404 2405 432 2408; x_wconf 86' lang='lat'>—</span> <span class='ocrx_word' id='word_1_367' title='bbox 452 2392 576 2420; x_wconf 89' lang='lat' dir='ltr'>spiritualis</span> <span class='ocrx_word' id='word_1_368' title='bbox 599 2392 623 2414; x_wconf 86' lang='grc'>111</span> <span class='ocrx_word' id='word_1_369' title='bbox 646 2398 686 2419; x_wconf 86' lang='lat' dir='ltr'>per</span> <span class='ocrx_word' id='word_1_370' title='bbox 705 2392 858 2414; x_wconf 80' lang='lat' dir='ltr'>visitationem</span> <span class='ocrx_word' id='word_1_371' title='bbox 877 2391 936 2413; x_wconf 88' lang='lat' dir='ltr'>divi-</span> 
     </span>
     <span class='ocr_line' id='line_1_59' title="bbox 370 2431 935 2459; baseline -0.005 -4"><span class='ocrx_word' id='word_1_372' title='bbox 370 2439 431 2459; x_wconf 85' lang='lat' dir='ltr'>nam,</span> <span class='ocrx_word' id='word_1_373' title='bbox 444 2432 603 2454; x_wconf 84' lang='lat' dir='ltr'>contritionem</span> <span class='ocrx_word' id='word_1_374' title='bbox 622 2432 732 2453; x_wconf 86' lang='lat' dir='ltr'>internam</span> <span class='ocrx_word' id='word_1_375' title='bbox 750 2434 772 2452; x_wconf 86' lang='lat' dir='ltr'>et</span> <span class='ocrx_word' id='word_1_376' title='bbox 784 2431 935 2453; x_wconf 85' lang='lat' dir='ltr'>humilitatem</span> 
     </span>
     <span class='ocr_line' id='line_1_60' title="bbox 371 2471 615 2499; baseline -0.004 -6"><span class='ocrx_word' id='word_1_377' title='bbox 371 2471 523 2499; x_wconf 84' lang='lat' dir='ltr'>poenitentiae</span> <span class='ocrx_word' id='word_1_378' title='bbox 541 2471 586 2493; x_wconf 85' lang='grc'>215</span> <span class='ocrx_word' id='word_1_379' title='bbox 604 2477 615 2492; x_wconf 87' lang='lat' dir='ltr'>a</span> 
     </span>
    </p>

    <p class='ocr_par' dir='ltr' id='par_1_17' title="bbox 370 2509 937 2891">
     <span class='ocr_line' id='line_1_61' title="bbox 418 2509 935 2537; baseline -0.002 -5"><span class='ocrx_word' id='word_1_380' title='bbox 418 2511 496 2533; x_wconf 55' lang='lat' dir='ltr'>Smer}</span> <span class='ocrx_word' id='word_1_381' title='bbox 516 2523 543 2526; x_wconf 79' lang='lat'><strong>—</strong></span> <span class='ocrx_word' id='word_1_382' title='bbox 561 2516 643 2532; x_wconf 90' lang='lat' dir='ltr'>omnes</span> <span class='ocrx_word' id='word_1_383' title='bbox 654 2516 707 2531; x_wconf 90' lang='lat' dir='ltr'>cum</span> <span class='ocrx_word' id='word_1_384' title='bbox 724 2513 817 2537; x_wconf 89' lang='lat' dir='ltr'>peccato</span> <span class='ocrx_word' id='word_1_385' title='bbox 830 2509 935 2537; x_wconf 75' lang='lat' dir='ltr'>originali</span> 
     </span>
     <span class='ocr_line' id='line_1_62' title="bbox 370 2549 937 2577; baseline -0.004 -5"><span class='ocrx_word' id='word_1_386' title='bbox 370 2550 475 2577; x_wconf 78' lang='lat' dir='ltr'>concepti</span> <span class='ocrx_word' id='word_1_387' title='bbox 494 2553 515 2571; x_wconf 91' lang='lat' dir='ltr'>et</span> <span class='ocrx_word' id='word_1_388' title='bbox 534 2549 577 2571; x_wconf 90' lang='lat' dir='ltr'>nati</span> <span class='ocrx_word' id='word_1_389' title='bbox 595 2552 648 2571; x_wconf 84' lang='lat' dir='ltr'>sunt</span> <span class='ocrx_word' id='word_1_390' title='bbox 664 2549 709 2570; x_wconf 85' lang='grc'>719</span> <span class='ocrx_word' id='word_1_391' title='bbox 723 2555 734 2570; x_wconf 89' lang='lat' dir='ltr'>a</span> <span class='ocrx_word' id='word_1_392' title='bbox 748 2561 777 2565; x_wconf 89' lang='lat'>—-</span> <span class='ocrx_word' id='word_1_393' title='bbox 789 2554 871 2570; x_wconf 70' lang='lat' dir='ltr'>ornnes</span> <span class='ocrx_word' id='word_1_394' title='bbox 882 2552 937 2570; x_wconf 84' lang='lat' dir='ltr'>suut</span> 
     </span>
     <span class='ocr_line' id='line_1_63' title="bbox 371 2588 935 2616; baseline -0.004 -5"><span class='ocrx_word' id='word_1_395' title='bbox 371 2590 458 2611; x_wconf 86' lang='lat' dir='ltr'>fructus</span> <span class='ocrx_word' id='word_1_396' title='bbox 476 2589 547 2611; x_wconf 78' lang='lat' dir='ltr'>divini</span> <span class='ocrx_word' id='word_1_397' title='bbox 566 2589 610 2610; x_wconf 97' lang='grc'>670</span> <span class='ocrx_word' id='word_1_398' title='bbox 629 2588 643 2610; x_wconf 86' lang='grc'>1)</span> <span class='ocrx_word' id='word_1_399' title='bbox 662 2601 689 2604; x_wconf 90' lang='lat'>-—</span> <span class='ocrx_word' id='word_1_400' title='bbox 708 2588 831 2610; x_wconf 62' lang='lat' dir='ltr'>votuerunt</span> <span class='ocrx_word' id='word_1_401' title='bbox 848 2588 935 2616; x_wconf 78' lang='lat' dir='ltr'>despici</span> 
     </span>
     <span class='ocr_line' id='line_1_64' title="bbox 371 2627 935 2655; baseline -0.004 -5"><span class='ocrx_word' id='word_1_402' title='bbox 371 2628 401 2650; x_wconf 86' lang='lat' dir='ltr'>ab</span> <span class='ocrx_word' id='word_1_403' title='bbox 419 2628 560 2655; x_wconf 81' lang='lat' dir='ltr'>huminibus,</span> <span class='ocrx_word' id='word_1_404' title='bbox 578 2631 603 2650; x_wconf 93' lang='lat' dir='ltr'>ut</span> <span class='ocrx_word' id='word_1_405' title='bbox 620 2628 735 2655; x_wconf 84' lang='lat' dir='ltr'>placerent</span> <span class='ocrx_word' id='word_1_406' title='bbox 753 2628 799 2649; x_wconf 78' lang='lat' dir='ltr'>Deo</span> <span class='ocrx_word' id='word_1_407' title='bbox 818 2627 861 2649; x_wconf 75' lang='grc'>578</span> <span class='ocrx_word' id='word_1_408' title='bbox 880 2633 892 2648; x_wconf 91' lang='lat' dir='ltr'>a</span> <span class='ocrx_word' id='word_1_409' title='bbox 905 2639 935 2643; x_wconf 96' lang='lat'><strong>—</strong></span> 
     </span>
     <span class='ocr_line' id='line_1_65' title="bbox 372 2666 935 2694; baseline -0.005 -4"><span class='ocrx_word' id='word_1_410' title='bbox 372 2669 394 2690; x_wconf 96' lang='lat' dir='ltr'>ln</span> <span class='ocrx_word' id='word_1_411' title='bbox 407 2668 496 2689; x_wconf 79' lang='lat' dir='ltr'>Sanctis</span> <span class='ocrx_word' id='word_1_412' title='bbox 510 2667 550 2689; x_wconf 84' lang='lat' dir='ltr'>suit</span> <span class='ocrx_word' id='word_1_413' title='bbox 563 2667 674 2689; x_wconf 81' lang='lat' dir='ltr'>severitas</span> <span class='ocrx_word' id='word_1_414' title='bbox 685 2669 707 2688; x_wconf 83' lang='lat' dir='ltr'>et</span> <span class='ocrx_word' id='word_1_415' title='bbox 719 2666 848 2694; x_wconf 80' lang='lat' dir='ltr'>benignitas</span> <span class='ocrx_word' id='word_1_416' title='bbox 867 2666 911 2688; x_wconf 84' lang='lat'>484</span> <span class='ocrx_word' id='word_1_417' title='bbox 924 2672 935 2687; x_wconf 85' lang='lat' dir='ltr'>a</span> 
     </span>
     <span class='ocr_line' id='line_1_66' title="bbox 372 2705 937 2734; baseline -0.005 -5"><span class='ocrx_word' id='word_1_418' title='bbox 372 2720 399 2722; x_wconf 97' lang='lat'><strong>—</strong></span> <span class='ocrx_word' id='word_1_419' title='bbox 411 2707 518 2734; x_wconf 77' lang='lat' dir='ltr'>Exempla</span> <span class='ocrx_word' id='word_1_420' title='bbox 529 2705 582 2729; x_wconf 78' lang='lat' dir='ltr'>ibid.</span> <span class='ocrx_word' id='word_1_421' title='bbox 595 2718 625 2722; x_wconf 91' lang='lat'>—-</span> <span class='ocrx_word' id='word_1_422' title='bbox 637 2707 721 2728; x_wconf 85' lang='lat' dir='ltr'>Eorum</span> <span class='ocrx_word' id='word_1_423' title='bbox 734 2706 820 2728; x_wconf 84' lang='lat' dir='ltr'>lumina</span> <span class='ocrx_word' id='word_1_424' title='bbox 833 2706 937 2733; x_wconf 84' lang='lat' dir='ltr'>frequen-</span> 
     </span>
     <span class='ocr_line' id='line_1_67' title="bbox 372 2745 937 2773; baseline -0.004 -5"><span class='ocrx_word' id='word_1_425' title='bbox 372 2750 405 2768; x_wconf 85' lang='lat' dir='ltr'>ter</span> <span class='ocrx_word' id='word_1_426' title='bbox 423 2746 607 2773; x_wconf 82' lang='lat' dir='ltr'>exstinguuntur,</span> <span class='ocrx_word' id='word_1_427' title='bbox 624 2748 646 2767; x_wconf 90' lang='lat' dir='ltr'>et</span> <span class='ocrx_word' id='word_1_428' title='bbox 663 2745 715 2767; x_wconf 92' lang='lat' dir='ltr'>ideo</span> <span class='ocrx_word' id='word_1_429' title='bbox 730 2745 885 2773; x_wconf 84' lang='lat' dir='ltr'>periculosum</span> <span class='ocrx_word' id='word_1_430' title='bbox 903 2747 937 2767; x_wconf 86' lang='lat' dir='ltr'>est</span> 
     </span>
     <span class='ocr_line' id='line_1_68' title="bbox 373 2783 935 2813; baseline -0.004 -6"><span class='ocrx_word' id='word_1_431' title='bbox 373 2785 435 2812; x_wconf 81' lang='lat' dir='ltr'>ipsos</span> <span class='ocrx_word' id='word_1_432' title='bbox 452 2785 517 2813; x_wconf 87' lang='lat' dir='ltr'>sequi</span> <span class='ocrx_word' id='word_1_433' title='bbox 535 2785 581 2807; x_wconf 83' lang='grc'>707</span> <span class='ocrx_word' id='word_1_434' title='bbox 599 2790 611 2806; x_wconf 90' lang='lat' dir='ltr'>a</span> <span class='ocrx_word' id='word_1_435' title='bbox 634 2797 664 2800; x_wconf 97' lang='lat'><strong>—</strong></span> <span class='ocrx_word' id='word_1_436' title='bbox 687 2784 812 2811; x_wconf 83' lang='lat' dir='ltr'>Explicatio</span> <span class='ocrx_word' id='word_1_437' title='bbox 829 2783 883 2806; x_wconf 68' lang='lat' dir='ltr'>ibid.</span> <span class='ocrx_word' id='word_1_438' title='bbox 907 2796 935 2799; x_wconf 81' lang='lat'>—</span> 
     </span>
     <span class='ocr_line' id='line_1_69' title="bbox 372 2823 936 2851; baseline -0.004 -5"><span class='ocrx_word' id='word_1_439' title='bbox 372 2826 456 2846; x_wconf 84' lang='lat' dir='ltr'>Eorum</span> <span class='ocrx_word' id='word_1_440' title='bbox 482 2824 590 2846; x_wconf 85' lang='lat' dir='ltr'>miracula</span> <span class='ocrx_word' id='word_1_441' title='bbox 616 2826 734 2846; x_wconf 87' lang='lat' dir='ltr'>remanent</span> <span class='ocrx_word' id='word_1_442' title='bbox 760 2826 811 2851; x_wconf 89' lang='lat' dir='ltr'>post</span> <span class='ocrx_word' id='word_1_443' title='bbox 833 2823 936 2851; x_wconf 89' lang='lat' dir='ltr'>ipsorum</span> 
     </span>
     <span class='ocr_line' id='line_1_70' title="bbox 373 2864 601 2891; baseline 0 -6"><span class='ocrx_word' id='word_1_444' title='bbox 373 2864 508 2891; x_wconf 77' lang='lat' dir='ltr'>martyrium</span> <span class='ocrx_word' id='word_1_445' title='bbox 528 2864 571 2885; x_wconf 90' lang='grc'>482</span> <span class='ocrx_word' id='word_1_446' title='bbox 590 2869 601 2885; x_wconf 89' lang='lat' dir='ltr'>a</span> 
     </span>
    </p>

    <p class='ocr_par' dir='ltr' id='par_1_18' title="bbox 374 2901 938 3003">
     <span class='ocr_line' id='line_1_71' title="bbox 422 2901 936 2924; baseline -0.002 0"><span class='ocrx_word' id='word_1_447' title='bbox 422 2916 449 2918; x_wconf 75' lang='lat'>—</span> <span class='ocrx_word' id='word_1_448' title='bbox 462 2902 595 2924; x_wconf 81' lang='lat' dir='ltr'>Sublimitas</span> <span class='ocrx_word' id='word_1_449' title='bbox 608 2902 742 2924; x_wconf 76' lang='lat' dir='ltr'>Sanctorum</span> <span class='ocrx_word' id='word_1_450' title='bbox 761 2905 794 2924; x_wconf 89' lang='lat' dir='ltr'>est</span> <span class='ocrx_word' id='word_1_451' title='bbox 806 2901 936 2923; x_wconf 80' lang='lat' dir='ltr'>veneranda</span> 
     </span>
     <span class='ocr_line' id='line_1_72' title="bbox 374 2942 937 2970; baseline 0 -7"><span class='ocrx_word' id='word_1_452' title='bbox 374 2945 468 2970; x_wconf 86' lang='lat' dir='ltr'>propter</span> <span class='ocrx_word' id='word_1_453' title='bbox 486 2943 526 2964; x_wconf 89' lang='lat' dir='ltr'>tria</span> <span class='ocrx_word' id='word_1_454' title='bbox 545 2942 589 2963; x_wconf 77' lang='grc'>598</span> <span class='ocrx_word' id='word_1_455' title='bbox 607 2948 619 2963; x_wconf 89' lang='lat' dir='ltr'>a</span> <span class='ocrx_word' id='word_1_456' title='bbox 637 2954 666 2957; x_wconf 87' lang='lat'>—</span> <span class='ocrx_word' id='word_1_457' title='bbox 685 2942 820 2964; x_wconf 79' lang='lat' dir='ltr'>Sanctorum</span> <span class='ocrx_word' id='word_1_458' title='bbox 833 2942 937 2969; x_wconf 75' lang='lat' dir='ltr'>exempla</span> 
     </span>
     <span class='ocr_line' id='line_1_73' title="bbox 374 2981 938 3003; baseline 0 -1"><span class='ocrx_word' id='word_1_459' title='bbox 374 2987 418 3002; x_wconf 92' lang='lat' dir='ltr'>non</span> <span class='ocrx_word' id='word_1_460' title='bbox 433 2981 514 3003; x_wconf 89' lang='lat' dir='ltr'>imitari</span> <span class='ocrx_word' id='word_1_461' title='bbox 533 2982 599 3003; x_wconf 77' lang='lat' dir='ltr'>valde</span> <span class='ocrx_word' id='word_1_462' title='bbox 616 2981 775 3003; x_wconf 68' lang='lat' dir='ltr'>verecundum</span> <span class='ocrx_word' id='word_1_463' title='bbox 794 2985 826 3003; x_wconf 81' lang='lat' dir='ltr'>est</span> <span class='ocrx_word' id='word_1_464' title='bbox 839 2981 868 3002; x_wconf 83' lang='lat'><strong>54</strong></span> <span class='ocrx_word' id='word_1_465' title='bbox 881 2987 892 3003; x_wconf 93' lang='lat' dir='ltr'>a</span> <span class='ocrx_word' id='word_1_466' title='bbox 909 2993 938 2996; x_wconf 89' lang='lat'>—</span> 
     </span>
    </p>
   </div>
   <div class='ocr_carea' id='block_1_11' title="bbox 950 278 955 1266">
    <p class='ocr_par' dir='ltr' id='par_1_19' title="bbox 950 278 955 1266">
     <span class='ocr_line' id='line_1_74' title="bbox 950 278 955 1266; baseline 0 0"><span class='ocrx_word' id='word_1_467' title='bbox 950 278 955 1266; x_wconf 95' lang='lat' dir='ltr'> </span> 
     </span>
    </p>
   </div>
   <div class='ocr_carea' id='block_1_12' title="bbox 952 278 956 3006">
    <p class='ocr_par' dir='ltr' id='par_1_20' title="bbox 952 278 956 3006">
     <span class='ocr_line' id='line_1_75' title="bbox 952 278 956 3006; baseline 0 0"><span class='ocrx_word' id='word_1_468' title='bbox 952 278 956 3006; x_wconf 95' lang='lat' dir='ltr'> </span> 
     </span>
    </p>
   </div>
   <div class='ocr_carea' id='block_1_13' title="bbox 969 269 1538 650">
    <p class='ocr_par' dir='ltr' id='par_1_21' title="bbox 970 269 1537 410">
     <span class='ocr_line' id='line_1_76' title="bbox 970 269 1536 298; baseline -0.002 -6"><span class='ocrx_word' id='word_1_469' title='bbox 970 270 1061 298; x_wconf 91' lang='lat' dir='ltr'>Optime</span> <span class='ocrx_word' id='word_1_470' title='bbox 1080 276 1160 292; x_wconf 89' lang='lat' dir='ltr'>eorum</span> <span class='ocrx_word' id='word_1_471' title='bbox 1181 271 1235 292; x_wconf 85' lang='lat' dir='ltr'>festa</span> <span class='ocrx_word' id='word_1_472' title='bbox 1259 269 1372 297; x_wconf 86' lang='lat' dir='ltr'>celebrat,</span> <span class='ocrx_word' id='word_1_473' title='bbox 1394 270 1433 298; x_wconf 85' lang='lat' dir='ltr'>qui</span> <span class='ocrx_word' id='word_1_474' title='bbox 1455 276 1536 292; x_wconf 87' lang='lat' dir='ltr'>corum</span> 
     </span>
     <span class='ocr_line' id='line_1_77' title="bbox 971 309 1537 337; baseline -0.002 -6"><span class='ocrx_word' id='word_1_475' title='bbox 971 309 1072 331; x_wconf 86' lang='lat' dir='ltr'>imitatur</span> <span class='ocrx_word' id='word_1_476' title='bbox 1090 309 1233 331; x_wconf 87' lang='lat' dir='ltr'>sanctitatem</span> <span class='ocrx_word' id='word_1_477' title='bbox 1251 311 1273 330; x_wconf 91' lang='lat' dir='ltr'>et</span> <span class='ocrx_word' id='word_1_478' title='bbox 1297 312 1421 331; x_wconf 85' lang='lat' dir='ltr'>veneratur</span> <span class='ocrx_word' id='word_1_479' title='bbox 1438 312 1537 337; x_wconf 86' lang='lat' dir='ltr'>potcsta-</span> 
     </span>
     <span class='ocr_line' id='line_1_78' title="bbox 971 347 1537 370; baseline -0.002 0"><span class='ocrx_word' id='word_1_480' title='bbox 971 350 1016 370; x_wconf 91' lang='lat' dir='ltr'>tem</span> <span class='ocrx_word' id='word_1_481' title='bbox 1035 349 1079 370; x_wconf 81' lang='grc'>552</span> <span class='ocrx_word' id='word_1_482' title='bbox 1099 347 1113 370; x_wconf 93' lang='grc'>1)</span> <span class='ocrx_word' id='word_1_483' title='bbox 1130 360 1161 364; x_wconf 95' lang='grc'><strong>-</strong></span> <span class='ocrx_word' id='word_1_484' title='bbox 1178 349 1315 370; x_wconf 82' lang='lat' dir='ltr'>Sanctorum</span> <span class='ocrx_word' id='word_1_485' title='bbox 1334 348 1373 370; x_wconf 84' lang='lat' dir='ltr'>lilii</span> <span class='ocrx_word' id='word_1_486' title='bbox 1390 354 1471 370; x_wconf 87' lang='lat' dir='ltr'>sumus</span> <span class='ocrx_word' id='word_1_487' title='bbox 1489 354 1537 370; x_wconf 88' lang='lat' dir='ltr'>san-</span> 
     </span>
     <span class='ocr_line' id='line_1_79' title="bbox 970 387 1506 410; baseline -0.002 0"><span class='ocrx_word' id='word_1_488' title='bbox 970 388 1053 410; x_wconf 85' lang='lat' dir='ltr'>ctitatis</span> <span class='ocrx_word' id='word_1_489' title='bbox 1071 387 1231 410; x_wconf 77' lang='lat' dir='ltr'>informatione</span> <span class='ocrx_word' id='word_1_490' title='bbox 1248 390 1270 409; x_wconf 90' lang='lat' dir='ltr'>et</span> <span class='ocrx_word' id='word_1_491' title='bbox 1287 387 1413 409; x_wconf 87' lang='lat' dir='ltr'>imitatione</span> <span class='ocrx_word' id='word_1_492' title='bbox 1431 387 1475 410; x_wconf 82' lang='grc'>598</span> <span class='ocrx_word' id='word_1_493' title='bbox 1493 393 1506 409; x_wconf 89' lang='lat' dir='ltr'>a</span> 
     </span>
    </p>

    <p class='ocr_par' dir='ltr' id='par_1_22' title="bbox 970 426 1538 488">
     <span class='ocr_line' id='line_1_80' title="bbox 1017 426 1538 449; baseline 0 -1"><span class='ocrx_word' id='word_1_494' title='bbox 1017 439 1047 443; x_wconf 91' lang='grc'>-</span> <span class='ocrx_word' id='word_1_495' title='bbox 1081 426 1222 449; x_wconf 82' lang='lat' dir='ltr'>Describitur</span> <span class='ocrx_word' id='word_1_496' title='bbox 1255 427 1348 449; x_wconf 85' lang='lat' dir='ltr'>materia</span> <span class='ocrx_word' id='word_1_497' title='bbox 1387 426 1538 448; x_wconf 84' lang='lat' dir='ltr'>solemnitatis</span> 
     </span>
     <span class='ocr_line' id='line_1_81' title="bbox 970 466 1321 488; baseline -0.003 0"><span class='ocrx_word' id='word_1_498' title='bbox 970 466 1074 488; x_wconf 87' lang='lat' dir='ltr'>omnium</span> <span class='ocrx_word' id='word_1_499' title='bbox 1092 467 1228 488; x_wconf 83' lang='lat' dir='ltr'>Sanctorum</span> <span class='ocrx_word' id='word_1_500' title='bbox 1247 466 1287 487; x_wconf 89' lang='grc'>601</span> <span class='ocrx_word' id='word_1_501' title='bbox 1309 472 1321 487; x_wconf 90' lang='lat' dir='ltr'>a</span> 
     </span>
    </p>

    <p class='ocr_par' dir='ltr' id='par_1_23' title="bbox 969 504 1537 650">
     <span class='ocr_line' id='line_1_82' title="bbox 1018 504 1536 533; baseline 0 -7"><span class='ocrx_word' id='word_1_502' title='bbox 1018 517 1048 521; x_wconf 97' lang='lat'><strong>—</strong></span> <span class='ocrx_word' id='word_1_503' title='bbox 1075 506 1151 533; x_wconf 83' lang='lat' dir='ltr'>Quare</span> <span class='ocrx_word' id='word_1_504' title='bbox 1177 505 1298 532; x_wconf 77' lang='lat' dir='ltr'>Seraphim</span> <span class='ocrx_word' id='word_1_505' title='bbox 1326 504 1400 532; x_wconf 79' lang='lat' dir='ltr'>magis</span> <span class='ocrx_word' id='word_1_506' title='bbox 1425 505 1536 526; x_wconf 83' lang='lat' dir='ltr'>clament:</span> 
     </span>
     <span class='ocr_line' id='line_1_83' title="bbox 970 543 1537 572; baseline -0.002 -6"><span class='ocrx_word' id='word_1_507' title='bbox 970 544 1080 571; x_wconf 82' lang='lat' dir='ltr'>Sanctus,</span> <span class='ocrx_word' id='word_1_508' title='bbox 1098 547 1203 570; x_wconf 89' lang='lat' dir='ltr'>sanctus,</span> <span class='ocrx_word' id='word_1_509' title='bbox 1227 546 1320 565; x_wconf 88' lang='lat' dir='ltr'>sanctus</span> <span class='ocrx_word' id='word_1_510' title='bbox 1342 549 1413 572; x_wconf 89' lang='lat' dir='ltr'>quam</span> <span class='ocrx_word' id='word_1_511' title='bbox 1437 543 1473 565; x_wconf 88' lang='lat' dir='ltr'>alii</span> <span class='ocrx_word' id='word_1_512' title='bbox 1491 544 1537 565; x_wconf 74' lang='lat' dir='ltr'>An-</span> 
     </span>
     <span class='ocr_line' id='line_1_84' title="bbox 970 582 1537 611; baseline 0 -7"><span class='ocrx_word' id='word_1_513' title='bbox 970 583 1014 611; x_wconf 78' lang='lat' dir='ltr'>geli</span> <span class='ocrx_word' id='word_1_514' title='bbox 1033 583 1077 605; x_wconf 75' lang='lat'>503</span> <span class='ocrx_word' id='word_1_515' title='bbox 1098 582 1111 604; x_wconf 91' lang='lat' dir='ltr'>b</span> <span class='ocrx_word' id='word_1_516' title='bbox 1129 596 1159 599; x_wconf 94' lang='lat'>—</span> <span class='ocrx_word' id='word_1_517' title='bbox 1176 583 1265 610; x_wconf 79' lang='lat' dir='ltr'>Duplex</span> <span class='ocrx_word' id='word_1_518' title='bbox 1282 583 1396 605; x_wconf 88' lang='lat' dir='ltr'>indicatur</span> <span class='ocrx_word' id='word_1_519' title='bbox 1414 583 1479 610; x_wconf 84' lang='lat' dir='ltr'>ratio,</span> <span class='ocrx_word' id='word_1_520' title='bbox 1495 589 1537 604; x_wconf 88' lang='lat' dir='ltr'>cur</span> 
     </span>
     <span class='ocr_line' id='line_1_85' title="bbox 969 622 1536 650; baseline 0 -6"><span class='ocrx_word' id='word_1_521' title='bbox 969 622 1090 650; x_wconf 74' lang='lat' dir='ltr'>Seraphim</span> <span class='ocrx_word' id='word_1_522' title='bbox 1108 622 1220 644; x_wconf 86' lang='lat' dir='ltr'>clament:</span> <span class='ocrx_word' id='word_1_523' title='bbox 1238 622 1341 650; x_wconf 74' lang='grc'>5111101115,</span> <span class='ocrx_word' id='word_1_524' title='bbox 1359 622 1464 649; x_wconf 85' lang='lat' dir='ltr'>Sanctus,</span> <span class='ocrx_word' id='word_1_525' title='bbox 1481 622 1536 644; x_wconf 82' lang='lat' dir='ltr'>San-</span> 
     </span>
    </p>
   </div>
   <div class='ocr_carea' id='block_1_14' title="bbox 951 658 1113 683">
    <p class='ocr_par' dir='ltr' id='par_1_24' title="bbox 951 658 1113 683">
     <span class='ocr_line' id='line_1_86' title="bbox 951 658 1113 683; baseline -0.006 0"><span class='ocrx_word' id='word_1_526' title='bbox 951 658 952 664; x_wconf 56' lang='lat'><em>*</em></span> <span class='ocrx_word' id='word_1_527' title='bbox 970 664 1020 683; x_wconf 89' lang='lat' dir='ltr'>ctus</span> <span class='ocrx_word' id='word_1_528' title='bbox 1038 661 1082 683; x_wconf 83' lang='grc'>598</span> <span class='ocrx_word' id='word_1_529' title='bbox 1101 667 1113 682; x_wconf 92' lang='lat' dir='ltr'>a</span> 
     </span>
    </p>
   </div>
   <div class='ocr_carea' id='block_1_15' title="bbox 969 700 1537 1273">
    <p class='ocr_par' dir='ltr' id='par_1_25' title="bbox 969 700 1537 879">
     <span class='ocr_line' id='line_1_87' title="bbox 1018 700 1536 722; baseline 0 0"><span class='ocrx_word' id='word_1_530' title='bbox 1018 700 1183 722; x_wconf 56' lang='lat' dir='ltr'>Sasernam-rio</span> <span class='ocrx_word' id='word_1_531' title='bbox 1201 713 1230 715; x_wconf 97' lang='lat'><strong>—</strong></span> <span class='ocrx_word' id='word_1_532' title='bbox 1248 701 1270 722; x_wconf 91' lang='lat' dir='ltr'>ln</span> <span class='ocrx_word' id='word_1_533' title='bbox 1289 700 1362 722; x_wconf 79' lang='lat' dir='ltr'>veteri</span> <span class='ocrx_word' id='word_1_534' title='bbox 1388 700 1536 722; x_wconf 84' lang='lat' dir='ltr'>Testamenta</span> 
     </span>
     <span class='ocr_line' id='line_1_88' title="bbox 969 738 1535 768; baseline 0 -7"><span class='ocrx_word' id='word_1_535' title='bbox 969 739 1085 768; x_wconf 84' lang='lat' dir='ltr'>quaedam</span> <span class='ocrx_word' id='word_1_536' title='bbox 1111 738 1314 761; x_wconf 83' lang='lat' dir='ltr'>sanctificabantur</span> <span class='ocrx_word' id='word_1_537' title='bbox 1339 739 1445 766; x_wconf 86' lang='lat' dir='ltr'>lavacro,</span> <span class='ocrx_word' id='word_1_538' title='bbox 1468 745 1535 768; x_wconf 90' lang='lat' dir='ltr'>quae-</span> 
     </span>
     <span class='ocr_line' id='line_1_89' title="bbox 971 778 1535 806; baseline 0 -6"><span class='ocrx_word' id='word_1_539' title='bbox 971 779 1024 801; x_wconf 89' lang='lat' dir='ltr'>dam</span> <span class='ocrx_word' id='word_1_540' title='bbox 1044 782 1177 806; x_wconf 69' lang='lat' dir='ltr'>unguento,</span> <span class='ocrx_word' id='word_1_541' title='bbox 1194 778 1310 806; x_wconf 85' lang='lat' dir='ltr'>quaedam</span> <span class='ocrx_word' id='word_1_542' title='bbox 1328 781 1394 805; x_wconf 70' lang='lat' dir='ltr'>voto,</span> <span class='ocrx_word' id='word_1_543' title='bbox 1420 779 1535 806; x_wconf 84' lang='lat' dir='ltr'>quaedam</span> 
     </span>
     <span class='ocr_line' id='line_1_90' title="bbox 969 817 1537 840; baseline -0.002 0"><span class='ocrx_word' id='word_1_544' title='bbox 969 818 1083 840; x_wconf 86' lang='lat' dir='ltr'>sacrificio</span> <span class='ocrx_word' id='word_1_545' title='bbox 1101 818 1146 840; x_wconf 82' lang='lat'>645</span> <span class='ocrx_word' id='word_1_546' title='bbox 1164 824 1176 839; x_wconf 90' lang='lat' dir='ltr'>a</span> <span class='ocrx_word' id='word_1_547' title='bbox 1196 830 1224 833; x_wconf 88' lang='lat'>—-</span> <span class='ocrx_word' id='word_1_548' title='bbox 1243 818 1304 840; x_wconf 90' lang='lat' dir='ltr'>ldem</span> <span class='ocrx_word' id='word_1_549' title='bbox 1323 818 1347 840; x_wconf 86' lang='lat' dir='ltr'>tit</span> <span class='ocrx_word' id='word_1_550' title='bbox 1363 817 1387 839; x_wconf 91' lang='lat' dir='ltr'>in</span> <span class='ocrx_word' id='word_1_551' title='bbox 1409 823 1471 840; x_wconf 62' lang='lat' dir='ltr'>novo</span> <span class='ocrx_word' id='word_1_552' title='bbox 1496 818 1537 840; x_wconf 86' lang='lat' dir='ltr'>Te-</span> 
     </span>
     <span class='ocr_line' id='line_1_91' title="bbox 970 856 1156 879; baseline 0 0"><span class='ocrx_word' id='word_1_553' title='bbox 970 860 1084 879; x_wconf 80' lang='lat' dir='ltr'>stamenta</span> <span class='ocrx_word' id='word_1_554' title='bbox 1103 856 1156 879; x_wconf 77' lang='lat' dir='ltr'>ibid.</span> 
     </span>
    </p>

    <p class='ocr_par' dir='ltr' id='par_1_26' title="bbox 969 896 1537 1121">
     <span class='ocr_line' id='line_1_92' title="bbox 1019 896 1537 924; baseline 0 -6"><span class='ocrx_word' id='word_1_555' title='bbox 1019 909 1047 912; x_wconf 97' lang='lat'><strong>—</strong></span> <span class='ocrx_word' id='word_1_556' title='bbox 1066 896 1088 918; x_wconf 92' lang='lat' dir='ltr'>in</span> <span class='ocrx_word' id='word_1_557' title='bbox 1107 896 1175 918; x_wconf 83' lang='lat' dir='ltr'>Maria</span> <span class='ocrx_word' id='word_1_558' title='bbox 1194 896 1278 919; x_wconf 86' lang='lat' dir='ltr'>delevit</span> <span class='ocrx_word' id='word_1_559' title='bbox 1291 900 1413 924; x_wconf 84' lang='lat' dir='ltr'>peccatum</span> <span class='ocrx_word' id='word_1_560' title='bbox 1425 896 1537 924; x_wconf 81' lang='lat' dir='ltr'>originale</span> 
     </span>
     <span class='ocr_line' id='line_1_93' title="bbox 970 936 1536 965; baseline 0 -7"><span class='ocrx_word' id='word_1_561' title='bbox 970 940 1082 965; x_wconf 88' lang='lat' dir='ltr'>quantum</span> <span class='ocrx_word' id='word_1_562' title='bbox 1095 936 1124 958; x_wconf 88' lang='lat' dir='ltr'>ad</span> <span class='ocrx_word' id='word_1_563' title='bbox 1138 936 1251 959; x_wconf 89' lang='lat' dir='ltr'>maculam</span> <span class='ocrx_word' id='word_1_564' title='bbox 1261 954 1265 963; x_wconf 85' lang='lat'>,</span> <span class='ocrx_word' id='word_1_565' title='bbox 1277 936 1395 965; x_wconf 84' lang='lat' dir='ltr'>sequelam</span> <span class='ocrx_word' id='word_1_566' title='bbox 1409 939 1431 958; x_wconf 85' lang='lat' dir='ltr'>et</span> <span class='ocrx_word' id='word_1_567' title='bbox 1443 942 1536 958; x_wconf 84' lang='lat' dir='ltr'>causam</span> 
     </span>
     <span class='ocr_line' id='line_1_94' title="bbox 970 975 1536 1004; baseline 0 -7"><span class='ocrx_word' id='word_1_568' title='bbox 970 975 1016 997; x_wconf 83' lang='lat'>634</span> <span class='ocrx_word' id='word_1_569' title='bbox 1033 982 1054 1002; x_wconf 89' lang='lat' dir='ltr'>a,</span> <span class='ocrx_word' id='word_1_570' title='bbox 1072 975 1086 997; x_wconf 92' lang='grc'>1)</span> <span class='ocrx_word' id='word_1_571' title='bbox 1098 988 1129 992; x_wconf 93' lang='grc'><strong>-</strong></span> <span class='ocrx_word' id='word_1_572' title='bbox 1146 977 1168 998; x_wconf 91' lang='lat' dir='ltr'>ln</span> <span class='ocrx_word' id='word_1_573' title='bbox 1186 976 1235 997; x_wconf 84' lang='lat' dir='ltr'>aliis</span> <span class='ocrx_word' id='word_1_574' title='bbox 1253 979 1287 997; x_wconf 88' lang='lat' dir='ltr'>est</span> <span class='ocrx_word' id='word_1_575' title='bbox 1303 976 1451 998; x_wconf 76' lang='lat' dir='ltr'>sanctificatio</span> <span class='ocrx_word' id='word_1_576' title='bbox 1463 982 1536 1004; x_wconf 87' lang='lat' dir='ltr'>quan-</span> 
     </span>
     <span class='ocr_line' id='line_1_95' title="bbox 970 1014 1536 1037; baseline 0 0"><span class='ocrx_word' id='word_1_577' title='bbox 970 1018 1018 1037; x_wconf 89' lang='lat' dir='ltr'>tum</span> <span class='ocrx_word' id='word_1_578' title='bbox 1045 1015 1073 1037; x_wconf 88' lang='lat' dir='ltr'>ad</span> <span class='ocrx_word' id='word_1_579' title='bbox 1098 1015 1211 1037; x_wconf 85' lang='lat' dir='ltr'>maculam</span> <span class='ocrx_word' id='word_1_580' title='bbox 1230 1014 1285 1037; x_wconf 76' lang='lat' dir='ltr'>ibid.</span> <span class='ocrx_word' id='word_1_581' title='bbox 1301 1027 1331 1031; x_wconf 94' lang='lat'>--</span> <span class='ocrx_word' id='word_1_582' title='bbox 1349 1015 1489 1037; x_wconf 70' lang='lat' dir='ltr'>sanctificati</span> <span class='ocrx_word' id='word_1_583' title='bbox 1514 1015 1536 1036; x_wconf 92' lang='lat' dir='ltr'>in</span> 
     </span>
     <span class='ocr_line' id='line_1_96' title="bbox 971 1053 1537 1082; baseline 0 -6"><span class='ocrx_word' id='word_1_584' title='bbox 971 1058 1035 1076; x_wconf 86' lang='lat' dir='ltr'>utero</span> <span class='ocrx_word' id='word_1_585' title='bbox 1053 1060 1134 1076; x_wconf 89' lang='lat' dir='ltr'>omnes</span> <span class='ocrx_word' id='word_1_586' title='bbox 1153 1057 1242 1082; x_wconf 86' lang='lat' dir='ltr'>praeter</span> <span class='ocrx_word' id='word_1_587' title='bbox 1255 1054 1347 1076; x_wconf 84' lang='lat' dir='ltr'>Mariam</span> <span class='ocrx_word' id='word_1_588' title='bbox 1362 1053 1493 1076; x_wconf 85' lang='lat' dir='ltr'>habuerunt</span> <span class='ocrx_word' id='word_1_589' title='bbox 1504 1054 1537 1076; x_wconf 90' lang='lat' dir='ltr'>in-</span> 
     </span>
     <span class='ocr_line' id='line_1_97' title="bbox 969 1092 1505 1121; baseline -0.002 -5"><span class='ocrx_word' id='word_1_590' title='bbox 969 1093 1115 1116; x_wconf 83' lang='lat' dir='ltr'>clinationem</span> <span class='ocrx_word' id='word_1_591' title='bbox 1133 1094 1162 1116; x_wconf 89' lang='lat' dir='ltr'>ad</span> <span class='ocrx_word' id='word_1_592' title='bbox 1182 1097 1302 1121; x_wconf 83' lang='lat' dir='ltr'>peccatum</span> <span class='ocrx_word' id='word_1_593' title='bbox 1321 1094 1410 1115; x_wconf 78' lang='lat' dir='ltr'>veniale</span> <span class='ocrx_word' id='word_1_594' title='bbox 1427 1093 1472 1115; x_wconf 88' lang='grc'>702</span> <span class='ocrx_word' id='word_1_595' title='bbox 1491 1092 1505 1115; x_wconf 91' lang='grc'>1)</span> 
     </span>
    </p>

    <p class='ocr_par' dir='ltr' id='par_1_27' title="bbox 969 1133 1537 1273">
     <span class='ocr_line' id='line_1_98' title="bbox 1017 1133 1537 1162; baseline -0.002 -7"><span class='ocrx_word' id='word_1_596' title='bbox 1017 1145 1047 1149; x_wconf 95' lang='grc'><strong>-</strong></span> <span class='ocrx_word' id='word_1_597' title='bbox 1064 1136 1098 1155; x_wconf 88' lang='lat' dir='ltr'>est</span> <span class='ocrx_word' id='word_1_598' title='bbox 1115 1134 1266 1162; x_wconf 84' lang='lat' dir='ltr'>sequestratio</span> <span class='ocrx_word' id='word_1_599' title='bbox 1284 1133 1313 1155; x_wconf 91' lang='lat' dir='ltr'>ab</span> <span class='ocrx_word' id='word_1_600' title='bbox 1331 1133 1392 1155; x_wconf 85' lang='lat' dir='ltr'>oinni</span> <span class='ocrx_word' id='word_1_601' title='bbox 1415 1133 1537 1155; x_wconf 88' lang='lat' dir='ltr'>immundi-</span> 
     </span>
     <span class='ocr_line' id='line_1_99' title="bbox 971 1172 1537 1200; baseline 0 -6"><span class='ocrx_word' id='word_1_602' title='bbox 971 1173 999 1194; x_wconf 92' lang='lat' dir='ltr'>tia</span> <span class='ocrx_word' id='word_1_603' title='bbox 1018 1176 1040 1194; x_wconf 90' lang='grc'>01</span> <span class='ocrx_word' id='word_1_604' title='bbox 1058 1176 1152 1200; x_wconf 84' lang='lat' dir='ltr'>peccato</span> <span class='ocrx_word' id='word_1_605' title='bbox 1169 1173 1212 1194; x_wconf 84' lang='lat'>643</span> <span class='ocrx_word' id='word_1_606' title='bbox 1232 1178 1244 1194; x_wconf 90' lang='lat' dir='ltr'>a</span> <span class='ocrx_word' id='word_1_607' title='bbox 1264 1186 1291 1187; x_wconf 33' lang='lat' dir='ltr'><em>j</em></span> <span class='ocrx_word' id='word_1_608' title='bbox 1310 1173 1357 1194; x_wconf 73' lang='lat' dir='ltr'>Non</span> <span class='ocrx_word' id='word_1_609' title='bbox 1378 1176 1411 1194; x_wconf 89' lang='lat' dir='ltr'>est</span> <span class='ocrx_word' id='word_1_610' title='bbox 1428 1172 1490 1194; x_wconf 81' lang='lat' dir='ltr'>aliud</span> <span class='ocrx_word' id='word_1_611' title='bbox 1508 1173 1537 1194; x_wconf 90' lang='grc'>10-</span> 
     </span>
     <span class='ocr_line' id='line_1_100' title="bbox 969 1211 1536 1240; baseline 0 -7"><span class='ocrx_word' id='word_1_612' title='bbox 969 1212 1056 1240; x_wconf 88' lang='lat' dir='ltr'>quide</span> <span class='ocrx_word' id='word_1_613' title='bbox 1081 1211 1260 1234; x_wconf 77' lang='lat' dir='ltr'>sanctificatione</span> <span class='ocrx_word' id='word_1_614' title='bbox 1286 1218 1356 1240; x_wconf 86' lang='lat' dir='ltr'>quam</span> <span class='ocrx_word' id='word_1_615' title='bbox 1382 1211 1412 1233; x_wconf 88' lang='lat' dir='ltr'>de</span> <span class='ocrx_word' id='word_1_616' title='bbox 1429 1211 1536 1239; x_wconf 88' lang='lat' dir='ltr'>puritica-</span> 
     </span>
     <span class='ocr_line' id='line_1_101' title="bbox 970 1251 1537 1273; baseline 0 -1"><span class='ocrx_word' id='word_1_617' title='bbox 970 1251 1030 1273; x_wconf 88' lang='lat' dir='ltr'>tioue</span> <span class='ocrx_word' id='word_1_618' title='bbox 1048 1251 1088 1272; x_wconf 86' lang='grc'>641</span> <span class='ocrx_word' id='word_1_619' title='bbox 1111 1257 1122 1272; x_wconf 90' lang='lat' dir='ltr'>a</span> <span class='ocrx_word' id='word_1_620' title='bbox 1140 1263 1170 1267; x_wconf 97' lang='lat'><strong>—</strong></span> <span class='ocrx_word' id='word_1_621' title='bbox 1189 1251 1270 1273; x_wconf 85' lang='lat' dir='ltr'>Electio</span> <span class='ocrx_word' id='word_1_622' title='bbox 1296 1251 1482 1273; x_wconf 77' lang='lat' dir='ltr'>sanctificationis</span> <span class='ocrx_word' id='word_1_623' title='bbox 1507 1251 1537 1273; x_wconf 89' lang='lat' dir='ltr'>ad</span> 
     </span>
    </p>
   </div>
   <div class='ocr_carea' id='block_1_16' title="bbox 970 1368 1537 1514">
    <p class='ocr_par' dir='ltr' id='par_1_28' title="bbox 970 1368 1536 1436">
     <span class='ocr_line' id='line_1_102' title="bbox 970 1368 1536 1396; baseline 0 -6"><span class='ocrx_word' id='word_1_624' title='bbox 970 1368 1083 1391; x_wconf 85' lang='lat' dir='ltr'>inhabitat</span> <span class='ocrx_word' id='word_1_625' title='bbox 1100 1369 1122 1390; x_wconf 93' lang='lat' dir='ltr'>in</span> <span class='ocrx_word' id='word_1_626' title='bbox 1140 1369 1216 1390; x_wconf 88' lang='lat' dir='ltr'>anima</span> <span class='ocrx_word' id='word_1_627' title='bbox 1237 1375 1278 1396; x_wconf 85' lang='lat' dir='ltr'>per</span> <span class='ocrx_word' id='word_1_628' title='bbox 1299 1368 1358 1390; x_wconf 88' lang='lat' dir='ltr'>illam</span> <span class='ocrx_word' id='word_1_629' title='bbox 1380 1368 1536 1390; x_wconf 85' lang='lat' dir='ltr'>sanctificatio-</span> 
     </span>
     <span class='ocr_line' id='line_1_103' title="bbox 971 1407 1431 1436; baseline 0 -7"><span class='ocrx_word' id='word_1_630' title='bbox 971 1414 1036 1435; x_wconf 87' lang='lat' dir='ltr'>nem,</span> <span class='ocrx_word' id='word_1_631' title='bbox 1054 1414 1113 1436; x_wconf 86' lang='lat' dir='ltr'>quae</span> <span class='ocrx_word' id='word_1_632' title='bbox 1132 1408 1155 1430; x_wconf 86' lang='grc'>111</span> <span class='ocrx_word' id='word_1_633' title='bbox 1172 1414 1213 1436; x_wconf 83' lang='lat' dir='ltr'>per</span> <span class='ocrx_word' id='word_1_634' title='bbox 1230 1414 1333 1430; x_wconf 87' lang='lat' dir='ltr'>amorem</span> <span class='ocrx_word' id='word_1_635' title='bbox 1353 1408 1397 1429; x_wconf 83' lang='lat'>643</span> <span class='ocrx_word' id='word_1_636' title='bbox 1417 1407 1431 1429; x_wconf 91' lang='lat' dir='ltr'>b</span> 
     </span>
    </p>

    <p class='ocr_par' dir='ltr' id='par_1_29' title="bbox 970 1446 1537 1514">
     <span class='ocr_line' id='line_1_104' title="bbox 1019 1446 1535 1475; baseline 0 -6"><span class='ocrx_word' id='word_1_637' title='bbox 1019 1460 1047 1462; x_wconf 97' lang='lat'><strong>—</strong></span> <span class='ocrx_word' id='word_1_638' title='bbox 1065 1448 1166 1475; x_wconf 78' lang='lat' dir='ltr'>Qualiter</span> <span class='ocrx_word' id='word_1_639' title='bbox 1178 1448 1249 1469; x_wconf 89' lang='lat' dir='ltr'>homo</span> <span class='ocrx_word' id='word_1_640' title='bbox 1261 1453 1285 1469; x_wconf 75' lang='lat' dir='ltr'>se</span> <span class='ocrx_word' id='word_1_641' title='bbox 1297 1446 1380 1469; x_wconf 86' lang='lat' dir='ltr'>debeat</span> <span class='ocrx_word' id='word_1_642' title='bbox 1392 1447 1535 1469; x_wconf 82' lang='lat' dir='ltr'>sanctificare</span> 
     </span>
     <span class='ocr_line' id='line_1_105' title="bbox 970 1486 1537 1514; baseline -0.002 -5"><span class='ocrx_word' id='word_1_643' title='bbox 970 1486 1015 1509; x_wconf 75' lang='lat'><strong>645</strong></span> <span class='ocrx_word' id='word_1_644' title='bbox 1033 1493 1045 1508; x_wconf 90' lang='lat' dir='ltr'>a</span> <span class='ocrx_word' id='word_1_645' title='bbox 1063 1499 1094 1502; x_wconf 97' lang='lat'><strong>—</strong></span> <span class='ocrx_word' id='word_1_646' title='bbox 1111 1489 1145 1509; x_wconf 89' lang='lat' dir='ltr'>est</span> <span class='ocrx_word' id='word_1_647' title='bbox 1171 1493 1212 1514; x_wconf 90' lang='lat' dir='ltr'>per</span> <span class='ocrx_word' id='word_1_648' title='bbox 1237 1487 1343 1508; x_wconf 85' lang='lat' dir='ltr'>timorem</span> <span class='ocrx_word' id='word_1_649' title='bbox 1367 1486 1411 1508; x_wconf 82' lang='lat'>643</span> <span class='ocrx_word' id='word_1_650' title='bbox 1430 1492 1441 1508; x_wconf 90' lang='lat' dir='ltr'>a</span> <span class='ocrx_word' id='word_1_651' title='bbox 1461 1498 1489 1501; x_wconf 87' lang='lat'>—</span> <span class='ocrx_word' id='word_1_652' title='bbox 1512 1486 1537 1508; x_wconf 83' lang='lat' dir='ltr'>sit</span> 
     </span>
    </p>
   </div>
   <div class='ocr_carea' id='block_1_17' title="bbox 952 1517 1536 1554">
    <p class='ocr_par' dir='ltr' id='par_1_30' title="bbox 952 1517 1536 1554">
     <span class='ocr_line' id='line_1_106' title="bbox 952 1517 1536 1554; baseline 0 -7"><span class='ocrx_word' id='word_1_653' title='bbox 952 1517 953 1525; x_wconf 45' lang='lat'>¹</span> <span class='ocrx_word' id='word_1_654' title='bbox 971 1532 1011 1554; x_wconf 89' lang='lat' dir='ltr'>per</span> <span class='ocrx_word' id='word_1_655' title='bbox 1029 1526 1098 1547; x_wconf 84' lang='lat' dir='ltr'>fidem</span> <span class='ocrx_word' id='word_1_656' title='bbox 1118 1525 1171 1548; x_wconf 75' lang='lat' dir='ltr'>ibid.</span> <span class='ocrx_word' id='word_1_657' title='bbox 1189 1538 1217 1541; x_wconf 44' lang='grc' dir='ltr'><em>κ</em></span> <span class='ocrx_word' id='word_1_658' title='bbox 1236 1526 1317 1547; x_wconf 80' lang='lat' dir='ltr'>Anima</span> <span class='ocrx_word' id='word_1_659' title='bbox 1344 1532 1389 1547; x_wconf 92' lang='grc'>11011</span> <span class='ocrx_word' id='word_1_660' title='bbox 1411 1525 1536 1547; x_wconf 79' lang='lat' dir='ltr'>sanctifica-</span> 
     </span>
    </p>
   </div>
   <div class='ocr_carea' id='block_1_18' title="bbox 969 1564 1537 1823">
    <p class='ocr_par' dir='ltr' id='par_1_31' title="bbox 970 1564 1536 1632">
     <span class='ocr_line' id='line_1_107' title="bbox 970 1564 1536 1592; baseline -0.002 -5"><span class='ocrx_word' id='word_1_661' title='bbox 970 1568 1017 1592; x_wconf 89' lang='lat' dir='ltr'>tur,</span> <span class='ocrx_word' id='word_1_662' title='bbox 1034 1565 1077 1587; x_wconf 83' lang='lat' dir='ltr'>nisi</span> <span class='ocrx_word' id='word_1_663' title='bbox 1094 1566 1205 1587; x_wconf 75' lang='lat' dir='ltr'>efficiatur</span> <span class='ocrx_word' id='word_1_664' title='bbox 1224 1565 1334 1592; x_wconf 84' lang='lat' dir='ltr'>templum</span> <span class='ocrx_word' id='word_1_665' title='bbox 1353 1565 1393 1587; x_wconf 91' lang='lat' dir='ltr'>Dei</span> <span class='ocrx_word' id='word_1_666' title='bbox 1411 1565 1456 1586; x_wconf 73' lang='lat'>642</span> <span class='ocrx_word' id='word_1_667' title='bbox 1474 1564 1488 1586; x_wconf 89' lang='lat' dir='ltr'>b</span> <span class='ocrx_word' id='word_1_668' title='bbox 1506 1577 1536 1581; x_wconf 88' lang='lat'><strong>—</strong></span> 
     </span>
     <span class='ocr_line' id='line_1_108' title="bbox 970 1604 1536 1632; baseline 0 -6"><span class='ocrx_word' id='word_1_669' title='bbox 970 1605 1024 1627; x_wconf 85' lang='lat' dir='ltr'>Eam</span> <span class='ocrx_word' id='word_1_670' title='bbox 1043 1605 1175 1632; x_wconf 72' lang='lat' dir='ltr'>pei-ficimus</span> <span class='ocrx_word' id='word_1_671' title='bbox 1192 1605 1296 1626; x_wconf 68' lang='lat' dir='ltr'>cavendo</span> <span class='ocrx_word' id='word_1_672' title='bbox 1308 1604 1338 1626; x_wconf 90' lang='lat' dir='ltr'>ab</span> <span class='ocrx_word' id='word_1_673' title='bbox 1350 1604 1444 1626; x_wconf 86' lang='lat' dir='ltr'>avaritia</span> <span class='ocrx_word' id='word_1_674' title='bbox 1463 1604 1507 1626; x_wconf 86' lang='lat'>646</span> <span class='ocrx_word' id='word_1_675' title='bbox 1521 1604 1536 1626; x_wconf 91' lang='lat' dir='ltr'>b</span> 
     </span>
    </p>

    <p class='ocr_par' dir='ltr' id='par_1_32' title="bbox 969 1643 1537 1823">
     <span class='ocr_line' id='line_1_109' title="bbox 1018 1643 1537 1672; baseline -0.002 -6"><span class='ocrx_word' id='word_1_676' title='bbox 1018 1645 1140 1666; x_wconf 64' lang='lat' dir='ltr'>Sancrrms</span> <span class='ocrx_word' id='word_1_677' title='bbox 1156 1656 1187 1660; x_wconf 97' lang='lat'><strong>—</strong></span> <span class='ocrx_word' id='word_1_678' title='bbox 1204 1647 1238 1666; x_wconf 87' lang='lat' dir='ltr'>cst</span> <span class='ocrx_word' id='word_1_679' title='bbox 1255 1643 1284 1665; x_wconf 90' lang='lat' dir='ltr'>ab</span> <span class='ocrx_word' id='word_1_680' title='bbox 1302 1644 1364 1666; x_wconf 90' lang='lat' dir='ltr'>omni</span> <span class='ocrx_word' id='word_1_681' title='bbox 1384 1643 1501 1672; x_wconf 80' lang='lat' dir='ltr'>iniquitate</span> <span class='ocrx_word' id='word_1_682' title='bbox 1514 1644 1537 1665; x_wconf 91' lang='lat' dir='ltr'>li-</span> 
     </span>
     <span class='ocr_line' id='line_1_110' title="bbox 971 1683 1535 1711; baseline -0.002 -6"><span class='ocrx_word' id='word_1_683' title='bbox 971 1683 1025 1706; x_wconf 88' lang='lat' dir='ltr'>bcra</span> <span class='ocrx_word' id='word_1_684' title='bbox 1045 1684 1132 1711; x_wconf 83' lang='lat' dir='ltr'>puritas</span> <span class='ocrx_word' id='word_1_685' title='bbox 1149 1684 1194 1706; x_wconf 85' lang='grc'>520</span> <span class='ocrx_word' id='word_1_686' title='bbox 1213 1689 1225 1705; x_wconf 88' lang='lat' dir='ltr'>a</span> <span class='ocrx_word' id='word_1_687' title='bbox 1250 1696 1280 1699; x_wconf 97' lang='lat'><strong>—</strong></span> <span class='ocrx_word' id='word_1_688' title='bbox 1298 1684 1396 1705; x_wconf 81' lang='lat' dir='ltr'>Sanctus</span> <span class='ocrx_word' id='word_1_689' title='bbox 1414 1683 1474 1705; x_wconf 88' lang='lat' dir='ltr'>idem</span> <span class='ocrx_word' id='word_1_690' title='bbox 1501 1686 1535 1705; x_wconf 88' lang='lat' dir='ltr'>ost</span> 
     </span>
     <span class='ocr_line' id='line_1_111' title="bbox 969 1721 1536 1752; baseline -0.002 -7"><span class='ocrx_word' id='word_1_691' title='bbox 969 1723 1032 1752; x_wconf 88' lang='lat' dir='ltr'>quod</span> <span class='ocrx_word' id='word_1_692' title='bbox 1052 1729 1124 1750; x_wconf 85' lang='lat' dir='ltr'>purus</span> <span class='ocrx_word' id='word_1_693' title='bbox 1136 1723 1181 1745; x_wconf 83' lang='grc'>503</span> <span class='ocrx_word' id='word_1_694' title='bbox 1194 1722 1209 1744; x_wconf 91' lang='lat' dir='ltr'>b</span> <span class='ocrx_word' id='word_1_695' title='bbox 1220 1735 1251 1738; x_wconf 98' lang='lat'><strong>—</strong></span> <span class='ocrx_word' id='word_1_696' title='bbox 1269 1723 1376 1744; x_wconf 77' lang='lat' dir='ltr'>Sanctum</span> <span class='ocrx_word' id='word_1_697' title='bbox 1390 1728 1440 1744; x_wconf 84' lang='lat' dir='ltr'>esse</span> <span class='ocrx_word' id='word_1_698' title='bbox 1457 1725 1490 1744; x_wconf 86' lang='lat' dir='ltr'>cst</span> <span class='ocrx_word' id='word_1_699' title='bbox 1506 1721 1536 1744; x_wconf 80' lang='lat' dir='ltr'>al)</span> 
     </span>
     <span class='ocr_line' id='line_1_112' title="bbox 970 1761 1536 1791; baseline -0.002 -7"><span class='ocrx_word' id='word_1_700' title='bbox 970 1762 1128 1791; x_wconf 82' lang='lat' dir='ltr'>inquinatione</span> <span class='ocrx_word' id='word_1_701' title='bbox 1154 1762 1304 1789; x_wconf 87' lang='lat' dir='ltr'>purissimum</span> <span class='ocrx_word' id='word_1_702' title='bbox 1326 1768 1376 1784; x_wconf 88' lang='lat' dir='ltr'>esse</span> <span class='ocrx_word' id='word_1_703' title='bbox 1402 1761 1446 1783; x_wconf 78' lang='grc'>598</span> <span class='ocrx_word' id='word_1_704' title='bbox 1470 1768 1481 1783; x_wconf 90' lang='lat' dir='ltr'>a</span> <span class='ocrx_word' id='word_1_705' title='bbox 1506 1774 1536 1777; x_wconf 97' lang='lat'><strong>—</strong></span> 
     </span>
     <span class='ocr_line' id='line_1_113' title="bbox 969 1801 1535 1823; baseline -0.002 0"><span class='ocrx_word' id='word_1_706' title='bbox 969 1804 1003 1823; x_wconf 87' lang='lat' dir='ltr'>est</span> <span class='ocrx_word' id='word_1_707' title='bbox 1019 1801 1049 1823; x_wconf 85' lang='lat' dir='ltr'>al)</span> <span class='ocrx_word' id='word_1_708' title='bbox 1067 1802 1129 1823; x_wconf 90' lang='lat' dir='ltr'>omni</span> <span class='ocrx_word' id='word_1_709' title='bbox 1146 1801 1278 1823; x_wconf 87' lang='lat' dir='ltr'>contamine</span> <span class='ocrx_word' id='word_1_710' title='bbox 1304 1801 1390 1823; x_wconf 86' lang='lat' dir='ltr'>munda</span> <span class='ocrx_word' id='word_1_711' title='bbox 1408 1804 1430 1823; x_wconf 87' lang='lat' dir='ltr'>et</span> <span class='ocrx_word' id='word_1_712' title='bbox 1447 1801 1535 1823; x_wconf 86' lang='lat' dir='ltr'>sincera</span> 
     </span>
    </p>
   </div>
   <div class='ocr_carea' id='block_1_19' title="bbox 969 1840 1535 1946">
    <p class='ocr_par' dir='ltr' id='par_1_33' title="bbox 969 1840 1535 1946">
     <span class='ocr_line' id='line_1_114' title="bbox 970 1840 1535 1869; baseline 0 -7"><span class='ocrx_word' id='word_1_713' title='bbox 970 1840 1060 1863; x_wconf 83' lang='lat' dir='ltr'>bonitas</span> <span class='ocrx_word' id='word_1_714' title='bbox 1085 1840 1125 1862; x_wconf 86' lang='grc'>641</span> <span class='ocrx_word' id='word_1_715' title='bbox 1156 1847 1168 1862; x_wconf 83' lang='lat' dir='ltr'>a</span> <span class='ocrx_word' id='word_1_716' title='bbox 1194 1853 1224 1856; x_wconf 97' lang='lat'><strong>—</strong></span> <span class='ocrx_word' id='word_1_717' title='bbox 1248 1844 1280 1862; x_wconf 84' lang='lat' dir='ltr'>est</span> <span class='ocrx_word' id='word_1_718' title='bbox 1305 1840 1425 1869; x_wconf 82' lang='lat' dir='ltr'>quoddam</span> <span class='ocrx_word' id='word_1_719' title='bbox 1444 1840 1535 1862; x_wconf 88' lang='lat' dir='ltr'>initium</span> 
     </span>
     <span class='ocr_line' id='line_1_115' title="bbox 969 1879 1535 1908; baseline 0 -7"><span class='ocrx_word' id='word_1_720' title='bbox 969 1880 1106 1906; x_wconf 86' lang='lat' dir='ltr'>sanctitatis,</span> <span class='ocrx_word' id='word_1_721' title='bbox 1124 1885 1185 1908; x_wconf 88' lang='lat' dir='ltr'>quae</span> <span class='ocrx_word' id='word_1_722' title='bbox 1207 1880 1250 1901; x_wconf 91' lang='lat' dir='ltr'>erit</span> <span class='ocrx_word' id='word_1_723' title='bbox 1275 1880 1362 1901; x_wconf 80' lang='lat' dir='ltr'>Sanctis</span> <span class='ocrx_word' id='word_1_724' title='bbox 1387 1880 1408 1901; x_wconf 92' lang='lat' dir='ltr'>in</span> <span class='ocrx_word' id='word_1_725' title='bbox 1427 1879 1535 1907; x_wconf 87' lang='lat' dir='ltr'>paradiso</span> 
     </span>
     <span class='ocr_line' id='line_1_116' title="bbox 970 1918 1535 1946; baseline -0.002 -5"><span class='ocrx_word' id='word_1_726' title='bbox 970 1919 1015 1941; x_wconf 82' lang='grc'>524</span> <span class='ocrx_word' id='word_1_727' title='bbox 1033 1925 1045 1941; x_wconf 87' lang='lat' dir='ltr'>a</span> <span class='ocrx_word' id='word_1_728' title='bbox 1062 1931 1093 1935; x_wconf 91' lang='lat'>—</span> <span class='ocrx_word' id='word_1_729' title='bbox 1110 1923 1144 1941; x_wconf 83' lang='lat' dir='ltr'>est</span> <span class='ocrx_word' id='word_1_730' title='bbox 1162 1919 1183 1941; x_wconf 93' lang='lat' dir='ltr'>in</span> <span class='ocrx_word' id='word_1_731' title='bbox 1201 1925 1300 1946; x_wconf 82' lang='lat' dir='ltr'>persona</span> <span class='ocrx_word' id='word_1_732' title='bbox 1326 1920 1371 1940; x_wconf 82' lang='grc'>622</span> <span class='ocrx_word' id='word_1_733' title='bbox 1390 1918 1404 1940; x_wconf 89' lang='grc'>1)</span> <span class='ocrx_word' id='word_1_734' title='bbox 1420 1931 1451 1935; x_wconf 84' lang='lat'>-—</span> <span class='ocrx_word' id='word_1_735' title='bbox 1469 1919 1535 1946; x_wconf 88' lang='lat' dir='ltr'>perti-</span> 
     </span>
    </p>
   </div>
   <div class='ocr_carea' id='block_1_20' title="bbox 969 1957 1538 3008">
    <p class='ocr_par' dir='ltr' id='par_1_34' title="bbox 970 1957 1357 1980">
     <span class='ocr_line' id='line_1_117' title="bbox 970 1957 1357 1980; baseline -0.003 0"><span class='ocrx_word' id='word_1_736' title='bbox 970 1961 1007 1980; x_wconf 87' lang='lat' dir='ltr'>net</span> <span class='ocrx_word' id='word_1_737' title='bbox 1024 1958 1054 1980; x_wconf 85' lang='lat' dir='ltr'>ad</span> <span class='ocrx_word' id='word_1_738' title='bbox 1072 1958 1142 1980; x_wconf 81' lang='lat' dir='ltr'>vitam</span> <span class='ocrx_word' id='word_1_739' title='bbox 1161 1959 1260 1980; x_wconf 83' lang='lat' dir='ltr'>activam</span> <span class='ocrx_word' id='word_1_740' title='bbox 1279 1958 1323 1979; x_wconf 81' lang='grc'>523</span> <span class='ocrx_word' id='word_1_741' title='bbox 1342 1957 1357 1979; x_wconf 89' lang='grc'>1)</span> 
     </span>
    </p>

    <p class='ocr_par' dir='ltr' id='par_1_35' title="bbox 969 1997 1536 2418">
     <span class='ocr_line' id='line_1_118' title="bbox 1018 1997 1536 2025; baseline -0.002 -5"><span class='ocrx_word' id='word_1_742' title='bbox 1018 2010 1047 2013; x_wconf 87' lang='lat'>—</span> <span class='ocrx_word' id='word_1_743' title='bbox 1065 1998 1086 2020; x_wconf 88' lang='lat' dir='ltr'>in</span> <span class='ocrx_word' id='word_1_744' title='bbox 1106 1998 1231 2020; x_wconf 87' lang='lat' dir='ltr'>humilitate</span> <span class='ocrx_word' id='word_1_745' title='bbox 1249 1997 1340 2025; x_wconf 82' lang='lat' dir='ltr'>incipit,</span> <span class='ocrx_word' id='word_1_746' title='bbox 1353 1997 1376 2019; x_wconf 89' lang='lat' dir='ltr'>in</span> <span class='ocrx_word' id='word_1_747' title='bbox 1389 1997 1473 2019; x_wconf 76' lang='lat' dir='ltr'>virtute</span> <span class='ocrx_word' id='word_1_748' title='bbox 1486 2004 1536 2025; x_wconf 91' lang='lat' dir='ltr'>pro-</span> 
     </span>
     <span class='ocr_line' id='line_1_119' title="bbox 969 2037 1536 2065; baseline -0.002 -6"><span class='ocrx_word' id='word_1_749' title='bbox 969 2037 1021 2059; x_wconf 82' lang='lat' dir='ltr'>bata</span> <span class='ocrx_word' id='word_1_750' title='bbox 1048 2037 1139 2065; x_wconf 87' lang='lat' dir='ltr'>prolicit</span> <span class='ocrx_word' id='word_1_751' title='bbox 1164 2039 1186 2059; x_wconf 89' lang='lat' dir='ltr'>et</span> <span class='ocrx_word' id='word_1_752' title='bbox 1208 2037 1230 2058; x_wconf 90' lang='lat' dir='ltr'>in</span> <span class='ocrx_word' id='word_1_753' title='bbox 1248 2037 1342 2059; x_wconf 85' lang='lat' dir='ltr'>caritate</span> <span class='ocrx_word' id='word_1_754' title='bbox 1364 2037 1466 2065; x_wconf 82' lang='lat' dir='ltr'>plenarIa</span> <span class='ocrx_word' id='word_1_755' title='bbox 1485 2042 1536 2058; x_wconf 91' lang='lat' dir='ltr'>con-</span> 
     </span>
     <span class='ocr_line' id='line_1_120' title="bbox 969 2076 1536 2099; baseline -0.002 -1"><span class='ocrx_word' id='word_1_756' title='bbox 969 2079 1100 2099; x_wconf 88' lang='lat' dir='ltr'>summatur</span> <span class='ocrx_word' id='word_1_757' title='bbox 1118 2076 1162 2098; x_wconf 83' lang='grc'>576</span> <span class='ocrx_word' id='word_1_758' title='bbox 1181 2083 1192 2098; x_wconf 89' lang='lat' dir='ltr'>a</span> <span class='ocrx_word' id='word_1_759' title='bbox 1210 2088 1241 2092; x_wconf 95' lang='lat'><strong>—</strong></span> <span class='ocrx_word' id='word_1_760' title='bbox 1264 2080 1288 2098; x_wconf 93' lang='lat' dir='ltr'>ut</span> <span class='ocrx_word' id='word_1_761' title='bbox 1310 2076 1398 2098; x_wconf 85' lang='lat' dir='ltr'>radices</span> <span class='ocrx_word' id='word_1_762' title='bbox 1422 2076 1443 2097; x_wconf 93' lang='lat' dir='ltr'>in</span> <span class='ocrx_word' id='word_1_763' title='bbox 1466 2076 1536 2098; x_wconf 85' lang='lat' dir='ltr'>corde</span> 
     </span>
     <span class='ocr_line' id='line_1_121' title="bbox 970 2114 1536 2137; baseline -0.002 0"><span class='ocrx_word' id='word_1_764' title='bbox 970 2115 1040 2137; x_wconf 91' lang='lat' dir='ltr'>habet</span> <span class='ocrx_word' id='word_1_765' title='bbox 1057 2116 1163 2137; x_wconf 88' lang='lat' dir='ltr'>timorem</span> <span class='ocrx_word' id='word_1_766' title='bbox 1181 2118 1204 2137; x_wconf 88' lang='lat' dir='ltr'>et</span> <span class='ocrx_word' id='word_1_767' title='bbox 1220 2121 1323 2137; x_wconf 87' lang='lat' dir='ltr'>amorem</span> <span class='ocrx_word' id='word_1_768' title='bbox 1342 2115 1387 2137; x_wconf 88' lang='grc'>520</span> <span class='ocrx_word' id='word_1_769' title='bbox 1406 2114 1420 2136; x_wconf 84' lang='grc'>1)</span> <span class='ocrx_word' id='word_1_770' title='bbox 1432 2115 1536 2136; x_wconf 85' lang='lat' dir='ltr'>—Ilaec</span> 
     </span>
     <span class='ocr_line' id='line_1_122' title="bbox 970 2153 1535 2182; baseline -0.002 -6"><span class='ocrx_word' id='word_1_771' title='bbox 970 2155 1017 2177; x_wconf 90' lang='lat' dir='ltr'>duo</span> <span class='ocrx_word' id='word_1_772' title='bbox 1033 2159 1084 2177; x_wconf 89' lang='lat' dir='ltr'>sunt</span> <span class='ocrx_word' id='word_1_773' title='bbox 1107 2155 1204 2182; x_wconf 80' lang='lat' dir='ltr'>figurata</span> <span class='ocrx_word' id='word_1_774' title='bbox 1232 2155 1253 2176; x_wconf 91' lang='lat' dir='ltr'>in</span> <span class='ocrx_word' id='word_1_775' title='bbox 1272 2153 1365 2176; x_wconf 87' lang='lat' dir='ltr'>duobus</span> <span class='ocrx_word' id='word_1_776' title='bbox 1381 2154 1535 2176; x_wconf 83' lang='lat' dir='ltr'>Testamentis</span> 
     </span>
     <span class='ocr_line' id='line_1_123' title="bbox 971 2193 1533 2221; baseline -0.004 -5"><span class='ocrx_word' id='word_1_777' title='bbox 971 2194 1011 2216; x_wconf 86' lang='grc'>521</span> <span class='ocrx_word' id='word_1_778' title='bbox 1038 2193 1053 2215; x_wconf 84' lang='grc'>1)</span> <span class='ocrx_word' id='word_1_779' title='bbox 1078 2206 1109 2210; x_wconf 90' lang='grc'><strong>-</strong></span> <span class='ocrx_word' id='word_1_780' title='bbox 1130 2194 1210 2216; x_wconf 83' lang='grc' dir='ltr'>Τ111101·</span> <span class='ocrx_word' id='word_1_781' title='bbox 1235 2194 1377 2215; x_wconf 84' lang='lat' dir='ltr'>sanctitatem</span> <span class='ocrx_word' id='word_1_782' title='bbox 1400 2196 1533 2221; x_wconf 84' lang='lat' dir='ltr'>praeparat,</span> 
     </span>
     <span class='ocr_line' id='line_1_124' title="bbox 971 2232 1536 2261; baseline -0.004 -6"><span class='ocrx_word' id='word_1_783' title='bbox 971 2239 1036 2255; x_wconf 81' lang='lat' dir='ltr'>amor·</span> <span class='ocrx_word' id='word_1_784' title='bbox 1053 2233 1127 2260; x_wconf 85' lang='lat' dir='ltr'>ipsam</span> <span class='ocrx_word' id='word_1_785' title='bbox 1145 2233 1234 2261; x_wconf 83' lang='lat' dir='ltr'>perficit</span> <span class='ocrx_word' id='word_1_786' title='bbox 1252 2233 1296 2254; x_wconf 89' lang='grc'>520</span> <span class='ocrx_word' id='word_1_787' title='bbox 1315 2232 1337 2254; x_wconf 91' lang='lat' dir='ltr'>b.</span> <span class='ocrx_word' id='word_1_788' title='bbox 1356 2233 1396 2254; x_wconf 86' lang='grc'>521</span> <span class='ocrx_word' id='word_1_789' title='bbox 1414 2238 1427 2253; x_wconf 88' lang='lat' dir='ltr'>a</span> <span class='ocrx_word' id='word_1_790' title='bbox 1441 2245 1468 2247; x_wconf 97' lang='lat'><strong>—</strong></span> <span class='ocrx_word' id='word_1_791' title='bbox 1483 2232 1536 2254; x_wconf 79' lang='lat' dir='ltr'>San-</span> 
     </span>
     <span class='ocr_line' id='line_1_125' title="bbox 971 2271 1534 2300; baseline -0.002 -6"><span class='ocrx_word' id='word_1_792' title='bbox 971 2274 999 2295; x_wconf 89' lang='lat' dir='ltr'>cti</span> <span class='ocrx_word' id='word_1_793' title='bbox 1018 2273 1131 2295; x_wconf 83' lang='lat' dir='ltr'>efficimur</span> <span class='ocrx_word' id='word_1_794' title='bbox 1149 2278 1190 2300; x_wconf 85' lang='lat' dir='ltr'>per</span> <span class='ocrx_word' id='word_1_795' title='bbox 1208 2278 1313 2294; x_wconf 88' lang='lat' dir='ltr'>amorem</span> <span class='ocrx_word' id='word_1_796' title='bbox 1330 2275 1353 2294; x_wconf 90' lang='lat' dir='ltr'>et</span> <span class='ocrx_word' id='word_1_797' title='bbox 1370 2272 1476 2293; x_wconf 87' lang='lat' dir='ltr'>timorem</span> <span class='ocrx_word' id='word_1_798' title='bbox 1490 2271 1534 2293; x_wconf 86' lang='grc'>420</span> 
     </span>
     <span class='ocr_line' id='line_1_126' title="bbox 971 2311 1535 2334; baseline -0.004 0"><span class='ocrx_word' id='word_1_799' title='bbox 971 2312 986 2334; x_wconf 92' lang='grc'>1)</span> <span class='ocrx_word' id='word_1_800' title='bbox 1003 2325 1033 2329; x_wconf 85' lang='grc'>-</span> <span class='ocrx_word' id='word_1_801' title='bbox 1051 2312 1141 2334; x_wconf 85' lang='lat' dir='ltr'>Gratiae</span> <span class='ocrx_word' id='word_1_802' title='bbox 1158 2315 1180 2334; x_wconf 90' lang='lat' dir='ltr'>et</span> <span class='ocrx_word' id='word_1_803' title='bbox 1200 2312 1298 2333; x_wconf 79' lang='lat' dir='ltr'>virtutes</span> <span class='ocrx_word' id='word_1_804' title='bbox 1314 2311 1400 2333; x_wconf 76' lang='lat' dir='ltr'>faciunt</span> <span class='ocrx_word' id='word_1_805' title='bbox 1417 2311 1535 2333; x_wconf 88' lang='lat' dir='ltr'>hominem</span> 
     </span>
     <span class='ocr_line' id='line_1_127' title="bbox 970 2350 1533 2378; baseline -0.004 -4"><span class='ocrx_word' id='word_1_806' title='bbox 970 2355 1074 2374; x_wconf 88' lang='lat' dir='ltr'>sanctum</span> <span class='ocrx_word' id='word_1_807' title='bbox 1094 2351 1138 2374; x_wconf 81' lang='grc'>475</span> <span class='ocrx_word' id='word_1_808' title='bbox 1157 2351 1171 2373; x_wconf 93' lang='grc'>1)</span> <span class='ocrx_word' id='word_1_809' title='bbox 1188 2364 1218 2367; x_wconf 90' lang='lat'><em>-</em></span> <span class='ocrx_word' id='word_1_810' title='bbox 1237 2352 1257 2372; x_wconf 92' lang='lat' dir='ltr'>tn</span> <span class='ocrx_word' id='word_1_811' title='bbox 1277 2350 1391 2378; x_wconf 85' lang='lat' dir='ltr'>probitate</span> <span class='ocrx_word' id='word_1_812' title='bbox 1408 2350 1533 2372; x_wconf 87' lang='lat' dir='ltr'>sanctitatis</span> 
     </span>
     <span class='ocr_line' id='line_1_128' title="bbox 970 2390 1513 2418; baseline -0.006 -4"><span class='ocrx_word' id='word_1_813' title='bbox 970 2391 1040 2414; x_wconf 80' lang='lat' dir='ltr'>debet</span> <span class='ocrx_word' id='word_1_814' title='bbox 1057 2391 1153 2413; x_wconf 67' lang='lat' dir='ltr'>{nx-eniri</span> <span class='ocrx_word' id='word_1_815' title='bbox 1172 2391 1256 2413; x_wconf 69' lang='lat' dir='ltr'>veritas</span> <span class='ocrx_word' id='word_1_816' title='bbox 1273 2394 1295 2413; x_wconf 88' lang='lat' dir='ltr'>et</span> <span class='ocrx_word' id='word_1_817' title='bbox 1312 2390 1421 2418; x_wconf 90' lang='lat' dir='ltr'>patientia</span> <span class='ocrx_word' id='word_1_818' title='bbox 1439 2390 1483 2412; x_wconf 80' lang='grc'>523</span> <span class='ocrx_word' id='word_1_819' title='bbox 1502 2396 1513 2411; x_wconf 84' lang='grc'>11</span> 
     </span>
    </p>

    <p class='ocr_par' dir='ltr' id='par_1_36' title="bbox 969 2429 1537 2851">
     <span class='ocr_line' id='line_1_129' title="bbox 1019 2429 1536 2456; baseline -0.004 -4"><span class='ocrx_word' id='word_1_820' title='bbox 1019 2443 1047 2446; x_wconf 88' lang='lat'><em>-</em></span> <span class='ocrx_word' id='word_1_821' title='bbox 1064 2430 1093 2452; x_wconf 89' lang='lat' dir='ltr'>sit</span> <span class='ocrx_word' id='word_1_822' title='bbox 1110 2431 1131 2452; x_wconf 92' lang='lat' dir='ltr'>in</span> <span class='ocrx_word' id='word_1_823' title='bbox 1157 2430 1240 2456; x_wconf 91' lang='lat' dir='ltr'>corde,</span> <span class='ocrx_word' id='word_1_824' title='bbox 1263 2429 1437 2451; x_wconf 85' lang='lat' dir='ltr'>conversatione</span> <span class='ocrx_word' id='word_1_825' title='bbox 1461 2432 1483 2451; x_wconf 89' lang='lat' dir='ltr'>et</span> <span class='ocrx_word' id='word_1_826' title='bbox 1508 2429 1536 2450; x_wconf 90' lang='lat' dir='ltr'>sit</span> 
     </span>
     <span class='ocr_line' id='line_1_130' title="bbox 969 2468 1536 2498; baseline -0.004 -6"><span class='ocrx_word' id='word_1_827' title='bbox 969 2470 1066 2498; x_wconf 86' lang='lat' dir='ltr'>probata</span> <span class='ocrx_word' id='word_1_828' title='bbox 1085 2470 1106 2491; x_wconf 92' lang='lat' dir='ltr'>in</span> <span class='ocrx_word' id='word_1_829' title='bbox 1125 2469 1271 2491; x_wconf 85' lang='lat' dir='ltr'>tribulatione</span> <span class='ocrx_word' id='word_1_830' title='bbox 1288 2469 1333 2490; x_wconf 82' lang='grc'>520</span> <span class='ocrx_word' id='word_1_831' title='bbox 1351 2475 1363 2490; x_wconf 89' lang='lat' dir='ltr'>a</span> <span class='ocrx_word' id='word_1_832' title='bbox 1379 2480 1411 2484; x_wconf 97' lang='lat'><strong>—</strong></span> <span class='ocrx_word' id='word_1_833' title='bbox 1427 2468 1536 2490; x_wconf 84' lang='lat' dir='ltr'>Mirabilis</span> 
     </span>
     <span class='ocr_line' id='line_1_131' title="bbox 969 2508 1535 2535; baseline -0.004 -4"><span class='ocrx_word' id='word_1_834' title='bbox 969 2509 1095 2532; x_wconf 84' lang='lat' dir='ltr'>sanctitatis</span> <span class='ocrx_word' id='word_1_835' title='bbox 1120 2511 1154 2531; x_wconf 86' lang='lat' dir='ltr'>cst</span> <span class='ocrx_word' id='word_1_836' title='bbox 1178 2509 1199 2530; x_wconf 90' lang='lat' dir='ltr'>in</span> <span class='ocrx_word' id='word_1_837' title='bbox 1226 2508 1292 2530; x_wconf 84' lang='lat' dir='ltr'>cuius</span> <span class='ocrx_word' id='word_1_838' title='bbox 1314 2514 1385 2535; x_wconf 89' lang='lat' dir='ltr'>opere</span> <span class='ocrx_word' id='word_1_839' title='bbox 1409 2510 1444 2529; x_wconf 87' lang='lat' dir='ltr'>est</span> <span class='ocrx_word' id='word_1_840' title='bbox 1467 2508 1535 2529; x_wconf 85' lang='lat' dir='ltr'>simul</span> 
     </span>
     <span class='ocr_line' id='line_1_132' title="bbox 970 2546 1534 2576; baseline -0.004 -6"><span class='ocrx_word' id='word_1_841' title='bbox 970 2548 1057 2576; x_wconf 89' lang='lat' dir='ltr'>puritas</span> <span class='ocrx_word' id='word_1_842' title='bbox 1074 2548 1215 2570; x_wconf 87' lang='lat' dir='ltr'>innocentiae</span> <span class='ocrx_word' id='word_1_843' title='bbox 1228 2551 1248 2569; x_wconf 87' lang='lat' dir='ltr'>et</span> <span class='ocrx_word' id='word_1_844' title='bbox 1261 2547 1381 2569; x_wconf 84' lang='lat' dir='ltr'>austeritas</span> <span class='ocrx_word' id='word_1_845' title='bbox 1392 2547 1454 2568; x_wconf 66' lang='lat' dir='ltr'>vitae</span> <span class='ocrx_word' id='word_1_846' title='bbox 1466 2546 1510 2568; x_wconf 80' lang='lat'>484</span> <span class='ocrx_word' id='word_1_847' title='bbox 1523 2553 1534 2568; x_wconf 89' lang='lat' dir='ltr'>a</span> 
     </span>
     <span class='ocr_line' id='line_1_133' title="bbox 970 2585 1536 2609; baseline -0.004 0"><span class='ocrx_word' id='word_1_848' title='bbox 970 2600 1000 2604; x_wconf 97' lang='lat'><strong>—</strong></span> <span class='ocrx_word' id='word_1_849' title='bbox 1017 2587 1163 2609; x_wconf 76' lang='lat' dir='ltr'>Sanctitatem</span> <span class='ocrx_word' id='word_1_850' title='bbox 1186 2587 1207 2608; x_wconf 93' lang='lat' dir='ltr'>in</span> <span class='ocrx_word' id='word_1_851' title='bbox 1233 2586 1408 2608; x_wconf 73' lang='lat' dir='ltr'>conversatione</span> <span class='ocrx_word' id='word_1_852' title='bbox 1428 2585 1536 2607; x_wconf 87' lang='lat' dir='ltr'>comitan-</span> 
     </span>
     <span class='ocr_line' id='line_1_134' title="bbox 970 2624 1535 2655; baseline -0.005 -6"><span class='ocrx_word' id='word_1_853' title='bbox 970 2630 1006 2649; x_wconf 89' lang='lat' dir='ltr'>tur</span> <span class='ocrx_word' id='word_1_854' title='bbox 1024 2627 1112 2655; x_wconf 88' lang='lat' dir='ltr'>puritas</span> <span class='ocrx_word' id='word_1_855' title='bbox 1129 2629 1151 2649; x_wconf 85' lang='lat' dir='ltr'>et</span> <span class='ocrx_word' id='word_1_856' title='bbox 1163 2625 1293 2648; x_wconf 85' lang='lat' dir='ltr'>obedientia</span> <span class='ocrx_word' id='word_1_857' title='bbox 1302 2642 1307 2652; x_wconf 95' lang='lat'>,</span> <span class='ocrx_word' id='word_1_858' title='bbox 1321 2625 1433 2647; x_wconf 91' lang='lat' dir='ltr'>munditia</span> <span class='ocrx_word' id='word_1_859' title='bbox 1446 2628 1468 2646; x_wconf 87' lang='lat' dir='ltr'>et</span> <span class='ocrx_word' id='word_1_860' title='bbox 1480 2624 1535 2646; x_wconf 85' lang='lat' dir='ltr'>obe-</span> 
     </span>
     <span class='ocr_line' id='line_1_135' title="bbox 970 2664 1535 2693; baseline -0.005 -5"><span class='ocrx_word' id='word_1_861' title='bbox 970 2666 1054 2689; x_wconf 86' lang='lat' dir='ltr'>dientia</span> <span class='ocrx_word' id='word_1_862' title='bbox 1074 2666 1114 2687; x_wconf 88' lang='grc'>521</span> <span class='ocrx_word' id='word_1_863' title='bbox 1137 2665 1152 2687; x_wconf 89' lang='grc'>1)</span> <span class='ocrx_word' id='word_1_864' title='bbox 1170 2678 1200 2681; x_wconf 94' lang='grc'><strong>-</strong></span> <span class='ocrx_word' id='word_1_865' title='bbox 1212 2671 1272 2693; x_wconf 89' lang='lat' dir='ltr'>quae</span> <span class='ocrx_word' id='word_1_866' title='bbox 1284 2669 1318 2687; x_wconf 87' lang='lat' dir='ltr'>est</span> <span class='ocrx_word' id='word_1_867' title='bbox 1330 2667 1416 2686; x_wconf 83' lang='lat' dir='ltr'>tantum</span> <span class='ocrx_word' id='word_1_868' title='bbox 1430 2664 1535 2690; x_wconf 77' lang='lat' dir='ltr'>exterior,</span> 
     </span>
     <span class='ocr_line' id='line_1_136' title="bbox 970 2703 1536 2732; baseline -0.004 -5"><span class='ocrx_word' id='word_1_869' title='bbox 970 2708 1004 2727; x_wconf 88' lang='lat' dir='ltr'>est</span> <span class='ocrx_word' id='word_1_870' title='bbox 1021 2705 1080 2727; x_wconf 86' lang='lat' dir='ltr'>sicut</span> <span class='ocrx_word' id='word_1_871' title='bbox 1097 2704 1227 2732; x_wconf 86' lang='lat' dir='ltr'>pulcritudo</span> <span class='ocrx_word' id='word_1_872' title='bbox 1244 2704 1344 2732; x_wconf 85' lang='lat' dir='ltr'>sepulcri</span> <span class='ocrx_word' id='word_1_873' title='bbox 1363 2703 1407 2725; x_wconf 83' lang='grc'>520</span> <span class='ocrx_word' id='word_1_874' title='bbox 1420 2709 1432 2724; x_wconf 89' lang='lat' dir='ltr'>a</span> <span class='ocrx_word' id='word_1_875' title='bbox 1447 2703 1536 2725; x_wconf 86' lang='lat' dir='ltr'>—talis</span> 
     </span>
     <span class='ocr_line' id='line_1_137' title="bbox 970 2742 1537 2772; baseline -0.005 -6"><span class='ocrx_word' id='word_1_876' title='bbox 970 2747 1004 2766; x_wconf 86' lang='lat' dir='ltr'>est</span> <span class='ocrx_word' id='word_1_877' title='bbox 1021 2744 1150 2772; x_wconf 86' lang='lat' dir='ltr'>hypocrisis</span> <span class='ocrx_word' id='word_1_878' title='bbox 1167 2742 1222 2766; x_wconf 79' lang='lat' dir='ltr'>ibid.</span> <span class='ocrx_word' id='word_1_879' title='bbox 1239 2755 1270 2759; x_wconf 96' lang='lat'><strong>—</strong></span> <span class='ocrx_word' id='word_1_880' title='bbox 1291 2743 1365 2765; x_wconf 89' lang='lat' dir='ltr'>Homo</span> <span class='ocrx_word' id='word_1_881' title='bbox 1383 2748 1428 2764; x_wconf 92' lang='lat' dir='ltr'>non</span> <span class='ocrx_word' id='word_1_882' title='bbox 1446 2745 1537 2769; x_wconf 88' lang='lat' dir='ltr'>reputa·</span> 
     </span>
     <span class='ocr_line' id='line_1_138' title="bbox 971 2781 1536 2810; baseline -0.007 -4"><span class='ocrx_word' id='word_1_883' title='bbox 971 2787 1006 2806; x_wconf 91' lang='lat' dir='ltr'>tur</span> <span class='ocrx_word' id='word_1_884' title='bbox 1023 2786 1116 2805; x_wconf 85' lang='lat' dir='ltr'>sanctus</span> <span class='ocrx_word' id='word_1_885' title='bbox 1139 2782 1169 2805; x_wconf 90' lang='grc'>01)</span> <span class='ocrx_word' id='word_1_886' title='bbox 1187 2783 1291 2810; x_wconf 78' lang='lat' dir='ltr'>divitias,</span> <span class='ocrx_word' id='word_1_887' title='bbox 1308 2782 1425 2805; x_wconf 82' lang='lat' dir='ltr'>scientiam</span> <span class='ocrx_word' id='word_1_888' title='bbox 1449 2784 1488 2803; x_wconf 85' lang='lat' dir='ltr'>aut</span> <span class='ocrx_word' id='word_1_889' title='bbox 1506 2781 1536 2803; x_wconf 87' lang='lat' dir='ltr'>di·</span> 
     </span>
     <span class='ocr_line' id='line_1_139' title="bbox 971 2822 1165 2851; baseline 0 -7"><span class='ocrx_word' id='word_1_890' title='bbox 971 2824 1070 2851; x_wconf 83' lang='lat' dir='ltr'>gnitates</span> <span class='ocrx_word' id='word_1_891' title='bbox 1087 2822 1131 2844; x_wconf 76' lang='lat'>644</span> <span class='ocrx_word' id='word_1_892' title='bbox 1151 2822 1165 2844; x_wconf 91' lang='lat' dir='ltr'>b</span> 
     </span>
    </p>

    <p class='ocr_par' dir='ltr' id='par_1_37' title="bbox 972 2860 1538 3008">
     <span class='ocr_line' id='line_1_140' title="bbox 1020 2860 1535 2889; baseline -0.004 -6"><span class='ocrx_word' id='word_1_893' title='bbox 1020 2875 1048 2877; x_wconf 97' lang='lat'><strong>—</strong></span> <span class='ocrx_word' id='word_1_894' title='bbox 1066 2868 1107 2889; x_wconf 90' lang='lat' dir='ltr'>per</span> <span class='ocrx_word' id='word_1_895' title='bbox 1119 2868 1158 2883; x_wconf 75' lang='lat' dir='ltr'>sex</span> <span class='ocrx_word' id='word_1_896' title='bbox 1170 2861 1258 2889; x_wconf 79' lang='lat' dir='ltr'>gradus</span> <span class='ocrx_word' id='word_1_897' title='bbox 1270 2861 1293 2882; x_wconf 92' lang='lat' dir='ltr'>in</span> <span class='ocrx_word' id='word_1_898' title='bbox 1305 2866 1348 2882; x_wconf 88' lang='lat' dir='ltr'>nos</span> <span class='ocrx_word' id='word_1_899' title='bbox 1360 2860 1479 2883; x_wconf 85' lang='lat' dir='ltr'>descendit</span> <span class='ocrx_word' id='word_1_900' title='bbox 1491 2860 1535 2881; x_wconf 83' lang='grc'>598</span> 
     </span>
     <span class='ocr_line' id='line_1_141' title="bbox 972 2899 1535 2923; baseline -0.004 0"><span class='ocrx_word' id='word_1_901' title='bbox 972 2908 983 2923; x_wconf 87' lang='lat' dir='ltr'>a</span> <span class='ocrx_word' id='word_1_902' title='bbox 1001 2913 1031 2918; x_wconf 86' lang='lat'><strong>—</strong></span> <span class='ocrx_word' id='word_1_903' title='bbox 1049 2901 1097 2923; x_wconf 83' lang='lat' dir='ltr'>Viri</span> <span class='ocrx_word' id='word_1_904' title='bbox 1115 2901 1186 2923; x_wconf 87' lang='lat' dir='ltr'>sancti</span> <span class='ocrx_word' id='word_1_905' title='bbox 1213 2906 1257 2922; x_wconf 92' lang='lat' dir='ltr'>non</span> <span class='ocrx_word' id='word_1_906' title='bbox 1279 2899 1365 2922; x_wconf 71' lang='lat' dir='ltr'>dubi-nt</span> <span class='ocrx_word' id='word_1_907' title='bbox 1390 2899 1506 2922; x_wconf 87' lang='lat' dir='ltr'>declinare</span> <span class='ocrx_word' id='word_1_908' title='bbox 1524 2905 1535 2921; x_wconf 91' lang='lat' dir='ltr'>a</span> 
     </span>
     <span class='ocr_line' id='line_1_142' title="bbox 972 2939 1537 2968; baseline -0.004 -6"><span class='ocrx_word' id='word_1_909' title='bbox 972 2940 1075 2968; x_wconf 77' lang='lat' dir='ltr'>vestigiis</span> <span class='ocrx_word' id='word_1_910' title='bbox 1092 2940 1173 2962; x_wconf 87' lang='lat' dir='ltr'>Christi</span> <span class='ocrx_word' id='word_1_911' title='bbox 1201 2940 1244 2961; x_wconf 84' lang='grc'>299</span> <span class='ocrx_word' id='word_1_912' title='bbox 1264 2939 1278 2961; x_wconf 91' lang='grc'>1)</span> <span class='ocrx_word' id='word_1_913' title='bbox 1296 2952 1325 2956; x_wconf 92' lang='grc'>-</span> <span class='ocrx_word' id='word_1_914' title='bbox 1344 2945 1389 2961; x_wconf 91' lang='lat' dir='ltr'>non</span> <span class='ocrx_word' id='word_1_915' title='bbox 1409 2941 1483 2966; x_wconf 76' lang='lat' dir='ltr'>potest</span> <span class='ocrx_word' id='word_1_916' title='bbox 1500 2939 1537 2960; x_wconf 86' lang='lat' dir='ltr'>ha·</span> 
     </span>
     <span class='ocr_line' id='line_1_143' title="bbox 973 2978 1538 3008; baseline -0.005 -6"><span class='ocrx_word' id='word_1_917' title='bbox 973 2980 1020 3003; x_wconf 87' lang='lat' dir='ltr'>beri</span> <span class='ocrx_word' id='word_1_918' title='bbox 1039 2979 1081 3001; x_wconf 87' lang='lat' dir='ltr'>nisi</span> <span class='ocrx_word' id='word_1_919' title='bbox 1100 2979 1122 3001; x_wconf 92' lang='lat' dir='ltr'>in</span> <span class='ocrx_word' id='word_1_920' title='bbox 1140 2979 1220 3008; x_wconf 83' lang='lat' dir='ltr'>requie</span> <span class='ocrx_word' id='word_1_921' title='bbox 1238 2979 1320 3001; x_wconf 91' lang='lat' dir='ltr'>mentis</span> <span class='ocrx_word' id='word_1_922' title='bbox 1338 2978 1382 3000; x_wconf 81' lang='lat'>646</span> <span class='ocrx_word' id='word_1_923' title='bbox 1400 2985 1411 3000; x_wconf 89' lang='lat' dir='ltr'>a</span> <span class='ocrx_word' id='word_1_924' title='bbox 1431 2990 1460 2994; x_wconf 90' lang='lat'>—</span> <span class='ocrx_word' id='word_1_925' title='bbox 1482 2984 1538 3006; x_wconf 86' lang='lat' dir='ltr'>quo·</span> 
     </span>
    </p>
   </div>
   <div class='ocr_carea' id='block_1_21' title="bbox 1552 271 1556 3000">
    <p class='ocr_par' dir='ltr' id='par_1_38' title="bbox 1552 271 1556 3000">
     <span class='ocr_line' id='line_1_144' title="bbox 1552 271 1556 3000; baseline 0 0"><span class='ocrx_word' id='word_1_926' title='bbox 1552 271 1556 3000; x_wconf 95' lang='lat' dir='ltr'> </span> 
     </span>
    </p>
   </div>
   <div class='ocr_carea' id='block_1_22' title="bbox 920 191 1589 221">
    <p class='ocr_par' dir='ltr' id='par_1_39' title="bbox 920 191 1589 221">
     <span class='ocr_line' id='line_1_145' title="bbox 920 191 1589 221; baseline -0.001 0"><span class='ocrx_word' id='word_1_927' title='bbox 920 192 1019 221; x_wconf 87' lang='lat' dir='ltr'>lNDEX</span> <span class='ocrx_word' id='word_1_928' title='bbox 1040 191 1280 220; x_wconf 69' lang='lat' dir='ltr'>ALPHABETICUS</span> <span class='ocrx_word' id='word_1_929' title='bbox 1302 192 1380 221; x_wconf 91' lang='lat' dir='ltr'>NONl</span> <span class='ocrx_word' id='word_1_930' title='bbox 1402 191 1589 221; x_wconf 83' lang='lat' dir='ltr'>VOLUMlNlS.</span> 
     </span>
    </p>
   </div>
   <div class='ocr_carea' id='block_1_23' title="bbox 1568 231 2137 3004">
    <p class='ocr_par' dir='ltr' id='par_1_40' title="bbox 1833 231 1885 254">
     <span class='ocr_line' id='line_1_146' title="bbox 1833 231 1885 254; baseline -0.019 0"><span class='ocrx_word' id='word_1_931' title='bbox 1833 231 1885 254; x_wconf 71' lang='grc' dir='ltr'>ΞΑΡ</span> 
     </span>
    </p>

    <p class='ocr_par' dir='ltr' id='par_1_41' title="bbox 1570 269 2137 527">
     <span class='ocr_line' id='line_1_147' title="bbox 1572 269 2136 298; baseline 0.004 -6"><span class='ocrx_word' id='word_1_932' title='bbox 1572 269 1642 292; x_wconf 91' lang='lat' dir='ltr'>modo</span> <span class='ocrx_word' id='word_1_933' title='bbox 1659 270 1745 292; x_wconf 81' lang='lat' dir='ltr'>servari</span> <span class='ocrx_word' id='word_1_934' title='bbox 1764 269 1848 292; x_wconf 87' lang='lat' dir='ltr'>debeat</span> <span class='ocrx_word' id='word_1_935' title='bbox 1865 276 1905 298; x_wconf 85' lang='lat' dir='ltr'>per</span> <span class='ocrx_word' id='word_1_936' title='bbox 1918 271 2068 293; x_wconf 87' lang='lat' dir='ltr'>imitationem</span> <span class='ocrx_word' id='word_1_937' title='bbox 2083 272 2136 294; x_wconf 78' lang='lat' dir='ltr'>San-</span> 
     </span>
     <span class='ocr_line' id='line_1_148' title="bbox 1571 309 2136 338; baseline 0.005 -8"><span class='ocrx_word' id='word_1_938' title='bbox 1571 312 1660 331; x_wconf 90' lang='lat' dir='ltr'>ctorum</span> <span class='ocrx_word' id='word_1_939' title='bbox 1687 309 1731 330; x_wconf 85' lang='grc'>599</span> <span class='ocrx_word' id='word_1_940' title='bbox 1755 315 1767 331; x_wconf 92' lang='lat' dir='ltr'>a</span> <span class='ocrx_word' id='word_1_941' title='bbox 1786 322 1815 324; x_wconf 97' lang='lat'><strong>—</strong></span> <span class='ocrx_word' id='word_1_942' title='bbox 1832 309 1907 331; x_wconf 89' lang='lat' dir='ltr'>Homo</span> <span class='ocrx_word' id='word_1_943' title='bbox 1933 309 2002 332; x_wconf 88' lang='lat' dir='ltr'>debet</span> <span class='ocrx_word' id='word_1_944' title='bbox 2027 314 2136 338; x_wconf 87' lang='lat' dir='ltr'>appetere</span> 
     </span>
     <span class='ocr_line' id='line_1_149' title="bbox 1571 348 2136 372; baseline 0.005 -3"><span class='ocrx_word' id='word_1_945' title='bbox 1571 348 1663 370; x_wconf 73' lang='lat' dir='ltr'>divinae</span> <span class='ocrx_word' id='word_1_946' title='bbox 1680 348 1791 370; x_wconf 86' lang='lat' dir='ltr'>sanctitati</span> <span class='ocrx_word' id='word_1_947' title='bbox 1809 349 1948 370; x_wconf 82' lang='lat' dir='ltr'>conformari</span> <span class='ocrx_word' id='word_1_948' title='bbox 1961 349 2006 371; x_wconf 89' lang='grc'>598</span> <span class='ocrx_word' id='word_1_949' title='bbox 2019 349 2034 371; x_wconf 92' lang='lat' dir='ltr'>b</span> <span class='ocrx_word' id='word_1_950' title='bbox 2045 361 2076 366; x_wconf 88' lang='lat'>·—</span> <span class='ocrx_word' id='word_1_951' title='bbox 2089 351 2136 372; x_wconf 86' lang='lat' dir='ltr'>Hoc</span> 
     </span>
     <span class='ocr_line' id='line_1_150' title="bbox 1570 387 2136 415; baseline 0.004 -6"><span class='ocrx_word' id='word_1_952' title='bbox 1570 387 1674 415; x_wconf 86' lang='lat' dir='ltr'>appetitu</span> <span class='ocrx_word' id='word_1_953' title='bbox 1700 387 1835 415; x_wconf 63' lang='lat' dir='ltr'>pervenitur</span> <span class='ocrx_word' id='word_1_954' title='bbox 1859 388 1890 410; x_wconf 89' lang='lat' dir='ltr'>ad</span> <span class='ocrx_word' id='word_1_955' title='bbox 1916 388 2021 410; x_wconf 89' lang='lat' dir='ltr'>timorem</span> <span class='ocrx_word' id='word_1_956' title='bbox 2046 389 2136 411; x_wconf 86' lang='lat' dir='ltr'>Domini</span> 
     </span>
     <span class='ocr_line' id='line_1_151' title="bbox 1571 425 2136 450; baseline 0.004 -2"><span class='ocrx_word' id='word_1_957' title='bbox 1571 425 1625 448; x_wconf 72' lang='lat' dir='ltr'>ibid.</span> <span class='ocrx_word' id='word_1_958' title='bbox 1642 438 1672 442; x_wconf 93' lang='lat'>-—</span> <span class='ocrx_word' id='word_1_959' title='bbox 1689 432 1731 448; x_wconf 86' lang='lat' dir='ltr'>nos</span> <span class='ocrx_word' id='word_1_960' title='bbox 1756 427 1806 448; x_wconf 79' lang='lat' dir='ltr'>tacit</span> <span class='ocrx_word' id='word_1_961' title='bbox 1830 433 1933 449; x_wconf 86' lang='lat' dir='ltr'>sororem</span> <span class='ocrx_word' id='word_1_962' title='bbox 1957 426 2040 450; x_wconf 90' lang='lat' dir='ltr'>Christi</span> <span class='ocrx_word' id='word_1_963' title='bbox 2058 429 2103 450; x_wconf 86' lang='grc'>212</span> <span class='ocrx_word' id='word_1_964' title='bbox 2121 428 2136 450; x_wconf 93' lang='grc'>1)</span> 
     </span>
     <span class='ocr_line' id='line_1_152' title="bbox 1572 465 2137 490; baseline 0.007 -4"><span class='ocrx_word' id='word_1_965' title='bbox 1572 478 1600 480; x_wconf 89' lang='grc'>-</span> <span class='ocrx_word' id='word_1_966' title='bbox 1619 465 1755 487; x_wconf 79' lang='lat' dir='ltr'>Sanctorum</span> <span class='ocrx_word' id='word_1_967' title='bbox 1775 465 1884 488; x_wconf 83' lang='lat' dir='ltr'>habitatio</span> <span class='ocrx_word' id='word_1_968' title='bbox 1901 469 1923 488; x_wconf 91' lang='lat' dir='ltr'>et</span> <span class='ocrx_word' id='word_1_969' title='bbox 1940 467 2085 489; x_wconf 81' lang='lat' dir='ltr'>conversatio</span> <span class='ocrx_word' id='word_1_970' title='bbox 2103 470 2137 490; x_wconf 85' lang='lat' dir='ltr'>est</span> 
     </span>
     <span class='ocr_line' id='line_1_153' title="bbox 1570 504 1775 527; baseline 0 -1"><span class='ocrx_word' id='word_1_971' title='bbox 1570 504 1592 526; x_wconf 91' lang='lat' dir='ltr'>in</span> <span class='ocrx_word' id='word_1_972' title='bbox 1611 505 1680 526; x_wconf 81' lang='lat' dir='ltr'>caelis</span> <span class='ocrx_word' id='word_1_973' title='bbox 1701 504 1742 526; x_wconf 77' lang='lat'><strong>184</strong></span> <span class='ocrx_word' id='word_1_974' title='bbox 1761 504 1775 527; x_wconf 90' lang='lat' dir='ltr'>b</span> 
     </span>
    </p>

    <p class='ocr_par' dir='ltr' id='par_1_42' title="bbox 1571 543 2137 606">
     <span class='ocr_line' id='line_1_154' title="bbox 1619 543 2137 568; baseline 0.006 -3"><span class='ocrx_word' id='word_1_975' title='bbox 1619 544 1711 566; x_wconf 56' lang='lat' dir='ltr'>suctus</span> <span class='ocrx_word' id='word_1_976' title='bbox 1728 556 1757 560; x_wconf 89' lang='lat'>—</span> <span class='ocrx_word' id='word_1_977' title='bbox 1775 543 1831 566; x_wconf 84' lang='lat' dir='ltr'>Abel</span> <span class='ocrx_word' id='word_1_978' title='bbox 1849 548 1870 566; x_wconf 81' lang='lat' dir='ltr'>ct</span> <span class='ocrx_word' id='word_1_979' title='bbox 1882 545 1995 567; x_wconf 89' lang='lat' dir='ltr'>iustorum</span> <span class='ocrx_word' id='word_1_980' title='bbox 2009 545 2137 568; x_wconf 83' lang='lat' dir='ltr'>interfecto-</span> 
     </span>
     <span class='ocr_line' id='line_1_155' title="bbox 1571 583 1960 606; baseline 0.005 -2"><span class='ocrx_word' id='word_1_981' title='bbox 1571 589 1623 605; x_wconf 90' lang='lat' dir='ltr'>rum</span> <span class='ocrx_word' id='word_1_982' title='bbox 1641 583 1723 605; x_wconf 79' lang='lat' dir='ltr'>clamat</span> <span class='ocrx_word' id='word_1_983' title='bbox 1741 584 1866 606; x_wconf 86' lang='lat' dir='ltr'>vindictam</span> <span class='ocrx_word' id='word_1_984' title='bbox 1884 584 1929 606; x_wconf 87' lang='grc'>727</span> <span class='ocrx_word' id='word_1_985' title='bbox 1948 590 1960 606; x_wconf 92' lang='lat' dir='ltr'>a</span> 
     </span>
    </p>

    <p class='ocr_par' dir='ltr' id='par_1_43' title="bbox 1570 622 2137 1122">
     <span class='ocr_line' id='line_1_156' title="bbox 1619 622 2136 651; baseline 0.004 -7"><span class='ocrx_word' id='word_1_986' title='bbox 1619 635 1644 637; x_wconf 97' lang='lat'><strong>—</strong></span> <span class='ocrx_word' id='word_1_987' title='bbox 1665 625 1699 644; x_wconf 88' lang='lat' dir='ltr'>est</span> <span class='ocrx_word' id='word_1_988' title='bbox 1715 622 1808 650; x_wconf 85' lang='lat' dir='ltr'>triplex:</span> <span class='ocrx_word' id='word_1_989' title='bbox 1826 623 1993 650; x_wconf 84' lang='lat' dir='ltr'>redemptoris,</span> <span class='ocrx_word' id='word_1_990' title='bbox 2011 624 2136 651; x_wconf 75' lang='lat' dir='ltr'>refectoris,</span> 
     </span>
     <span class='ocr_line' id='line_1_157' title="bbox 1571 661 2137 691; baseline 0.005 -9"><span class='ocrx_word' id='word_1_991' title='bbox 1571 661 1705 683; x_wconf 81' lang='lat' dir='ltr'>animaturis</span> <span class='ocrx_word' id='word_1_992' title='bbox 1722 662 1766 684; x_wconf 76' lang='lat'><strong>356</strong></span> <span class='ocrx_word' id='word_1_993' title='bbox 1786 661 1800 684; x_wconf 88' lang='lat' dir='ltr'>b</span> <span class='ocrx_word' id='word_1_994' title='bbox 1820 675 1847 677; x_wconf 97' lang='lat'><strong>—</strong></span> <span class='ocrx_word' id='word_1_995' title='bbox 1866 663 1991 690; x_wconf 77' lang='lat' dir='ltr'>Sanguine,</span> <span class='ocrx_word' id='word_1_996' title='bbox 2008 669 2055 691; x_wconf 86' lang='lat' dir='ltr'>quo</span> <span class='ocrx_word' id='word_1_997' title='bbox 2072 662 2137 685; x_wconf 89' lang='lat' dir='ltr'>Chri—</span> 
     </span>
     <span class='ocr_line' id='line_1_158' title="bbox 1571 701 2136 729; baseline 0.004 -7"><span class='ocrx_word' id='word_1_998' title='bbox 1571 703 1620 722; x_wconf 85' lang='lat' dir='ltr'>stus</span> <span class='ocrx_word' id='word_1_999' title='bbox 1637 706 1746 728; x_wconf 88' lang='lat' dir='ltr'>aspersus</span> <span class='ocrx_word' id='word_1_1000' title='bbox 1763 704 1796 723; x_wconf 91' lang='lat' dir='ltr'>est</span> <span class='ocrx_word' id='word_1_1001' title='bbox 1819 701 1841 723; x_wconf 89' lang='lat' dir='ltr'>in</span> <span class='ocrx_word' id='word_1_1002' title='bbox 1859 707 1901 723; x_wconf 90' lang='lat' dir='ltr'>sua</span> <span class='ocrx_word' id='word_1_1003' title='bbox 1924 702 2043 729; x_wconf 84' lang='lat' dir='ltr'>passione,</span> <span class='ocrx_word' id='word_1_1004' title='bbox 2061 703 2136 725; x_wconf 89' lang='lat' dir='ltr'>omnis</span> 
     </span>
     <span class='ocr_line' id='line_1_159' title="bbox 1571 740 2136 769; baseline 0.004 -8"><span class='ocrx_word' id='word_1_1005' title='bbox 1571 740 1672 767; x_wconf 82' lang='lat' dir='ltr'>populus</span> <span class='ocrx_word' id='word_1_1006' title='bbox 1689 740 1827 762; x_wconf 84' lang='lat' dir='ltr'>christianus</span> <span class='ocrx_word' id='word_1_1007' title='bbox 1844 745 1878 763; x_wconf 92' lang='lat' dir='ltr'>est</span> <span class='ocrx_word' id='word_1_1008' title='bbox 1895 747 2003 769; x_wconf 83' lang='lat' dir='ltr'>aspersus</span> <span class='ocrx_word' id='word_1_1009' title='bbox 2021 741 2066 764; x_wconf 86' lang='grc'>264</span> <span class='ocrx_word' id='word_1_1010' title='bbox 2084 748 2136 763; x_wconf 89' lang='lat' dir='ltr'>a—</span> 
     </span>
     <span class='ocr_line' id='line_1_160' title="bbox 1570 778 2136 803; baseline 0.005 -3"><span class='ocrx_word' id='word_1_1011' title='bbox 1570 778 1652 801; x_wconf 85' lang='lat' dir='ltr'>Christi</span> <span class='ocrx_word' id='word_1_1012' title='bbox 1679 785 1724 801; x_wconf 89' lang='lat' dir='ltr'>non</span> <span class='ocrx_word' id='word_1_1013' title='bbox 1749 779 1799 802; x_wconf 85' lang='lat' dir='ltr'>fluit</span> <span class='ocrx_word' id='word_1_1014' title='bbox 1823 780 1915 802; x_wconf 87' lang='lat' dir='ltr'>aliunde</span> <span class='ocrx_word' id='word_1_1015' title='bbox 1942 781 1984 802; x_wconf 90' lang='lat' dir='ltr'>nisi</span> <span class='ocrx_word' id='word_1_1016' title='bbox 2009 781 2039 803; x_wconf 81' lang='lat' dir='ltr'>de</span> <span class='ocrx_word' id='word_1_1017' title='bbox 2068 787 2136 803; x_wconf 87' lang='lat' dir='ltr'>cruce</span> 
     </span>
     <span class='ocr_line' id='line_1_161' title="bbox 1571 818 2136 848; baseline 0.004 -8"><span class='ocrx_word' id='word_1_1018' title='bbox 1571 818 1615 840; x_wconf 82' lang='grc'>469</span> <span class='ocrx_word' id='word_1_1019' title='bbox 1628 824 1639 840; x_wconf 90' lang='lat' dir='ltr'>a</span> <span class='ocrx_word' id='word_1_1020' title='bbox 1657 830 1687 834; x_wconf 92' lang='lat'>—</span> <span class='ocrx_word' id='word_1_1021' title='bbox 1705 818 1786 841; x_wconf 89' lang='lat' dir='ltr'>Christi</span> <span class='ocrx_word' id='word_1_1022' title='bbox 1806 819 1847 841; x_wconf 86' lang='lat' dir='ltr'>fuit</span> <span class='ocrx_word' id='word_1_1023' title='bbox 1858 820 1957 847; x_wconf 75' lang='lat' dir='ltr'>predum</span> <span class='ocrx_word' id='word_1_1024' title='bbox 1970 820 2136 848; x_wconf 85' lang='lat' dir='ltr'>redemptionis</span> 
     </span>
     <span class='ocr_line' id='line_1_162' title="bbox 1570 858 2136 882; baseline 0.005 -3"><span class='ocrx_word' id='word_1_1025' title='bbox 1570 859 1592 879; x_wconf 89' lang='lat' dir='ltr'>et</span> <span class='ocrx_word' id='word_1_1026' title='bbox 1608 858 1739 880; x_wconf 80' lang='lat' dir='ltr'>resectionis</span> <span class='ocrx_word' id='word_1_1027' title='bbox 1756 864 1831 880; x_wconf 70' lang='lat' dir='ltr'>novae</span> <span class='ocrx_word' id='word_1_1028' title='bbox 1853 858 1893 880; x_wconf 84' lang='grc'>136</span> <span class='ocrx_word' id='word_1_1029' title='bbox 1912 865 1923 880; x_wconf 88' lang='lat' dir='ltr'>a</span> <span class='ocrx_word' id='word_1_1030' title='bbox 1942 871 1972 875; x_wconf 96' lang='lat'><strong>—</strong></span> <span class='ocrx_word' id='word_1_1031' title='bbox 1995 858 2078 882; x_wconf 85' lang='lat' dir='ltr'>Christi</span> <span class='ocrx_word' id='word_1_1032' title='bbox 2094 860 2136 882; x_wconf 88' lang='lat' dir='ltr'>cla-</span> 
     </span>
     <span class='ocr_line' id='line_1_163' title="bbox 1571 897 2136 921; baseline 0.005 -3"><span class='ocrx_word' id='word_1_1033' title='bbox 1571 900 1617 919; x_wconf 89' lang='lat' dir='ltr'>mat</span> <span class='ocrx_word' id='word_1_1034' title='bbox 1642 897 1824 920; x_wconf 76' lang='lat' dir='ltr'>misericordiam</span> <span class='ocrx_word' id='word_1_1035' title='bbox 1847 898 1892 919; x_wconf 81' lang='grc'>727</span> <span class='ocrx_word' id='word_1_1036' title='bbox 1911 904 1922 920; x_wconf 91' lang='lat' dir='ltr'>a</span> <span class='ocrx_word' id='word_1_1037' title='bbox 1946 911 1975 914; x_wconf 89' lang='lat'>—</span> <span class='ocrx_word' id='word_1_1038' title='bbox 1998 898 2080 921; x_wconf 89' lang='lat' dir='ltr'>Christi</span> <span class='ocrx_word' id='word_1_1039' title='bbox 2102 902 2136 921; x_wconf 87' lang='lat' dir='ltr'>est</span> 
     </span>
     <span class='ocr_line' id='line_1_164' title="bbox 1571 937 2135 965; baseline 0.004 -7"><span class='ocrx_word' id='word_1_1040' title='bbox 1571 937 1633 963; x_wconf 81' lang='lat' dir='ltr'>sons,</span> <span class='ocrx_word' id='word_1_1041' title='bbox 1651 937 1673 958; x_wconf 93' lang='lat' dir='ltr'>in</span> <span class='ocrx_word' id='word_1_1042' title='bbox 1690 943 1738 965; x_wconf 91' lang='lat' dir='ltr'>quo</span> <span class='ocrx_word' id='word_1_1043' title='bbox 1764 941 1855 965; x_wconf 88' lang='lat' dir='ltr'>peccata</span> <span class='ocrx_word' id='word_1_1044' title='bbox 1874 938 1980 960; x_wconf 74' lang='lat' dir='ltr'>lavantur</span> <span class='ocrx_word' id='word_1_1045' title='bbox 2005 938 2050 960; x_wconf 81' lang='lat'>340</span> <span class='ocrx_word' id='word_1_1046' title='bbox 2068 937 2083 960; x_wconf 87' lang='lat' dir='ltr'>b</span> <span class='ocrx_word' id='word_1_1047' title='bbox 2105 951 2135 954; x_wconf 85' lang='lat'><em>-</em></span> 
     </span>
     <span class='ocr_line' id='line_1_165' title="bbox 1571 976 2136 1005; baseline 0.004 -8"><span class='ocrx_word' id='word_1_1048' title='bbox 1571 976 1612 997; x_wconf 83' lang='lat' dir='ltr'>Per</span> <span class='ocrx_word' id='word_1_1049' title='bbox 1629 976 1765 1003; x_wconf 78' lang='lat' dir='ltr'>sanguinem</span> <span class='ocrx_word' id='word_1_1050' title='bbox 1784 976 1865 999; x_wconf 82' lang='lat' dir='ltr'>Christi</span> <span class='ocrx_word' id='word_1_1051' title='bbox 1887 978 1943 999; x_wconf 82' lang='lat' dir='ltr'>sacta</span> <span class='ocrx_word' id='word_1_1052' title='bbox 1971 980 2005 999; x_wconf 88' lang='lat' dir='ltr'>est</span> <span class='ocrx_word' id='word_1_1053' title='bbox 2021 977 2136 1005; x_wconf 85' lang='lat' dir='ltr'>reparatio</span> 
     </span>
     <span class='ocr_line' id='line_1_166' title="bbox 1571 1015 2136 1038; baseline 0.002 -1"><span class='ocrx_word' id='word_1_1054' title='bbox 1571 1015 1709 1037; x_wconf 84' lang='lat' dir='ltr'>concordiae</span> <span class='ocrx_word' id='word_1_1055' title='bbox 1727 1019 1748 1037; x_wconf 91' lang='lat' dir='ltr'>et</span> <span class='ocrx_word' id='word_1_1056' title='bbox 1768 1016 1875 1038; x_wconf 76' lang='lat' dir='ltr'>relaxatio</span> <span class='ocrx_word' id='word_1_1057' title='bbox 1893 1016 2008 1038; x_wconf 77' lang='lat' dir='ltr'>vindictae</span> <span class='ocrx_word' id='word_1_1058' title='bbox 2026 1017 2054 1038; x_wconf 85' lang='grc'>29</span> <span class='ocrx_word' id='word_1_1059' title='bbox 2073 1016 2088 1038; x_wconf 85' lang='grc'>1)</span> <span class='ocrx_word' id='word_1_1060' title='bbox 2105 1028 2136 1033; x_wconf 78' lang='lat'>—</span> 
     </span>
     <span class='ocr_line' id='line_1_167' title="bbox 1570 1054 2134 1083; baseline 0 -6"><span class='ocrx_word' id='word_1_1061' title='bbox 1570 1054 1652 1077; x_wconf 84' lang='lat' dir='ltr'>Christi</span> <span class='ocrx_word' id='word_1_1062' title='bbox 1671 1056 1799 1082; x_wconf 85' lang='lat' dir='ltr'>promeruit</span> <span class='ocrx_word' id='word_1_1063' title='bbox 1815 1055 1883 1077; x_wconf 89' lang='lat' dir='ltr'>nobis</span> <span class='ocrx_word' id='word_1_1064' title='bbox 1901 1056 1998 1083; x_wconf 77' lang='lat' dir='ltr'>gloriam</span> <span class='ocrx_word' id='word_1_1065' title='bbox 2016 1056 2044 1077; x_wconf 86' lang='grc'>26</span> <span class='ocrx_word' id='word_1_1066' title='bbox 2070 1055 2084 1077; x_wconf 87' lang='grc'>1)</span> <span class='ocrx_word' id='word_1_1067' title='bbox 2104 1068 2134 1072; x_wconf 94' lang='grc'><strong>-</strong></span> 
     </span>
     <span class='ocr_line' id='line_1_168' title="bbox 1572 1093 1930 1122; baseline 0 -7"><span class='ocrx_word' id='word_1_1068' title='bbox 1572 1093 1630 1116; x_wconf 78' lang='lat' dir='ltr'>Vide</span> <span class='ocrx_word' id='word_1_1069' title='bbox 1648 1094 1675 1116; x_wconf 84' lang='lat' dir='ltr'>V.</span> <span class='ocrx_word' id='word_1_1070' title='bbox 1694 1094 1803 1117; x_wconf 73' lang='lat' dir='ltr'>Clu-istus</span> <span class='ocrx_word' id='word_1_1071' title='bbox 1819 1101 1875 1122; x_wconf 79' lang='lat' dir='ltr'>pag.</span> <span class='ocrx_word' id='word_1_1072' title='bbox 1892 1095 1930 1116; x_wconf 69' lang='lat'>98.</span> 
     </span>
    </p>

    <p class='ocr_par' dir='ltr' id='par_1_44' title="bbox 1570 1133 2137 1240">
     <span class='ocr_line' id='line_1_169' title="bbox 1617 1133 2135 1161; baseline 0 -6"><span class='ocrx_word' id='word_1_1073' title='bbox 1617 1134 1710 1155; x_wconf 71' lang='lat' dir='ltr'>SANlTAS</span> <span class='ocrx_word' id='word_1_1074' title='bbox 1726 1146 1756 1149; x_wconf 32' lang='lat'>*-</span> <span class='ocrx_word' id='word_1_1075' title='bbox 1775 1134 1876 1161; x_wconf 81' lang='lat' dir='ltr'>Diligens</span> <span class='ocrx_word' id='word_1_1076' title='bbox 1901 1134 2021 1156; x_wconf 89' lang='lat' dir='ltr'>sanitatem</span> <span class='ocrx_word' id='word_1_1077' title='bbox 2040 1133 2135 1156; x_wconf 81' lang='lat' dir='ltr'>libenter</span> 
     </span>
     <span class='ocr_line' id='line_1_170' title="bbox 1570 1172 2137 1195; baseline 0.002 -1"><span class='ocrx_word' id='word_1_1078' title='bbox 1570 1172 1632 1194; x_wconf 87' lang='lat' dir='ltr'>audit</span> <span class='ocrx_word' id='word_1_1079' title='bbox 1652 1172 1723 1194; x_wconf 80' lang='lat' dir='ltr'>verba</span> <span class='ocrx_word' id='word_1_1080' title='bbox 1751 1173 1833 1195; x_wconf 86' lang='lat' dir='ltr'>medici</span> <span class='ocrx_word' id='word_1_1081' title='bbox 1856 1174 1895 1194; x_wconf 82' lang='grc'>188</span> <span class='ocrx_word' id='word_1_1082' title='bbox 1914 1180 1925 1194; x_wconf 74' lang='lat' dir='ltr'>:i</span> <span class='ocrx_word' id='word_1_1083' title='bbox 1951 1186 1979 1188; x_wconf 97' lang='lat'>-—</span> <span class='ocrx_word' id='word_1_1084' title='bbox 2006 1173 2080 1195; x_wconf 79' lang='lat' dir='ltr'>sanus</span> <span class='ocrx_word' id='word_1_1085' title='bbox 2103 1176 2137 1195; x_wconf 77' lang='lat' dir='ltr'>est</span> 
     </span>
     <span class='ocr_line' id='line_1_171' title="bbox 1570 1212 1968 1240; baseline 0.003 -7"><span class='ocrx_word' id='word_1_1086' title='bbox 1570 1212 1629 1234; x_wconf 84' lang='lat' dir='ltr'>sicut</span> <span class='ocrx_word' id='word_1_1087' title='bbox 1645 1218 1720 1240; x_wconf 84' lang='lat' dir='ltr'>equus</span> <span class='ocrx_word' id='word_1_1088' title='bbox 1737 1213 1882 1240; x_wconf 84' lang='lat' dir='ltr'>impetuosus</span> <span class='ocrx_word' id='word_1_1089' title='bbox 1900 1213 1940 1234; x_wconf 84' lang='grc'>351</span> <span class='ocrx_word' id='word_1_1090' title='bbox 1957 1219 1968 1234; x_wconf 91' lang='lat' dir='ltr'>a</span> 
     </span>
    </p>

    <p class='ocr_par' dir='ltr' id='par_1_45' title="bbox 1569 1252 2136 1589">
     <span class='ocr_line' id='line_1_172' title="bbox 1618 1252 2136 1279; baseline 0 -6"><span class='ocrx_word' id='word_1_1091' title='bbox 1618 1252 1733 1273; x_wconf 59' lang='lat' dir='ltr'>Sarica&#39;rm</span> <span class='ocrx_word' id='word_1_1092' title='bbox 1750 1263 1781 1267; x_wconf 92' lang='lat'><strong>—</strong></span> <span class='ocrx_word' id='word_1_1093' title='bbox 1798 1252 1897 1273; x_wconf 82' lang='lat' dir='ltr'>increata</span> <span class='ocrx_word' id='word_1_1094' title='bbox 1921 1255 1955 1274; x_wconf 83' lang='lat' dir='ltr'>cst</span> <span class='ocrx_word' id='word_1_1095' title='bbox 1975 1252 2012 1274; x_wconf 85' lang='lat' dir='ltr'>lux</span> <span class='ocrx_word' id='word_1_1096' title='bbox 2034 1257 2076 1279; x_wconf 89' lang='lat' dir='ltr'>per</span> <span class='ocrx_word' id='word_1_1097' title='bbox 2101 1257 2136 1274; x_wconf 85' lang='lat' dir='ltr'>es-</span> 
     </span>
     <span class='ocr_line' id='line_1_173' title="bbox 1570 1291 2135 1318; baseline 0 -6"><span class='ocrx_word' id='word_1_1098' title='bbox 1570 1291 1675 1317; x_wconf 88' lang='lat' dir='ltr'>sentiam,</span> <span class='ocrx_word' id='word_1_1099' title='bbox 1694 1294 1769 1312; x_wconf 78' lang='lat' dir='ltr'>creata</span> <span class='ocrx_word' id='word_1_1100' title='bbox 1787 1297 1828 1318; x_wconf 87' lang='lat' dir='ltr'>per</span> <span class='ocrx_word' id='word_1_1101' title='bbox 1847 1291 2045 1318; x_wconf 80' lang='lat' dir='ltr'>participationem</span> <span class='ocrx_word' id='word_1_1102' title='bbox 2063 1291 2107 1313; x_wconf 77' lang='lat'>563</span> <span class='ocrx_word' id='word_1_1103' title='bbox 2123 1297 2135 1312; x_wconf 91' lang='lat' dir='ltr'>a</span> 
     </span>
     <span class='ocr_line' id='line_1_174' title="bbox 1570 1329 2135 1352; baseline 0.002 -1"><span class='ocrx_word' id='word_1_1104' title='bbox 1570 1342 1601 1345; x_wconf 88' lang='lat'>—</span> <span class='ocrx_word' id='word_1_1105' title='bbox 1619 1330 1718 1352; x_wconf 84' lang='lat' dir='ltr'>increata</span> <span class='ocrx_word' id='word_1_1106' title='bbox 1737 1333 1771 1352; x_wconf 84' lang='lat' dir='ltr'>cst</span> <span class='ocrx_word' id='word_1_1107' title='bbox 1789 1329 1891 1352; x_wconf 88' lang='lat' dir='ltr'>Christus</span> <span class='ocrx_word' id='word_1_1108' title='bbox 1913 1330 1953 1352; x_wconf 80' lang='grc'>152</span> <span class='ocrx_word' id='word_1_1109' title='bbox 1966 1337 1978 1352; x_wconf 92' lang='lat' dir='ltr'>a</span> <span class='ocrx_word' id='word_1_1110' title='bbox 1998 1343 2025 1345; x_wconf 97' lang='lat'><strong>—</strong></span> <span class='ocrx_word' id='word_1_1111' title='bbox 2043 1333 2135 1352; x_wconf 89' lang='lat' dir='ltr'>aeterna</span> 
     </span>
     <span class='ocr_line' id='line_1_175' title="bbox 1571 1369 2135 1397; baseline 0 -6"><span class='ocrx_word' id='word_1_1112' title='bbox 1571 1375 1596 1391; x_wconf 81' lang='lat' dir='ltr'>ex</span> <span class='ocrx_word' id='word_1_1113' title='bbox 1615 1369 1687 1391; x_wconf 88' lang='lat' dir='ltr'>tribus</span> <span class='ocrx_word' id='word_1_1114' title='bbox 1705 1369 1833 1391; x_wconf 84' lang='lat' dir='ltr'>rationibus</span> <span class='ocrx_word' id='word_1_1115' title='bbox 1850 1370 1935 1392; x_wconf 91' lang='lat' dir='ltr'>dicitur</span> <span class='ocrx_word' id='word_1_1116' title='bbox 1952 1370 2023 1396; x_wconf 89' lang='lat' dir='ltr'>clara,</span> <span class='ocrx_word' id='word_1_1117' title='bbox 2047 1369 2135 1397; x_wconf 86' lang='lat' dir='ltr'>placida</span> 
     </span>
     <span class='ocr_line' id='line_1_176' title="bbox 1569 1409 2135 1437; baseline 0.002 -7"><span class='ocrx_word' id='word_1_1118' title='bbox 1569 1412 1591 1430; x_wconf 89' lang='lat' dir='ltr'>et</span> <span class='ocrx_word' id='word_1_1119' title='bbox 1607 1409 1707 1430; x_wconf 82' lang='lat' dir='ltr'>incunda</span> <span class='ocrx_word' id='word_1_1120' title='bbox 1726 1409 1771 1431; x_wconf 80' lang='lat'>355</span> <span class='ocrx_word' id='word_1_1121' title='bbox 1788 1415 1800 1430; x_wconf 89' lang='lat' dir='ltr'>a</span> <span class='ocrx_word' id='word_1_1122' title='bbox 1817 1421 1848 1425; x_wconf 91' lang='lat'><strong>—</strong></span> <span class='ocrx_word' id='word_1_1123' title='bbox 1875 1410 1897 1431; x_wconf 87' lang='lat' dir='ltr'>ln</span> <span class='ocrx_word' id='word_1_1124' title='bbox 1922 1409 2035 1437; x_wconf 82' lang='lat' dir='ltr'>sapientia</span> <span class='ocrx_word' id='word_1_1125' title='bbox 2058 1409 2135 1431; x_wconf 81' lang='lat' dir='ltr'>divina</span> 
     </span>
     <span class='ocr_line' id='line_1_177' title="bbox 1570 1448 2135 1476; baseline 0 -6"><span class='ocrx_word' id='word_1_1126' title='bbox 1570 1454 1616 1470; x_wconf 87' lang='lat' dir='ltr'>non</span> <span class='ocrx_word' id='word_1_1127' title='bbox 1634 1451 1669 1470; x_wconf 87' lang='lat' dir='ltr'>cst</span> <span class='ocrx_word' id='word_1_1128' title='bbox 1691 1449 1733 1470; x_wconf 87' lang='lat' dir='ltr'>nisi</span> <span class='ocrx_word' id='word_1_1129' title='bbox 1759 1454 1817 1476; x_wconf 86' lang='lat' dir='ltr'>pura</span> <span class='ocrx_word' id='word_1_1130' title='bbox 1841 1448 1941 1470; x_wconf 87' lang='lat' dir='ltr'>dulcedo</span> <span class='ocrx_word' id='word_1_1131' title='bbox 1966 1451 1989 1470; x_wconf 89' lang='lat' dir='ltr'>et</span> <span class='ocrx_word' id='word_1_1132' title='bbox 2011 1448 2135 1470; x_wconf 86' lang='lat' dir='ltr'>consolatio</span> 
     </span>
     <span class='ocr_line' id='line_1_178' title="bbox 1571 1487 2135 1515; baseline -0.004 -5"><span class='ocrx_word' id='word_1_1133' title='bbox 1571 1488 1617 1510; x_wconf 83' lang='grc'>525</span> <span class='ocrx_word' id='word_1_1134' title='bbox 1635 1494 1647 1509; x_wconf 86' lang='lat' dir='ltr'>a</span> <span class='ocrx_word' id='word_1_1135' title='bbox 1664 1500 1695 1504; x_wconf 91' lang='lat'>—</span> <span class='ocrx_word' id='word_1_1136' title='bbox 1712 1488 1789 1509; x_wconf 70' lang='lat' dir='ltr'>divina</span> <span class='ocrx_word' id='word_1_1137' title='bbox 1808 1490 1902 1515; x_wconf 79' lang='lat' dir='ltr'>generat</span> <span class='ocrx_word' id='word_1_1138' title='bbox 1919 1487 2094 1510; x_wconf 85' lang='lat' dir='ltr'>delectationem</span> <span class='ocrx_word' id='word_1_1139' title='bbox 2113 1487 2135 1509; x_wconf 92' lang='lat' dir='ltr'>in</span> 
     </span>
     <span class='ocr_line' id='line_1_179' title="bbox 1569 1527 2135 1555; baseline -0.002 -6"><span class='ocrx_word' id='word_1_1140' title='bbox 1569 1534 1597 1549; x_wconf 88' lang='lat' dir='ltr'>eo</span> <span class='ocrx_word' id='word_1_1141' title='bbox 1614 1527 1654 1555; x_wconf 87' lang='lat' dir='ltr'>qui</span> <span class='ocrx_word' id='word_1_1142' title='bbox 1672 1527 1691 1548; x_wconf 89' lang='lat' dir='ltr'>ci</span> <span class='ocrx_word' id='word_1_1143' title='bbox 1711 1533 1751 1554; x_wconf 59' lang='lat' dir='ltr'>ptvr</span> <span class='ocrx_word' id='word_1_1144' title='bbox 1776 1532 1879 1548; x_wconf 88' lang='lat' dir='ltr'>amorem</span> <span class='ocrx_word' id='word_1_1145' title='bbox 1906 1527 1982 1548; x_wconf 88' lang='lat' dir='ltr'>unitur</span> <span class='ocrx_word' id='word_1_1146' title='bbox 2010 1527 2053 1548; x_wconf 80' lang='grc'>408</span> <span class='ocrx_word' id='word_1_1147' title='bbox 2071 1532 2083 1548; x_wconf 85' lang='grc'>11</span> <span class='ocrx_word' id='word_1_1148' title='bbox 2103 1538 2135 1543; x_wconf 87' lang='lat'>——</span> 
     </span>
     <span class='ocr_line' id='line_1_180' title="bbox 1571 1565 2014 1589; baseline -0.002 -1"><span class='ocrx_word' id='word_1_1149' title='bbox 1571 1567 1628 1588; x_wconf 89' lang='lat' dir='ltr'>Vide</span> <span class='ocrx_word' id='word_1_1150' title='bbox 1646 1567 1713 1588; x_wconf 86' lang='lat' dir='ltr'>ctiam</span> <span class='ocrx_word' id='word_1_1151' title='bbox 1734 1566 1761 1588; x_wconf 65' lang='lat' dir='ltr'>Y.</span> <span class='ocrx_word' id='word_1_1152' title='bbox 1779 1565 1887 1589; x_wconf 68' lang='lat' dir='ltr'>Christus</span> <span class='ocrx_word' id='word_1_1153' title='bbox 1904 1569 1926 1588; x_wconf 89' lang='lat' dir='ltr'>et</span> <span class='ocrx_word' id='word_1_1154' title='bbox 1945 1566 2014 1588; x_wconf 66' lang='lat' dir='ltr'>Deus.</span> 
     </span>
    </p>

    <p class='ocr_par' dir='ltr' id='par_1_46' title="bbox 1568 1604 2136 2060">
     <span class='ocr_line' id='line_1_181' title="bbox 1617 1604 2135 1632; baseline -0.002 -5"><span class='ocrx_word' id='word_1_1155' title='bbox 1617 1618 1647 1621; x_wconf 97' lang='lat'><strong>—</strong></span> <span class='ocrx_word' id='word_1_1156' title='bbox 1665 1605 1747 1627; x_wconf 85' lang='lat' dir='ltr'>dicitur</span> <span class='ocrx_word' id='word_1_1157' title='bbox 1765 1611 1777 1626; x_wconf 86' lang='lat' dir='ltr'>a</span> <span class='ocrx_word' id='word_1_1158' title='bbox 1794 1611 1877 1632; x_wconf 86' lang='lat' dir='ltr'>sapore</span> <span class='ocrx_word' id='word_1_1159' title='bbox 1895 1605 1939 1626; x_wconf 84' lang='lat'>630</span> <span class='ocrx_word' id='word_1_1160' title='bbox 1959 1604 1973 1627; x_wconf 91' lang='lat' dir='ltr'>b</span> <span class='ocrx_word' id='word_1_1161' title='bbox 1991 1617 2021 1620; x_wconf 97' lang='lat'><strong>—</strong></span> <span class='ocrx_word' id='word_1_1162' title='bbox 2047 1607 2081 1627; x_wconf 86' lang='lat' dir='ltr'>est</span> <span class='ocrx_word' id='word_1_1163' title='bbox 2098 1606 2135 1626; x_wconf 87' lang='lat' dir='ltr'>ha-</span> 
     </span>
     <span class='ocr_line' id='line_1_182' title="bbox 1570 1644 2136 1673; baseline -0.002 -6"><span class='ocrx_word' id='word_1_1164' title='bbox 1570 1645 1631 1667; x_wconf 81' lang='lat' dir='ltr'>bitus</span> <span class='ocrx_word' id='word_1_1165' title='bbox 1648 1645 1803 1667; x_wconf 84' lang='lat' dir='ltr'>nobilissimus</span> <span class='ocrx_word' id='word_1_1166' title='bbox 1816 1645 1910 1671; x_wconf 89' lang='lat' dir='ltr'>mentis,</span> <span class='ocrx_word' id='word_1_1167' title='bbox 1928 1650 1975 1673; x_wconf 88' lang='lat' dir='ltr'>quo</span> <span class='ocrx_word' id='word_1_1168' title='bbox 1988 1644 2063 1666; x_wconf 86' lang='lat' dir='ltr'>anima</span> <span class='ocrx_word' id='word_1_1169' title='bbox 2081 1650 2136 1672; x_wconf 85' lang='lat' dir='ltr'>qua-</span> 
     </span>
     <span class='ocr_line' id='line_1_183' title="bbox 1570 1683 2135 1711; baseline -0.002 -5"><span class='ocrx_word' id='word_1_1170' title='bbox 1570 1684 1704 1711; x_wconf 80' lang='lat' dir='ltr'>drupliciter</span> <span class='ocrx_word' id='word_1_1171' title='bbox 1721 1684 1856 1706; x_wconf 76' lang='lat' dir='ltr'>sublevatur</span> <span class='ocrx_word' id='word_1_1172' title='bbox 1874 1684 1917 1705; x_wconf 75' lang='lat'>468</span> <span class='ocrx_word' id='word_1_1173' title='bbox 1932 1683 1953 1705; x_wconf 90' lang='lat' dir='ltr'>b.</span> <span class='ocrx_word' id='word_1_1174' title='bbox 1973 1683 2017 1705; x_wconf 86' lang='lat'>469</span> <span class='ocrx_word' id='word_1_1175' title='bbox 2034 1689 2046 1705; x_wconf 85' lang='lat' dir='ltr'>a</span> <span class='ocrx_word' id='word_1_1176' title='bbox 2058 1695 2088 1699; x_wconf 92' lang='lat'>—</span> <span class='ocrx_word' id='word_1_1177' title='bbox 2101 1686 2135 1705; x_wconf 89' lang='lat' dir='ltr'>est</span> 
     </span>
     <span class='ocr_line' id='line_1_184' title="bbox 1570 1723 2134 1751; baseline -0.002 -6"><span class='ocrx_word' id='word_1_1178' title='bbox 1570 1724 1605 1746; x_wconf 85' lang='lat' dir='ltr'>lux</span> <span class='ocrx_word' id='word_1_1179' title='bbox 1623 1723 1747 1751; x_wconf 86' lang='lat' dir='ltr'>spiritualis</span> <span class='ocrx_word' id='word_1_1180' title='bbox 1764 1723 1808 1745; x_wconf 81' lang='grc'>563</span> <span class='ocrx_word' id='word_1_1181' title='bbox 1827 1729 1838 1745; x_wconf 86' lang='grc'>11</span> <span class='ocrx_word' id='word_1_1182' title='bbox 1857 1736 1885 1738; x_wconf 91' lang='grc'><strong>-</strong></span> <span class='ocrx_word' id='word_1_1183' title='bbox 1906 1727 1940 1745; x_wconf 86' lang='lat' dir='ltr'>est</span> <span class='ocrx_word' id='word_1_1184' title='bbox 1962 1723 2063 1750; x_wconf 81' lang='lat' dir='ltr'>cognitio</span> <span class='ocrx_word' id='word_1_1185' title='bbox 2081 1728 2134 1744; x_wconf 85' lang='lat' dir='ltr'>cau-</span> 
     </span>
     <span class='ocr_line' id='line_1_185' title="bbox 1568 1762 2133 1785; baseline -0.002 -1"><span class='ocrx_word' id='word_1_1186' title='bbox 1568 1769 1646 1785; x_wconf 80' lang='lat' dir='ltr'>sarum</span> <span class='ocrx_word' id='word_1_1187' title='bbox 1664 1763 1826 1784; x_wconf 88' lang='lat' dir='ltr'>altissimarum</span> <span class='ocrx_word' id='word_1_1188' title='bbox 1844 1762 1888 1784; x_wconf 72' lang='grc'>556</span> <span class='ocrx_word' id='word_1_1189' title='bbox 1907 1769 1918 1784; x_wconf 87' lang='lat' dir='ltr'>a</span> <span class='ocrx_word' id='word_1_1190' title='bbox 1936 1774 1967 1778; x_wconf 97' lang='lat'><strong>—</strong></span> <span class='ocrx_word' id='word_1_1191' title='bbox 1987 1762 2090 1784; x_wconf 87' lang='lat' dir='ltr'>consistit</span> <span class='ocrx_word' id='word_1_1192' title='bbox 2112 1762 2133 1783; x_wconf 94' lang='lat' dir='ltr'>in</span> 
     </span>
     <span class='ocr_line' id='line_1_186' title="bbox 1569 1801 2135 1829; baseline -0.002 -5"><span class='ocrx_word' id='word_1_1193' title='bbox 1569 1802 1663 1824; x_wconf 86' lang='lat' dir='ltr'>scientia</span> <span class='ocrx_word' id='word_1_1194' title='bbox 1681 1802 1823 1824; x_wconf 80' lang='lat' dir='ltr'>occultorum</span> <span class='ocrx_word' id='word_1_1195' title='bbox 1842 1804 1864 1824; x_wconf 86' lang='lat' dir='ltr'>et</span> <span class='ocrx_word' id='word_1_1196' title='bbox 1881 1801 2030 1829; x_wconf 86' lang='lat' dir='ltr'>praescientia</span> <span class='ocrx_word' id='word_1_1197' title='bbox 2050 1802 2135 1823; x_wconf 82' lang='lat' dir='ltr'>futuro-</span> 
     </span>
     <span class='ocr_line' id='line_1_187' title="bbox 1568 1840 2134 1869; baseline -0.002 -7"><span class='ocrx_word' id='word_1_1198' title='bbox 1568 1847 1620 1862; x_wconf 88' lang='lat' dir='ltr'>rum</span> <span class='ocrx_word' id='word_1_1199' title='bbox 1639 1841 1684 1863; x_wconf 76' lang='lat'>583</span> <span class='ocrx_word' id='word_1_1200' title='bbox 1702 1840 1717 1862; x_wconf 93' lang='lat' dir='ltr'>b</span> <span class='ocrx_word' id='word_1_1201' title='bbox 1741 1853 1769 1856; x_wconf 83' lang='lat'>—</span> <span class='ocrx_word' id='word_1_1202' title='bbox 1792 1843 1826 1863; x_wconf 85' lang='lat' dir='ltr'>est</span> <span class='ocrx_word' id='word_1_1203' title='bbox 1848 1841 1967 1869; x_wconf 86' lang='lat' dir='ltr'>quoddam</span> <span class='ocrx_word' id='word_1_1204' title='bbox 1989 1840 2078 1862; x_wconf 88' lang='lat' dir='ltr'>initium</span> <span class='ocrx_word' id='word_1_1205' title='bbox 2099 1846 2134 1862; x_wconf 87' lang='lat' dir='ltr'>sa-</span> 
     </span>
     <span class='ocr_line' id='line_1_188' title="bbox 1569 1878 2135 1908; baseline -0.002 -6"><span class='ocrx_word' id='word_1_1206' title='bbox 1569 1880 1675 1908; x_wconf 84' lang='lat' dir='ltr'>pientiae,</span> <span class='ocrx_word' id='word_1_1207' title='bbox 1693 1886 1752 1908; x_wconf 83' lang='lat' dir='ltr'>quae</span> <span class='ocrx_word' id='word_1_1208' title='bbox 1770 1880 1812 1902; x_wconf 87' lang='lat' dir='ltr'>erit</span> <span class='ocrx_word' id='word_1_1209' title='bbox 1829 1880 1917 1902; x_wconf 80' lang='lat' dir='ltr'>Sanctis</span> <span class='ocrx_word' id='word_1_1210' title='bbox 1929 1879 1951 1901; x_wconf 91' lang='lat' dir='ltr'>in</span> <span class='ocrx_word' id='word_1_1211' title='bbox 1969 1879 2077 1907; x_wconf 89' lang='lat' dir='ltr'>paradiso</span> <span class='ocrx_word' id='word_1_1212' title='bbox 2089 1878 2135 1901; x_wconf 75' lang='grc'>524</span> 
     </span>
     <span class='ocr_line' id='line_1_189' title="bbox 1571 1918 2134 1947; baseline -0.004 -6"><span class='ocrx_word' id='word_1_1213' title='bbox 1571 1926 1583 1941; x_wconf 91' lang='lat' dir='ltr'>a</span> <span class='ocrx_word' id='word_1_1214' title='bbox 1609 1932 1638 1935; x_wconf 82' lang='lat'>-</span> <span class='ocrx_word' id='word_1_1215' title='bbox 1662 1919 1758 1947; x_wconf 87' lang='lat' dir='ltr'>pertinet</span> <span class='ocrx_word' id='word_1_1216' title='bbox 1782 1919 1811 1941; x_wconf 84' lang='lat' dir='ltr'>ad</span> <span class='ocrx_word' id='word_1_1217' title='bbox 1836 1919 1907 1941; x_wconf 73' lang='lat' dir='ltr'>vitam</span> <span class='ocrx_word' id='word_1_1218' title='bbox 1932 1918 2134 1946; x_wconf 85' lang='lat' dir='ltr'>contemplativam</span> 
     </span>
     <span class='ocr_line' id='line_1_190' title="bbox 1570 1957 2135 1986; baseline -0.002 -6"><span class='ocrx_word' id='word_1_1219' title='bbox 1570 1959 1615 1981; x_wconf 89' lang='grc'>523</span> <span class='ocrx_word' id='word_1_1220' title='bbox 1633 1958 1647 1981; x_wconf 89' lang='grc'>1)</span> <span class='ocrx_word' id='word_1_1221' title='bbox 1665 1971 1695 1974; x_wconf 94' lang='grc'><strong>-</strong></span> <span class='ocrx_word' id='word_1_1222' title='bbox 1711 1958 1842 1986; x_wconf 66' lang='lat' dir='ltr'>Sapientiae</span> <span class='ocrx_word' id='word_1_1223' title='bbox 1854 1958 1941 1980; x_wconf 88' lang='lat' dir='ltr'>donum</span> <span class='ocrx_word' id='word_1_1224' title='bbox 1959 1957 2100 1985; x_wconf 79' lang='lat' dir='ltr'>significatur</span> <span class='ocrx_word' id='word_1_1225' title='bbox 2112 1957 2135 1979; x_wconf 92' lang='lat' dir='ltr'>in</span> 
     </span>
     <span class='ocr_line' id='line_1_191' title="bbox 1569 1996 2135 2025; baseline -0.004 -5"><span class='ocrx_word' id='word_1_1226' title='bbox 1569 1998 1719 2025; x_wconf 87' lang='lat' dir='ltr'>conceptione</span> <span class='ocrx_word' id='word_1_1227' title='bbox 1737 1997 1849 2020; x_wconf 82' lang='lat' dir='ltr'>Elisabeth</span> <span class='ocrx_word' id='word_1_1228' title='bbox 1871 1998 1915 2019; x_wconf 86' lang='lat'>666</span> <span class='ocrx_word' id='word_1_1229' title='bbox 1934 1996 1948 2019; x_wconf 90' lang='lat' dir='ltr'>b</span> <span class='ocrx_word' id='word_1_1230' title='bbox 1973 2009 2004 2013; x_wconf 92' lang='lat'>—</span> <span class='ocrx_word' id='word_1_1231' title='bbox 2029 1996 2135 2024; x_wconf 88' lang='lat' dir='ltr'>designat</span> 
     </span>
     <span class='ocr_line' id='line_1_192' title="bbox 1569 2036 1781 2060; baseline -0.009 0"><span class='ocrx_word' id='word_1_1232' title='bbox 1569 2036 1684 2060; x_wconf 90' lang='lat' dir='ltr'>Christum</span> <span class='ocrx_word' id='word_1_1233' title='bbox 1704 2037 1747 2059; x_wconf 81' lang='lat'>388</span> <span class='ocrx_word' id='word_1_1234' title='bbox 1767 2036 1781 2059; x_wconf 88' lang='lat' dir='ltr'>b</span> 
     </span>
    </p>

    <p class='ocr_par' dir='ltr' id='par_1_47' title="bbox 1568 2075 2135 2530">
     <span class='ocr_line' id='line_1_193' title="bbox 1616 2075 2135 2104; baseline -0.002 -6"><span class='ocrx_word' id='word_1_1235' title='bbox 1616 2088 1646 2092; x_wconf 89' lang='lat'>—</span> <span class='ocrx_word' id='word_1_1236' title='bbox 1663 2080 1697 2098; x_wconf 89' lang='lat' dir='ltr'>est</span> <span class='ocrx_word' id='word_1_1237' title='bbox 1709 2076 1822 2104; x_wconf 82' lang='lat' dir='ltr'>optimum</span> <span class='ocrx_word' id='word_1_1238' title='bbox 1836 2076 1857 2098; x_wconf 93' lang='lat' dir='ltr'>in</span> <span class='ocrx_word' id='word_1_1239' title='bbox 1871 2075 1963 2097; x_wconf 89' lang='lat' dir='ltr'>homine</span> <span class='ocrx_word' id='word_1_1240' title='bbox 1975 2075 2000 2097; x_wconf 83' lang='grc'>31</span> <span class='ocrx_word' id='word_1_1241' title='bbox 2022 2081 2035 2097; x_wconf 88' lang='lat' dir='ltr'>a</span> <span class='ocrx_word' id='word_1_1242' title='bbox 2055 2087 2081 2090; x_wconf 90' lang='lat'><em>—</em></span> <span class='ocrx_word' id='word_1_1243' title='bbox 2095 2076 2135 2097; x_wconf 84' lang='lat' dir='ltr'>Sa-</span> 
     </span>
     <span class='ocr_line' id='line_1_194' title="bbox 1569 2114 2134 2142; baseline -0.002 -6"><span class='ocrx_word' id='word_1_1244' title='bbox 1569 2115 1667 2142; x_wconf 86' lang='lat' dir='ltr'>pientiae</span> <span class='ocrx_word' id='word_1_1245' title='bbox 1685 2116 1772 2137; x_wconf 87' lang='lat' dir='ltr'>donum</span> <span class='ocrx_word' id='word_1_1246' title='bbox 1791 2118 1825 2137; x_wconf 89' lang='lat' dir='ltr'>est</span> <span class='ocrx_word' id='word_1_1247' title='bbox 1847 2116 1967 2137; x_wconf 81' lang='lat' dir='ltr'>thesaurus</span> <span class='ocrx_word' id='word_1_1248' title='bbox 1991 2120 2073 2141; x_wconf 82' lang='lat' dir='ltr'>verus,</span> <span class='ocrx_word' id='word_1_1249' title='bbox 2095 2114 2134 2142; x_wconf 88' lang='lat' dir='ltr'>qui</span> 
     </span>
     <span class='ocr_line' id='line_1_195' title="bbox 1569 2153 2135 2176; baseline -0.002 0"><span class='ocrx_word' id='word_1_1250' title='bbox 1569 2154 1678 2176; x_wconf 86' lang='lat' dir='ltr'>occultari</span> <span class='ocrx_word' id='word_1_1251' title='bbox 1691 2153 1759 2176; x_wconf 78' lang='lat' dir='ltr'>debet</span> <span class='ocrx_word' id='word_1_1252' title='bbox 1771 2154 1815 2176; x_wconf 84' lang='lat'>666</span> <span class='ocrx_word' id='word_1_1253' title='bbox 1829 2153 1844 2175; x_wconf 90' lang='lat' dir='ltr'>b</span> <span class='ocrx_word' id='word_1_1254' title='bbox 1860 2166 1890 2170; x_wconf 88' lang='lat'>—</span> <span class='ocrx_word' id='word_1_1255' title='bbox 1907 2156 1941 2175; x_wconf 87' lang='lat' dir='ltr'>est</span> <span class='ocrx_word' id='word_1_1256' title='bbox 1959 2153 2027 2175; x_wconf 86' lang='lat' dir='ltr'>totius</span> <span class='ocrx_word' id='word_1_1257' title='bbox 2044 2153 2135 2175; x_wconf 88' lang='lat' dir='ltr'>animae</span> 
     </span>
     <span class='ocr_line' id='line_1_196' title="bbox 1569 2193 2135 2221; baseline -0.002 -6"><span class='ocrx_word' id='word_1_1258' title='bbox 1569 2193 1708 2221; x_wconf 71' lang='lat' dir='ltr'>completiva</span> <span class='ocrx_word' id='word_1_1259' title='bbox 1731 2196 1753 2215; x_wconf 89' lang='lat' dir='ltr'>et</span> <span class='ocrx_word' id='word_1_1260' title='bbox 1778 2193 1921 2215; x_wconf 77' lang='lat' dir='ltr'>moderatira</span> <span class='ocrx_word' id='word_1_1261' title='bbox 1947 2193 1993 2214; x_wconf 90' lang='grc'>310</span> <span class='ocrx_word' id='word_1_1262' title='bbox 2011 2198 2023 2214; x_wconf 85' lang='lat' dir='ltr'>a</span> <span class='ocrx_word' id='word_1_1263' title='bbox 2048 2204 2079 2209; x_wconf 86' lang='lat'>—</span> <span class='ocrx_word' id='word_1_1264' title='bbox 2101 2195 2135 2214; x_wconf 88' lang='lat' dir='ltr'>est</span> 
     </span>
     <span class='ocr_line' id='line_1_197' title="bbox 1569 2232 2135 2259; baseline -0.004 -4"><span class='ocrx_word' id='word_1_1265' title='bbox 1569 2233 1705 2255; x_wconf 85' lang='lat' dir='ltr'>suavissima</span> <span class='ocrx_word' id='word_1_1266' title='bbox 1725 2233 1769 2259; x_wconf 79' lang='lat' dir='ltr'>lux,</span> <span class='ocrx_word' id='word_1_1267' title='bbox 1787 2236 1809 2254; x_wconf 93' lang='lat' dir='ltr'>et</span> <span class='ocrx_word' id='word_1_1268' title='bbox 1834 2236 1902 2254; x_wconf 86' lang='lat' dir='ltr'>nutus</span> <span class='ocrx_word' id='word_1_1269' title='bbox 1920 2232 1969 2254; x_wconf 83' lang='lat' dir='ltr'>eius</span> <span class='ocrx_word' id='word_1_1270' title='bbox 1993 2235 2047 2254; x_wconf 90' lang='lat' dir='ltr'>sunt</span> <span class='ocrx_word' id='word_1_1271' title='bbox 2066 2238 2135 2254; x_wconf 86' lang='lat' dir='ltr'>omne</span> 
     </span>
     <span class='ocr_line' id='line_1_198' title="bbox 1569 2271 2134 2295; baseline -0.004 0"><span class='ocrx_word' id='word_1_1272' title='bbox 1569 2276 1727 2295; x_wconf 87' lang='lat' dir='ltr'>creaturarum</span> <span class='ocrx_word' id='word_1_1273' title='bbox 1752 2272 1823 2294; x_wconf 88' lang='lat' dir='ltr'>decus</span> <span class='ocrx_word' id='word_1_1274' title='bbox 1850 2271 1890 2293; x_wconf 88' lang='grc'>104</span> <span class='ocrx_word' id='word_1_1275' title='bbox 1911 2271 1934 2293; x_wconf 88' lang='grc'>1).</span> <span class='ocrx_word' id='word_1_1276' title='bbox 1957 2271 2001 2293; x_wconf 49' lang='grc' dir='ltr'>Ἰ105</span> <span class='ocrx_word' id='word_1_1277' title='bbox 2024 2277 2037 2292; x_wconf 88' lang='grc'>11</span> <span class='ocrx_word' id='word_1_1278' title='bbox 2059 2283 2089 2287; x_wconf 94' lang='grc'>-</span> <span class='ocrx_word' id='word_1_1279' title='bbox 2112 2271 2134 2293; x_wconf 89' lang='lat' dir='ltr'>ln</span> 
     </span>
     <span class='ocr_line' id='line_1_199' title="bbox 1569 2310 2135 2340; baseline -0.004 -6"><span class='ocrx_word' id='word_1_1280' title='bbox 1569 2312 1680 2340; x_wconf 87' lang='lat' dir='ltr'>sapientia</span> <span class='ocrx_word' id='word_1_1281' title='bbox 1706 2315 1740 2333; x_wconf 88' lang='lat' dir='ltr'>est</span> <span class='ocrx_word' id='word_1_1282' title='bbox 1762 2311 1924 2338; x_wconf 77' lang='lat' dir='ltr'>luciformitas,</span> <span class='ocrx_word' id='word_1_1283' title='bbox 1947 2310 2135 2338; x_wconf 85' lang='lat' dir='ltr'>pulcriformitas‚</span> 
     </span>
     <span class='ocr_line' id='line_1_200' title="bbox 1569 2350 2135 2378; baseline -0.004 -5"><span class='ocrx_word' id='word_1_1284' title='bbox 1569 2351 1695 2373; x_wconf 89' lang='lat' dir='ltr'>amoenitas</span> <span class='ocrx_word' id='word_1_1285' title='bbox 1712 2354 1734 2373; x_wconf 84' lang='lat' dir='ltr'>et</span> <span class='ocrx_word' id='word_1_1286' title='bbox 1751 2350 1835 2372; x_wconf 84' lang='lat' dir='ltr'>utilitas</span> <span class='ocrx_word' id='word_1_1287' title='bbox 1853 2350 1880 2372; x_wconf 71' lang='lat'>83</span> <span class='ocrx_word' id='word_1_1288' title='bbox 1895 2350 1909 2371; x_wconf 93' lang='lat' dir='ltr'>b</span> <span class='ocrx_word' id='word_1_1289' title='bbox 1927 2363 1955 2366; x_wconf 94' lang='lat'>—</span> <span class='ocrx_word' id='word_1_1290' title='bbox 1973 2350 2062 2376; x_wconf 78' lang='lat' dir='ltr'>Anima,</span> <span class='ocrx_word' id='word_1_1291' title='bbox 2075 2355 2135 2378; x_wconf 84' lang='lat' dir='ltr'>quae</span> 
     </span>
     <span class='ocr_line' id='line_1_201' title="bbox 1569 2389 2134 2417; baseline -0.004 -5"><span class='ocrx_word' id='word_1_1292' title='bbox 1569 2394 1603 2413; x_wconf 89' lang='lat' dir='ltr'>est</span> <span class='ocrx_word' id='word_1_1293' title='bbox 1627 2390 1751 2412; x_wconf 88' lang='lat' dir='ltr'>illuminata</span> <span class='ocrx_word' id='word_1_1294' title='bbox 1777 2389 1902 2417; x_wconf 73' lang='lat' dir='ltr'>sapientia,</span> <span class='ocrx_word' id='word_1_1295' title='bbox 1928 2392 1962 2411; x_wconf 83' lang='lat' dir='ltr'>est</span> <span class='ocrx_word' id='word_1_1296' title='bbox 1987 2389 2068 2411; x_wconf 81' lang='lat' dir='ltr'>similis</span> <span class='ocrx_word' id='word_1_1297' title='bbox 2093 2389 2134 2411; x_wconf 89' lang='lat' dir='ltr'>soli</span> 
     </span>
     <span class='ocr_line' id='line_1_202' title="bbox 1569 2428 2135 2458; baseline -0.005 -6"><span class='ocrx_word' id='word_1_1298' title='bbox 1569 2433 1663 2458; x_wconf 86' lang='lat' dir='ltr'>propter</span> <span class='ocrx_word' id='word_1_1299' title='bbox 1683 2429 1723 2451; x_wconf 88' lang='lat' dir='ltr'>tria</span> <span class='ocrx_word' id='word_1_1300' title='bbox 1742 2429 1785 2451; x_wconf 85' lang='grc'>523</span> <span class='ocrx_word' id='word_1_1301' title='bbox 1805 2428 1827 2451; x_wconf 85' lang='grc'>1).</span> <span class='ocrx_word' id='word_1_1302' title='bbox 1850 2428 1894 2450; x_wconf 85' lang='grc'>524</span> <span class='ocrx_word' id='word_1_1303' title='bbox 1912 2434 1924 2450; x_wconf 88' lang='lat' dir='ltr'>a</span> <span class='ocrx_word' id='word_1_1304' title='bbox 1952 2441 1980 2444; x_wconf 87' lang='lat'>—-</span> <span class='ocrx_word' id='word_1_1305' title='bbox 2006 2428 2135 2456; x_wconf 84' lang='lat' dir='ltr'>Sapientiae</span> 
     </span>
     <span class='ocr_line' id='line_1_203' title="bbox 1568 2467 2134 2495; baseline -0.004 -4"><span class='ocrx_word' id='word_1_1306' title='bbox 1568 2469 1656 2491; x_wconf 89' lang='lat' dir='ltr'>donum</span> <span class='ocrx_word' id='word_1_1307' title='bbox 1665 2468 1754 2491; x_wconf 80' lang='lat' dir='ltr'>excedit</span> <span class='ocrx_word' id='word_1_1308' title='bbox 1765 2474 1858 2490; x_wconf 87' lang='lat' dir='ltr'>omnem</span> <span class='ocrx_word' id='word_1_1309' title='bbox 1870 2467 2026 2495; x_wconf 84' lang='lat' dir='ltr'>cognoscendi</span> <span class='ocrx_word' id='word_1_1310' title='bbox 2038 2467 2134 2489; x_wconf 82' lang='lat' dir='ltr'>modum</span> 
     </span>
     <span class='ocr_line' id='line_1_204' title="bbox 1570 2507 1647 2530; baseline -0.013 0"><span class='ocrx_word' id='word_1_1311' title='bbox 1570 2508 1614 2530; x_wconf 84' lang='lat'>666</span> <span class='ocrx_word' id='word_1_1312' title='bbox 1632 2507 1647 2529; x_wconf 91' lang='lat' dir='ltr'>b</span> 
     </span>
    </p>

    <p class='ocr_par' dir='ltr' id='par_1_48' title="bbox 1569 2545 2135 2843">
     <span class='ocr_line' id='line_1_205' title="bbox 1616 2545 2134 2573; baseline -0.004 -4"><span class='ocrx_word' id='word_1_1313' title='bbox 1616 2559 1646 2563; x_wconf 92' lang='grc'>--</span> <span class='ocrx_word' id='word_1_1314' title='bbox 1665 2547 1735 2569; x_wconf 81' lang='lat' dir='ltr'>Nemo</span> <span class='ocrx_word' id='word_1_1315' title='bbox 1753 2548 1787 2568; x_wconf 91' lang='lat' dir='ltr'>est</span> <span class='ocrx_word' id='word_1_1316' title='bbox 1805 2549 1849 2568; x_wconf 88' lang='lat' dir='ltr'>tam</span> <span class='ocrx_word' id='word_1_1317' title='bbox 1865 2545 1958 2573; x_wconf 86' lang='lat' dir='ltr'>sapiens</span> <span class='ocrx_word' id='word_1_1318' title='bbox 1975 2545 1996 2567; x_wconf 90' lang='lat' dir='ltr'>in</span> <span class='ocrx_word' id='word_1_1319' title='bbox 2015 2546 2057 2567; x_wconf 86' lang='lat' dir='ltr'>hac</span> <span class='ocrx_word' id='word_1_1320' title='bbox 2075 2545 2134 2572; x_wconf 78' lang='lat' dir='ltr'>vita,</span> 
     </span>
     <span class='ocr_line' id='line_1_206' title="bbox 1569 2584 2135 2615; baseline -0.004 -7"><span class='ocrx_word' id='word_1_1321' title='bbox 1569 2586 1664 2615; x_wconf 89' lang='lat' dir='ltr'>quinon</span> <span class='ocrx_word' id='word_1_1322' title='bbox 1684 2585 1755 2613; x_wconf 89' lang='lat' dir='ltr'>possit</span> <span class='ocrx_word' id='word_1_1323' title='bbox 1771 2585 1897 2613; x_wconf 81' lang='lat' dir='ltr'>sapientior</span> <span class='ocrx_word' id='word_1_1324' title='bbox 1914 2590 1964 2607; x_wconf 87' lang='lat' dir='ltr'>esse</span> <span class='ocrx_word' id='word_1_1325' title='bbox 1981 2584 2048 2607; x_wconf 81' lang='lat' dir='ltr'>dietis</span> <span class='ocrx_word' id='word_1_1326' title='bbox 2065 2584 2135 2606; x_wconf 91' lang='lat' dir='ltr'>mino-</span> 
     </span>
     <span class='ocr_line' id='line_1_207' title="bbox 1570 2623 2134 2651; baseline -0.004 -4"><span class='ocrx_word' id='word_1_1327' title='bbox 1570 2631 1621 2647; x_wconf 90' lang='lat' dir='ltr'>rum</span> <span class='ocrx_word' id='word_1_1328' title='bbox 1644 2625 1687 2647; x_wconf 84' lang='grc'>456</span> <span class='ocrx_word' id='word_1_1329' title='bbox 1710 2624 1724 2646; x_wconf 92' lang='grc'>1)</span> <span class='ocrx_word' id='word_1_1330' title='bbox 1742 2637 1770 2640; x_wconf 94' lang='grc'>-</span> <span class='ocrx_word' id='word_1_1331' title='bbox 1788 2624 1852 2646; x_wconf 79' lang='lat' dir='ltr'>Prius</span> <span class='ocrx_word' id='word_1_1332' title='bbox 1870 2623 1939 2646; x_wconf 87' lang='lat' dir='ltr'>debet</span> <span class='ocrx_word' id='word_1_1333' title='bbox 1956 2624 2026 2645; x_wconf 92' lang='lat' dir='ltr'>homo</span> <span class='ocrx_word' id='word_1_1334' title='bbox 2043 2623 2134 2651; x_wconf 88' lang='lat' dir='ltr'>impleri</span> 
     </span>
     <span class='ocr_line' id='line_1_208' title="bbox 1570 2663 2133 2692; baseline -0.004 -6"><span class='ocrx_word' id='word_1_1335' title='bbox 1570 2664 1651 2692; x_wconf 89' lang='lat' dir='ltr'>spiritu</span> <span class='ocrx_word' id='word_1_1336' title='bbox 1675 2664 1800 2692; x_wconf 83' lang='lat' dir='ltr'>sapientiae</span> <span class='ocrx_word' id='word_1_1337' title='bbox 1822 2669 1892 2692; x_wconf 86' lang='lat' dir='ltr'>quam</span> <span class='ocrx_word' id='word_1_1338' title='bbox 1911 2663 2001 2690; x_wconf 88' lang='lat' dir='ltr'>aperire</span> <span class='ocrx_word' id='word_1_1339' title='bbox 2023 2669 2048 2684; x_wconf 91' lang='lat' dir='ltr'>os</span> <span class='ocrx_word' id='word_1_1340' title='bbox 2065 2668 2133 2684; x_wconf 86' lang='lat' dir='ltr'>suum</span> 
     </span>
     <span class='ocr_line' id='line_1_209' title="bbox 1570 2702 2133 2731; baseline -0.004 -6"><span class='ocrx_word' id='word_1_1341' title='bbox 1570 2703 1599 2725; x_wconf 90' lang='grc'>64</span> <span class='ocrx_word' id='word_1_1342' title='bbox 1617 2710 1628 2725; x_wconf 87' lang='lat' dir='ltr'>a</span> <span class='ocrx_word' id='word_1_1343' title='bbox 1647 2716 1677 2720; x_wconf 93' lang='lat'>—</span> <span class='ocrx_word' id='word_1_1344' title='bbox 1694 2709 1776 2731; x_wconf 77' lang='lat' dir='ltr'>magna</span> <span class='ocrx_word' id='word_1_1345' title='bbox 1795 2706 1829 2725; x_wconf 90' lang='lat' dir='ltr'>est</span> <span class='ocrx_word' id='word_1_1346' title='bbox 1851 2703 1910 2724; x_wconf 88' lang='lat' dir='ltr'>scire</span> <span class='ocrx_word' id='word_1_1347' title='bbox 1932 2702 2047 2724; x_wconf 81' lang='lat' dir='ltr'>desectum</span> <span class='ocrx_word' id='word_1_1348' title='bbox 2065 2707 2133 2723; x_wconf 89' lang='lat' dir='ltr'>suum</span> 
     </span>
     <span class='ocr_line' id='line_1_210' title="bbox 1570 2740 2134 2770; baseline -0.004 -6"><span class='ocrx_word' id='word_1_1349' title='bbox 1570 2743 1613 2764; x_wconf 89' lang='grc'>609</span> <span class='ocrx_word' id='word_1_1350' title='bbox 1632 2749 1644 2764; x_wconf 83' lang='grc'>11</span> <span class='ocrx_word' id='word_1_1351' title='bbox 1663 2755 1691 2758; x_wconf 83' lang='lat'>—</span> <span class='ocrx_word' id='word_1_1352' title='bbox 1710 2742 1806 2770; x_wconf 80' lang='lat' dir='ltr'>Sapiens</span> <span class='ocrx_word' id='word_1_1353' title='bbox 1823 2741 1919 2770; x_wconf 86' lang='lat' dir='ltr'>quilibet</span> <span class='ocrx_word' id='word_1_1354' title='bbox 1941 2741 1961 2762; x_wconf 91' lang='grc'>111</span> <span class='ocrx_word' id='word_1_1355' title='bbox 1987 2740 2047 2763; x_wconf 86' lang='lat' dir='ltr'>bono</span> <span class='ocrx_word' id='word_1_1356' title='bbox 2064 2747 2134 2768; x_wconf 83' lang='lat' dir='ltr'>opere</span> 
     </span>
     <span class='ocr_line' id='line_1_211' title="bbox 1569 2779 2134 2808; baseline -0.004 -5"><span class='ocrx_word' id='word_1_1357' title='bbox 1569 2781 1638 2803; x_wconf 75' lang='lat' dir='ltr'>debet</span> <span class='ocrx_word' id='word_1_1358' title='bbox 1650 2781 1797 2803; x_wconf 85' lang='lat' dir='ltr'>considerare</span> <span class='ocrx_word' id='word_1_1359' title='bbox 1806 2780 1972 2808; x_wconf 85' lang='lat' dir='ltr'>operationem,</span> <span class='ocrx_word' id='word_1_1360' title='bbox 1981 2779 2134 2808; x_wconf 84' lang='lat' dir='ltr'>durationem,</span> 
     </span>
     <span class='ocr_line' id='line_1_212' title="bbox 1570 2820 1796 2843; baseline 0 -1"><span class='ocrx_word' id='word_1_1361' title='bbox 1570 2821 1718 2843; x_wconf 66' lang='lat' dir='ltr'>intentionen&#39;i</span> <span class='ocrx_word' id='word_1_1362' title='bbox 1738 2820 1765 2842; x_wconf 82' lang='grc'>27</span> <span class='ocrx_word' id='word_1_1363' title='bbox 1784 2826 1796 2842; x_wconf 89' lang='lat' dir='ltr'>a</span> 
     </span>
    </p>

    <p class='ocr_par' dir='ltr' id='par_1_49' title="bbox 1570 2858 2134 3004">
     <span class='ocr_line' id='line_1_213' title="bbox 1616 2858 2134 2887; baseline -0.004 -5"><span class='ocrx_word' id='word_1_1364' title='bbox 1616 2872 1647 2876; x_wconf 81' lang='lat'>——</span> <span class='ocrx_word' id='word_1_1365' title='bbox 1664 2859 1717 2882; x_wconf 86' lang='lat' dir='ltr'>Eius</span> <span class='ocrx_word' id='word_1_1366' title='bbox 1734 2860 1821 2887; x_wconf 81' lang='lat' dir='ltr'>gradus</span> <span class='ocrx_word' id='word_1_1367' title='bbox 1838 2861 1890 2881; x_wconf 87' lang='lat' dir='ltr'>sunt</span> <span class='ocrx_word' id='word_1_1368' title='bbox 1907 2865 2013 2881; x_wconf 86' lang='lat' dir='ltr'>excessus</span> <span class='ocrx_word' id='word_1_1369' title='bbox 2030 2858 2134 2881; x_wconf 76' lang='lat' dir='ltr'>devotio-</span> 
     </span>
     <span class='ocr_line' id='line_1_214' title="bbox 1570 2897 2133 2926; baseline -0.004 -5"><span class='ocrx_word' id='word_1_1370' title='bbox 1570 2899 1617 2926; x_wconf 85' lang='lat' dir='ltr'>nis,</span> <span class='ocrx_word' id='word_1_1371' title='bbox 1634 2899 1805 2926; x_wconf 87' lang='lat' dir='ltr'>admirationis,</span> <span class='ocrx_word' id='word_1_1372' title='bbox 1828 2898 1983 2921; x_wconf 78' lang='lat' dir='ltr'>exsultationis</span> <span class='ocrx_word' id='word_1_1373' title='bbox 2009 2898 2054 2919; x_wconf 86' lang='grc'>325</span> <span class='ocrx_word' id='word_1_1374' title='bbox 2070 2897 2086 2919; x_wconf 87' lang='lat' dir='ltr'>b</span> <span class='ocrx_word' id='word_1_1375' title='bbox 2104 2910 2133 2913; x_wconf 97' lang='lat'><strong>—</strong></span> 
     </span>
     <span class='ocr_line' id='line_1_215' title="bbox 1572 2937 2134 2965; baseline -0.004 -5"><span class='ocrx_word' id='word_1_1376' title='bbox 1572 2939 1612 2960; x_wconf 72' lang='lat' dir='ltr'>Per</span> <span class='ocrx_word' id='word_1_1377' title='bbox 1630 2939 1671 2960; x_wconf 88' lang='lat' dir='ltr'>hos</span> <span class='ocrx_word' id='word_1_1378' title='bbox 1689 2939 1759 2960; x_wconf 85' lang='lat' dir='ltr'>homo</span> <span class='ocrx_word' id='word_1_1379' title='bbox 1771 2938 1795 2960; x_wconf 79' lang='lat' dir='ltr'>fit</span> <span class='ocrx_word' id='word_1_1380' title='bbox 1808 2937 1933 2960; x_wconf 77' lang='lat' dir='ltr'>conformis</span> <span class='ocrx_word' id='word_1_1381' title='bbox 1944 2937 2057 2965; x_wconf 86' lang='lat' dir='ltr'>superiori</span> <span class='ocrx_word' id='word_1_1382' title='bbox 2075 2937 2134 2958; x_wconf 88' lang='lat' dir='ltr'>hier-</span> 
     </span>
     <span class='ocr_line' id='line_1_216' title="bbox 1570 2976 2134 3004; baseline -0.004 -5"><span class='ocrx_word' id='word_1_1383' title='bbox 1570 2978 1663 3000; x_wconf 85' lang='lat' dir='ltr'>archiae</span> <span class='ocrx_word' id='word_1_1384' title='bbox 1679 2977 1769 2999; x_wconf 88' lang='lat' dir='ltr'>caelesti</span> <span class='ocrx_word' id='word_1_1385' title='bbox 1788 2976 1841 2999; x_wconf 71' lang='lat' dir='ltr'>ibid,</span> <span class='ocrx_word' id='word_1_1386' title='bbox 1853 2989 1883 2993; x_wconf 97' lang='lat'><strong>—</strong></span> <span class='ocrx_word' id='word_1_1387' title='bbox 1896 2977 1990 2998; x_wconf 78' lang='lat' dir='ltr'>Divinae</span> <span class='ocrx_word' id='word_1_1388' title='bbox 2007 2976 2134 3004; x_wconf 87' lang='lat' dir='ltr'>sapientiae</span> 
     </span>
    </p>
   </div>
  </div>
 </body>
</html>
