2269 3448
639 209 737 238 lNDEX
760 208 1000 237 Ahrllilhti'ftctis
1022 207 1098 235 NONl
1124 207 1308 235 vottittlths.

310 249 367 272 lllAlt
387 250 419 278 (11)

89 290 135 312 714
153 296 164 312 a
183 302 212 306 —
231 290 284 311 liam
303 292 372 311 totam
397 288 500 316 implevit
518 288 616 315 Spiritus
633 288 655 309 S.

90 329 171 357 gratia,
182 329 236 357 quia
250 331 319 350 totam
333 334 383 350 eam
402 327 552 349 incanduerat
564 326 657 348 (livinus

89 374 155 390 amor
173 368 217 389 679
230 374 242 389 a
254 379 284 383 —
299 367 319 388 ln
336 373 362 388 en
375 366 430 388 nihil
443 369 491 388 erat
503 365 656 391 mundanum,

89 407 151 436 11111111
165 407 260 428 violaret
271 407 386 433 affectum,
398 405 439 427 sed
452 405 521 427 ardor
533 404 656 426 continuus

90 450 111 468 et
128 446 227 468 ebrietas
245 445 331 473 profusi
349 444 435 466 amoris
447 443 502 466 ibid.

138 498 165 501 -—
184 485 264 506 'fauor
281 487 303 506 et
320 489 385 505 amor
403 483 425 505 111
451 489 476 505 611
496 484 586 505 1“1161·11111
604 489 655 504 con-

92 524 160 547 iuncti
184 530 236 546 cum
256 522 379 545 virtutibus
402 521 557 544 cardinalibus
578 522 623 543 716
642 520 657 543 Ι)

90 576 120 580 -
138 562 218 585 habuit
236 562 331 584 virtutes
349 562 477 584 cardinales
489 565 510 583 et
525 560 657 588 operativas

90 603 223 625 coniunctas
241 608 294 623 cum
312 600 498 629 contemplatitis
522 606 562 628 per
579 600 657 621 carita-

91 645 136 664 tem
155 642 198 663 6311
218 641 232 663 b
250 652 280 657 —-
298 641 320 662 ln
339 646 364 662 ea
384 641 476 662 fuerunt
498 639 594 661 virtutes
610 645 657 661 rar·

90 681 187 709 dinalcs,
200 683 222 702 et
239 680 260 702 in
273 683 385 708 quantum
400 679 504 707 politicae
517 681 539 700 et
552 679 572 700 in
584 684 656 706 quan-

91 724 138 742 tutn
157 719 294 747 purgativae
311 721 330 740 et
350 718 371 740 in
389 721 501 746 quantum
520 717 564 739 iam
577 723 657 744 expur-

91 759 136 787 gali
154 758 225 780 animi
244 758 288 779 60:⁴5
308 757 322 779 b
343 769 373 773 —
391 757 485 779 Notatur
511 756 560 778 eius
585 757 657 783 prol'c-

91 801 141 820 ctus
169 797 189 819 in
219 797 325 820 exercitio
359 796 469 818 virtutum
505 795 654 817 cardinalium

91 837 136 859 709
155 837 169 859 b

138 889 168 893 —
185 882 268 898 anrmn
287 882 298 897 a
317 875 389 902 Magis
405 874 508 897 oblatum
522 874 585 896 dedit
603 880 657 901 pau-

92 915 187 944 peribus
206 915 249 937 159
267 921 279 937 a
297 927 327 931 —
345 917 432 943 quanto
453 913 528 941 magis
546 913 586 935 fuit
604 919 658 940 pau-

93 961 141 983 per,
153 958 215 977 tanto
229 954 304 982 magis
319 954 359 976 t'uit
376 954 433 976 levis
450 960 476 975 111·
493 953 599 975 sublimis
611 952 656 974 707

92 994 105 1016 b
125 1006 155 1010 —
174 994 214 1016 t'uit
235 995 349 1021 perfectae
371 992 461 1015 virtutis
484 995 506 1014 et
529 991 657 1020 profundae

91 1033 224 1055 humilitatis
241 1032 286 1054 715
306 1032 319 1054 b
335 1033 396 1054 ——ln
414 1038 439 1054 ea
458 1031 549 1054 iunctae
567 1032 657 1053 suerunt

91 1073 191 1100 dignitas
209 1075 230 1094 ct
248 1071 364 1094 humilitas
381 1072 426 1093 669
444 1077 455 1092 a
469 1083 498 1087 --
511 1071 564 1093 liius
582 1072 658 1092 fecun-

93 1112 186 1135 ditatem
211 1111 333 1133 comitatur
354 1110 474 1138 virginitas
497 1113 519 1132 et
541 1109 658 1132 humilitas

93 1152 138 1173 663
156 1151 171 1173 b
188 1163 218 1167 —
236 1156 279 1172 nec
296 1150 439 1178 virginitate,
457 1155 500 1171 nee
513 1149 657 1176 fecunditate,

92 1196 134 1213 nec
152 1194 250 1218 utroque
268 1190 344 1211 iuncto
365 1195 390 1211 se
413 1188 533 1211 extollebat
550 1188 580 1210 94
598 1194 609 1210 a
629 1200 658 1204 -

91 1230 143 1252 licet
167 1230 236 1251 lllater
262 1229 302 1251 Dei
327 1232 399 1255 esset,
423 1229 518 1256 parvula
542 1228 563 1250 in
585 1227 658 1250 oculis

91 1269 139 1291 suis
162 1275 212 1291 esse
234 1269 306 1299 voluit
331 1269 375 1290 696
394 1268 409 1290 b
431 1280 461 1284 —
484 1270 532 1290 erat
549 1267 656 1289 altissima

91 1309 114 1330 in
131 1311 256 1336 conspectu
275 1307 355 1330 divino
373 1310 395 1329 et
413 1307 509 1335 parvula
526 1307 548 1328 in
561 1312 658 1334 conspe-

92 1350 129 1370 ctu
147 1354 189 1369 suo
212 1347 252 1369 124
272 1346 286 1369 b
302 1359 333 1363 —
350 1347 380 1369 de
397 1346 443 1369 sola
468 1346 595 1368 humilitate
612 1346 657 1373 glo-

93 1387 163 1409 riatur
182 1387 226 1408 627
245 1386 259 1408 b

139 1438 169 1442 —-
195 1432 236 1453 per
265 1426 416 1448 humilitatem
446 1425 532 1447 invenit
560 1425 656 1452 gratiam

91 1466 136 1488 595
156 1465 170 1487 b
186 1477 217 1481 —
235 1471 277 1493 per
294 1465 445 1487 humilitatem
469 1464 511 1486 t'uit
527 1464 609 1486 idonea
629 1464 656 1486 ad

90 1504 224 1527 sustinenda
243 1504 302 1526 dona
321 1504 398 1526 divina
417 1503 462 1526 715
481 1503 495 1525 b
512 1515 542 1519 —-
561 1509 601 1531 per
620 1504 658 1525 hu-

91 1544 208 1566 militatem
227 1543 337 1571 disposita
357 1544 397 1565 t'uit
412 1543 440 1565 ad
454 1549 546 1565 omnem
560 1543 657 1570 gratiam

91 1583 136 1605 669
154 1590 166 1605 a
187 1596 214 1598 —
234 1583 275 1605 tuit
292 1583 364 1610 gratia
383 1583 462 1610 plena,
481 1582 534 1610 quia
559 1582 600 1604 tuit
619 1583 658 1604 1111-

92 1623 186 1644 millima
213 1623 253 1644 681
284 1622 299 1644 b
318 1635 346 1637 —
372 1628 397 1644 se
421 1622 525 1643 humiliat
550 1624 572 1643 et
597 1621 659 1643 Deus

91 1668 142 1684 eam
161 1662 242 1684 exaltat
259 1661 304 1683 694
323 1661 337 1683 b
349 1673 380 1677 —
393 1661 536 1683 Parvificatio
554 1661 590 1682 sui
607 1667 659 1689 per-

91 1701 154 1723 venit
172 1707 246 1730 usque
271 1701 299 1723 ad
322 1700 498 1728 conceptionem
522 1700 562 1722 Dei
581 1700 625 1722 696
644 1699 658 1722 b

91 1753 122 1757 —
140 1744 234 1769 propter
252 1740 403 1762 humilitatem
419 1739 503 1762 missus
520 1742 554 1761 est
565 1739 594 1762 ad
607 1745 658 1761 eam

91 1779 182 1803 Gabriel
199 1783 221 1802 et
238 1780 307 1802 Filius
325 1779 365 1801 Dei
383 1780 455 1801 factus
472 1783 505 1801 est
523 1779 592 1801 Filius
609 1779 659 1801 eius

92 1819 136 1841 627
157 1820 170 1841 b

139 1871 171 1875 —
194 1858 371 1880 commendatur
392 1860 505 1887 qnantum
531 1858 560 1880 ad
586 1858 658 1885 perfe-

92 1898 190 1921 ctionem
218 1898 278 1920 vitae
302 1897 391 1920 activae
420 1901 442 1919 et
467 1897 659 1925 contemplativae

91 1937 136 1960 648
155 1937 169 1959 b
187 1950 216 1953 —
234 1940 329 1965 propter
348 1937 469 1965 puritatem
483 1937 594 1958 virtutum
607 1942 658 1958 con-

92 1977 279 2005 templativarum
297 1979 446 2004 comparatur
463 1982 520 1998 auro
538 1976 582 1998 638
601 1975 616 1997 b
628 1988 658 1992 —

92 2019 186 2044 propter
203 2015 368 2044 perfectionem
396 2015 508 2037 virtutum
530 2015 658 2043 operativa-

91 2061 143 2078 rum
163 2059 311 2083 comparatur
329 2058 424 2082 argento
443 2054 496 2077 ibid.

140 2107 168 2111 —-
186 2101 278 2122 semper
295 2094 470 2122 supercaelestia
484 2094 601 2122 cogitabat
613 2095 657 2116 699

92 2140 104 2156 a
121 2146 153 2151 -
169 2140 211 2162 per
224 2134 395 2156 meditationem
408 2132 524 2156 ferebatur
536 2133 596 2155 circa
608 2140 659 2156 cen-

91 2176 152 2196 trum
171 2173 318 2195 humanitatis
341 2175 456 2195 assumtae
473 2173 518 2194 7l0
536 2179 548 2194 a
569 2185 599 2189 —
622 2173 658 2194 ha·

92 2213 142 2235 buit
158 2213 291 2235 continuam
310 2212 527 2240 contemplationem
545 2215 567 2234 et
580 2212 657 2234 mitem

92 2252 290 2275 conversationem
317 2252 345 2273 36
364 2257 375 2273 a
393 2263 424 2267 -—-
447 2257 474 2273 eo
497 2251 560 2279 quod
579 2250 659 2273 habuit

92 2292 217 2319 perfectam
241 2291 282 2313 Dei
307 2290 525 2318 contemplationem
549 2293 571 2311 et
588 2290 658 2311 incar-

93 2330 191 2353 nationis
218 2330 387 2357 cognitionem,
405 2329 491 2351 excellit
520 2329 658 2356 Prophetas,

92 2370 200 2392 loannem
218 2369 345 2397 Baptistam
370 2372 392 2391 et
415 2368 514 2396 Angelos
535 2368 581 2390 704
599 2374 610 2390 a
628 2380 659 2383 —

93 2410 185 2438 qualem
208 2408 425 2436 contemplationem
451 2407 558 2430 habuerit
581 2407 603 2429 in
622 2407 658 2429 via

92 2447 147 2471 ibid.

139 2499 169 2504 ——
187 2487 228 2509 fuit
244 2487 364 2514 speculum
384 2486 493 2508 idoneum
506 2486 535 2508 ad
548 2486 659 2513 recipien-

93 2527 146 2549 dam
165 2526 335 2548 irradiationem
362 2525 465 2547 divinam
487 2525 532 2547 699
555 2525 570 2547 1)
587 2537 618 2541 -
637 2526 658 2547 ln

92 2572 118 2588 ea
137 2568 228 2588 notatur
245 2565 349 2587 omnium
363 2565 544 2587 necessariorum
558 2564 658 2592 cognitio

93 2606 137 2627 689
156 2605 170 2627 b
187 2617 217 2621 —
234 2605 257 2627 ln
274 2611 301 2626 ea
320 2605 360 2626 fuit
377 2604 492 2633 quidquid
515 2608 549 2626 est
569 2604 659 2632 saporis

92 2645 128 2667 vel
153 2644 249 2672 sapidae
271 2644 408 2671 cognitionis
430 2643 476 2665 704
499 2643 513 2665 b
535 2655 566 2659 —
589 2649 659 2671 quan-

93 2688 141 2706 tum
160 2683 189 2705 ad
206 2683 342 2711 sapientiam
361 2683 449 2705 excedit
463 2683 611 2705 luculentiam
624 2689 660 2704 so-

94 2723 120 2745 lis
137 2723 182 2744 699
201 2722 215 2744 b

142 2774 170 2777 —
188 2761 293 2789 Cognitio
311 2767 355 2783 non
380 2761 421 2783 fuit
446 2761 488 2789 ipsi
514 2761 544 2783 ad
567 2764 659 2789 tempus

94 2801 172 2823 collata
191 2801 227 2823 vel
245 2806 286 2828 per
304 2800 399 2823 modum
418 2804 510 2828 raptus,
528 2800 568 2822 sed
587 2800 659 2822 conti-

93 2847 137 2863 nua
156 2844 178 2862 et
196 2846 236 2868 per
254 2840 351 2862 modum
368 2839 452 2867 quietis
464 2839 510 2861 704
522 2845 534 2860 a
547 2852 578 2856 —
589 2845 659 2868 quan-

94 2884 142 2902 tum
160 2879 208 2901 sine
226 2879 339 2907 personali
366 2880 450 2901 unione
471 2882 590 2901 creaturae
607 2884 659 2900 con-

94 2919 150 2942 ditio
168 2919 264 2946 patitur,
281 2918 324 2941 luci
344 2918 492 2940 inaccessibili
510 2918 602 2940 videtur
620 2918 659 2940 im-

95 2965 169 2981 mersa
188 2959 232 2980 699
252 2957 273 2980 b.
290 2958 336 2980 717
354 2957 369 2980 b
387 2971 416 2973 —
434 2958 502 2986 Quod
519 2958 565 2979 sola
576 2964 618 2985 per
635 2964 660 2980 se

94 2998 193 3020 Trinitas
210 2999 233 3021 in
252 2999 298 3021 sola
316 3001 339 3020 et
363 3004 416 3020 cum
443 2998 489 3020 sola
509 2997 605 3025 Virgine
621 3003 660 3019 voa

954 246 987 275 (ὕ)

690 287 731 309 11111
748 286 852 314 operari,
870 286 910 307 soli
928 286 1007 307 datum
1026 289 1060 307 est
1078 292 1157 313 nosse,
1170 284 1205 306 rui
1219 285 1256 307 da·

691 329 738 348 tnm
756 328 788 347 est
807 325 906 352 experiri
923 325 968 346 701
986 331 998 346 a
1017 337 1046 340 Ἠ
1066 324 1087 346 111
1114 324 1159 346 lide
1177 324 1256 346 instrui

690 371 735 387 non
754 364 852 391 indiguit
869 364 913 385 703
934 363 948 385 b
966 376 994 379 —
1013 364 1064 385 ideo
1084 370 1124 385 nec
1137 363 1256 389 transllgu·

691 403 770 426 rationi
789 403 902 429 interfuit,
921 409 963 424 ncc
981 402 1056 430 aliqua
1075 402 1095 423 ci
1114 405 1166 430 post
1183 408 1257 423 resur-

691 443 814 465 rectionem
834 444 890 464 facta
910 442 950 464 fuit
967 441 1080 469 apparitio
1099 440 1152 463 ibid.

737 494 768 498 —
777 482 851 509 legem
863 480 978 508 Evangelii
989 479 1143 502 conservabat
1155 480 1176 501 in
1187 480 1257 502 corde

690 527 732 543 suo
750 521 794 543 7l7
814 527 824 542 a
845 533 874 536 m
892 520 946 542 Aliis
971 519 1143 546 dubitantibus,
1161 519 1182 540 in
1209 519 1256 546 ipsa

690 560 761 582 solida
778 563 800 581 et
818 560 953 581 inconeussa
967 559 1049 580 mansit
1061 558 1207 585 intelligentia
1221 564 1257 580 vc·

691 599 762 621 ritatis
788 598 816 621 ib.
840 605 865 625 a,
889 598 903 620 11
926 611 954 614 —
981 597 1060 620 habuit
1086 597 1255 625 intelligentiam

691 639 748 666 legis
765 638 931 666 speculativam
949 640 971 659 et
990 637 1113 665 practicam
1131 636 1160 659 ib.
1187 636 1201 658 b
1227 649 1257 652 —

692 679 714 700 ln
732 684 757 700 ca
784 677 907 699 duodecim
934 676 1021 699 articuli
1045 676 1148 704 Symboli
1165 682 1257 698 conser-

691 717 737 739 vati
755 718 846 739 suerunt

691 760 780 778 ctorum
800 755 844 777 65t
863 762 873 777 a
892 768 922 771 —
940 755 1062 783 Apostolos
1078 754 1179 777 erudivit
1196 758 1217 776 et
1234 755 1257 776 il-

691 795 812 817 luminavit.
828 795 873 816 700
892 801 903 816 a

739 847 768 850 »-
787 834 843 856 inter
869 833 972 861 virgines
994 833 1082 855 obtinet
1101 833 1256 861 principatum

692 874 736 895 1383
756 873 769 895 b
786 885 815 889 —
834 873 875 895 soli
895 873 941 895 Deo
960 873 980 894 in
999 872 1136 899 virginitatis
1159 872 1257 900 puritate.

691 913 781 940 placere
806 912 878 934 voluit
904 912 949 934 fisi-2
972 918 983 933 a
1006 924 1037 928 -
1063 912 1103 934 l'uit
1121 912 1225 939 elongata
1244 918 1254 932 a

691 951 821 974 carnalibus
839 951 1033 979 concupiscentiis
1050 951 1094 972 669
1112 957 1123 972 a
1142 963 1172 967 —
1191 951 1212 972 ln
1231 956 1256 972 ea

692 991 746 1013 nihil
764 996 812 1013 erat
829 991 858 1013 de
876 991 951 1012 calore
969 990 1171 1017 concupiscentiae
1188 990 1232 1011 699
1245 996 1256 1011 a

692 1044 721 1046 —
740 1031 780 1052 fuit
796 1032 916 1052 exonerata
934 1036 946 1051 a
966 1029 1069 1057 pondere
1087 1029 1224 1051 carnalitatis
1237 1032 1257 1051 et

691 1072 831 1098 sequestrata
850 1076 861 1091 a
880 1069 987 1096 contagio
1005 1068 1160 1096 corruptionis
1179 1068 1225 1090 715
1243 1067 1257 1089 1)

738 1121 769 1125 --
785 1108 864 1131 habuit
875 1108 1042 1136 speciositatem
1055 1108 1185 1135 virgineam
1200 1108 1258 1129 intus

691 1152 713 1171 et
730 1152 792 1170 extra
810 1149 855 1170 660
873 1154 884 1169 a
898 1160 928 1163 —
941 1148 1013 1175 Virgo
1025 1152 1073 1169 crat
1085 1152 1161 1175 carne⁷
1174 1150 1258 1174 mente,

693 1188 846 1216 professione,
872 1187 953 1215 spiritu
977 1190 999 1209 et
1020 1192 1118 1214 corpore
1144 1185 1173 1209 ib.
1196 1185 1210 1208 b
1227 1198 1258 1202 --

692 1234 752 1256 quae
770 1227 809 1249 Dei
828 1229 891 1249 erant
909 1226 1025 1254 cogitabat
1042 1225 1096 1249 ibid.
1118 1238 1148 1242 —
1165 1225 1258 1253 virgini-

692 1267 743 1289 tatis
760 1270 840 1289 votum
860 1266 933 1294 prima
952 1266 1063 1293 expressit
1075 1266 1120 1287 669
1133 1272 1145 1287 a
1163 1265 1257 1287 —ideo

693 1307 773 1329 idonea
792 1308 840 1328 erat
857 1305 946 1328 caelesti
973 1306 1063 1333 Sponso
1081 1304 1184 1332 copulari
1202 1303 1257 1327 ibid.

691 1358 722 1362 —
747 1345 872 1372 Virginitas
896 1346 916 1366 in
942 1351 968 1366 ea
995 1345 1035 1366 suit
1063 1344 1184 1372 dispositio
1207 1350 1259 1366 con-

692 1391 749 1413 grua
767 1385 797 1407 ad
814 1384 988 1412 conceptionem
1009 1383 1078 1406 Verbi
1097 1384 1142 1405 660
1160 1390 1171 1404 a

741 1437 769 1440 —
787 1424 840 1446 Eius
858 1424 934 1452 pudor
951 1428 985 1446 est
1002 1423 1125 1445 inviolatus
1143 1423 1187 1444 ‘282
1200 1429 1212 1444 a
1229 1435 1258 1438 —

693 1464 802 1486 Summae
820 1464 945 1485 honestatis
958 1462 1075 1490 plenitudo
1087 1468 1138 1483 cam
1156 1462 1258 1489 pulcram

694 1502 745 1525 fecit
762 1503 823 1524 intus
840 1505 861 1524 et
879 1505 940 1524 extra
957 1502 1002 1524 716
1021 1508 1032 1523 a

739 1555 769 1557 —
786 1548 868 1564 01111165
884 1541 996 1563 alliciebat
1013 1541 1043 1563 ad
1055 1541 1196 1563 sanctitatem
1214 1540 1254 1562 641

694 1581 708 1603 11
726 1594 754 1597 —-
772 1580 880 1603 omnibus
898 1584 931 1603 est
947 1581 1078 1608 exemplum
1091 1585 1112 1602 et
1124 1580 1216 1607 signum
1230 1580 1258 1602 ad

693 1621 845 1643 salvationem
869 1621 897 1642 36
916 1626 927 1642 a
949 1633 979 1635 —
996 1619 1064 1642 nobis
1088 1619 1204 1647 proposita
1226 1622 1260 1641 est

693 1660 716 1682 in
734 1660 854 1688 speculum
877 1659 1020 1681 innocentiae
1042 1659 1086 1681 558
1105 1665 1116 1680 a
1134 1671 1165 1674 —-
1183 1659 1260 1681 Exem-

694 1700 743 1727 plar
762 1699 801 1721 suit
819 1699 941 1725 castitatis,
956 1698 1098 1726 paupertatis
1114 1701 1136 1720 et
1149 1698 1259 1720 humilita-

694 1739 721 1761 tis
739 1738 783 1760 637
803 1738 817 1760 b
834 1750 865 1754 —
882 1741 915 1760 est
933 1738 1050 1765 exemplar
1063 1737 1131 1760 totius
1144 1737 1260 1759 humilita-

694 1778 733 1805 tis,
753 1778 855 1806 pietatiS,
873 1777 1038 1805 religiositatis,
1060 1776 1160 1798 caritatis
1182 1776 1226 1798 1144
1245 1775 1260 1798 b

692 1829 723 1834 —-
740 1820 774 1839 est
792 1817 901 1845 magistra
920 1816 1052 1838 humititatis
1069 1816 1113 1838 7l8
1133 1815 1147 1837 b

740 1868 770 1872 —
788 1856 828 1878 fuit
845 1856 962 1884 exemplar
979 1855 1084 1883 puritatis
1102 1855 1258 1877 ministrorum

871 716 899 738 ad
927 716 1074 738 refectionem
1092 715 1197 737 omnium
1217 715 1257 737 do-

693 1896 806 1918 Ecclesiae
829 1896 873 1917 638
897 1901 908 1916 a
935 1907 966 1911 —
991 1894 1158 1922 perfectissime
1180 1894 1261 1916 habuit

692 1942 773 1958 omnes
799 1935 895 1957 virtutes
918 1933 971 1956 ibid.
996 1947 1022 1949 —
1041 1937 1075 1956 est
1092 1934 1208 1961 exemplar
1225 1939 1260 1955 re-

693 1975 822 2003 gulativum
841 1974 983 1996 hierarchiae
1001 1973 1168 1995 ecclesiasticae
1185 1972 1230 1995 637
1245 1972 1260 1994 b

693 2026 723 2031 —-
740 2014 807 2036 docet
824 2020 867 2036 nos
884 2013 980 2035 obedire
997 2013 1051 2035 Filio
1063 2019 1106 2034 sno
1118 2013 1200 2034 aflectu
1214 2012 1260 2034 ani-
1276 2033 1277 2039 ,

693 2054 789 2080 vet-sali,
815 2054 883 2075 affatu
909 2053 1015 2079 salutari,
1043 2053 1123 2074 eti'ectu
1150 2051 1259 2074 laudabili

697 2093 738 2115 182
757 2099 782 2119 a,
800 2092 815 2114 b
833 2105 863 2108 —
885 2091 982 2114 libenter
1003 2094 1037 2114 est
1058 2091 1188 2117 audienda,
1206 2090 1259 2119 quia

693 2139 745 2155 raro
763 2133 837 2154 locuta
856 2132 925 2154 fuisse
942 2131 1057 2153 invenitur
1075 2130 1104 2153 z'b.
1124 2130 1139 2152 b

739 2184 771 2188 —
788 2177 907 2200 nunquam
926 2170 1019 2193 recessit
1037 2176 1048 2192 a
1067 2170 1144 2192 medio
1162 2169 1260 2196 virtutis,

693 2211 808 2237 veritatis,
826 2210 950 2232 honestatis
973 2209 1002 2231 94
1024 2215 1036 2231 a
1056 2221 1083 2224 —
1102 2209 1162 2230 Deus
1188 2208 1260 2236 digito

694 2250 807 2278 potentiae
826 2249 937 2277 appendit
954 2255 1005 2271 eam
1024 2248 1045 2270 in
1061 2248 1138 2270 medio
1156 2248 1260 2274 virtutis,

693 2289 766 2317 digito
784 2289 909 2317 sapientiae
928 2288 948 2309 in
968 2287 1045 2309 medio
1063 2286 1173 2313 veritatis,
1185 2287 1259 2314 digito

693 2328 858 2351 sanctimoniae
875 2328 896 2349 in
916 2327 993 2349 medio
1011 2326 1136 2348 honestatis
1158 2325 1212 2348 ibid.
1229 2338 1260 2342 —

693 2368 745 2391 nulli
764 2367 861 2390 cedebat
879 2366 1007 2393 tentationi,
1025 2366 1078 2388 nulli
1098 2371 1199 2394 unquam
1212 2370 1260 2387 suc-

692 2407 773 2430 cubuit
795 2406 933 2429 tribulationi
957 2405 1011 2428 ibid.
1035 2418 1066 2421 —
1087 2405 1128 2427 suit
1149 2404 1212 2426 arida
1231 2403 1260 2426 ab

692 2447 755 2469 omni
773 2446 905 2468 carnalitate
922 2448 944 2467 et
965 2446 1043 2467 favore
1061 2444 1192 2466 mundanae
1210 2449 1260 2471 pro-

693 2486 795 2514 prietatis
812 2484 865 2508 ibid.

724 2525 738 2547 5
758 2538 784 2541 —
803 2525 941 2553 desponsata
967 2524 1008 2546 fuit
1026 2524 1119 2551 loseph,
1137 2526 1161 2545 ut
1178 2522 1260 2544 melius

692 2568 797 2587 servaret
814 2564 969 2587 obedientiam
983 2563 1027 2585 52²2
1041 2562 1056 2584 b
1075 2575 1102 2578 —
1121 2562 1258 2590 desponsata

695 2605 735 2627 fuit
753 2607 847 2632 propter
867 2603 1009 2629 decentiam,
1027 2602 1132 2630 obsequii
1150 2606 1260 2629 opportu-

693 2644 799 2669 nitatem,
816 2642 919 2670 mysterii
936 2641 1161 2664 consummationem
1179 2644 1201 2662 et
1224 2646 1260 2662 ra-

693 2683 754 2705 tione
772 2682 915 2710 paupertatis
933 2681 960 2703 98
981 2680 995 2703 b

741 2734 770 2737 —
788 2721 913 2749 Conceptio
933 2720 1035 2748 Virginis
1047 2722 1137 2741 ostensa
1156 2719 1197 2741 fuit
1209 2719 1260 2740 Eze-

692 2761 759 2783 chieli
777 2761 821 2782 663
842 2760 856 2782 b

738 2812 770 2816 —
787 2800 864 2828 Quare
875 2799 903 2821 ad
922 2804 973 2821 eam
987 2798 1071 2820 missus
1085 2798 1152 2819 fuerit
1168 2796 1259 2819 Gabriel

693 2840 738 2862 627
756 2846 776 2867 a,
789 2839 803 2861 b
816 2852 846 2854 —
858 2837 949 2860 Gabriel
967 2838 988 2859 in
1007 2843 1047 2859 sua
1061 2836 1196 2859 salutatione
1208 2842 1258 2857 eam

693 2879 769 2902 reddit
781 2878 929 2903 benevolam,
948 2877 1046 2899 docilem
1059 2879 1081 2898 et
1093 2878 1201 2897 attentam
1215 2874 1258 2896 678

693 2925 706 2940 a
723 2930 753 2935 -—
776 2917 821 2940 Cur
844 2917 864 2939 ei
886 2916 973 2939 dictum
991 2915 1031 2937 sit:
1053 2915 1130 2936 Virtus
1151 2913 1259 2935 Altissimi

693 2956 844 2980 obumbrabit
861 2955 901 2978 tibi
918 2955 963 2977 704
981 2961 992 2976 a
1013 2967 1040 2969 —
1059 2953 1165 2980 credidit,
1177 2959 1201 2975 se
1218 2958 1259 2980 pa-

694 3002 744 3019 rere
762 3002 830 3024 posse
847 3001 889 3023 per
901 2994 940 3016 Dei
954 2993 1079 3022 potentiam
1093 2993 1122 3014 99
1135 2998 1146 3014 a
1157 3004 1187 3008 —
1200 2992 1258 3013 Tan-

1804 210 1853 237 1:3¹)

1521 247 1578 268 1111111
1599 247 1631 274 (55)

1291 288 1326 306 tus
1344 285 1412 306 ardor
1439 285 1538 307 caritatis
1561 285 1652 307 intravit
1677 285 1697 306 in
1724 286 1855 313 Virginem,

1290 324 1366 351 111111111
1385 324 1425 345 nisi
1448 324 1525 346 suisset
1542 324 1689 346 obumbratio
1707 325 1805 352 Spiritus
1826 327 1855 352 5,,

1291 368 1334 384 non
1354 363 1464 390 potuisset
1482 363 1556 390 ipsum
1574 363 1686 385 sustinere
1703 365 1731 384 911
1745 370 1756 384 a
1769 376 1799 380 —
1812 365 1855 385 lau-

1290 401 1354 423 davit
1368 401 1776 424 [1611111116116116116111111111111611111115ι
1790 403 1855 425 'il-211

1337 453 1367 457 -
1385 440 1425 462 11111
1449 441 1511 462 vrlnt
1534 441 1705 469 atptaedurtus,
1724 448 1764 468 pcr
1786 449 1854 469 11116111

1290 479 1318 501 ad
1337 486 1379 501 nos
1396 479 1515 501 descendit
1532 480 1634 501 Christus
1647 480 1691 501 lito
1705 480 1719 501 11
1740 493 1765 495 --
1786 481 1855 507 Virgo

1291 518 1382 546 pariens
1399 519 1541 546 significatur
1560 525 1600 546 per
1624 519 1789 546 pinguedinem
1814 523 1857 541 ter-

1290 564 1329 579 rae
1351 558 1390 579 127
1410 564 1421 579 a
1440 570 1469 574 —
1489 558 1589 585 Virginis
1608 558 1733 579 fecunditas
1750 561 1772 580 et
1792 558 1855 580 nohi-

1291 596 1340 618 titas
1357 597 1492 623 designatur
1510 597 1553 618 sub
1573 598 1706 624 metaphora
1726 600 1805 623 terrae=
1824 604 1856 619 ra-

1291 636 1356 664 dicis,
1375 636 1442 658 fontis
1460 639 1481 658 et
1500 636 1562 658 llurii
1581 637 1609 657 33
1630 636 1643 657 b

1338 687 1368 691 —
1386 675 1434 697 Sul)
1452 676 1587 703 metaphora
1601 675 1697 702 radicis,
1716 675 1806 703 virgae,
1820 676 1857 697 tlo-

1290 714 1321 736 ris
1339 714 1467 736 insinuatur
1480 714 1586 736 nobilitas
1597 714 1757 742 concipientiS,
1771 715 1857 742 puritas

1290 754 1459 781 conceptionis,
1485 753 1613 775 sublimitas
1637 756 1761 781 conceptae
1788 754 1857 775 l’rolis

1291 793 1335 815 657
1353 800 1364 814 a
1384 806 1413 808 —
1433 792 1541 815 Nobilitas
1563 793 1713 821 concipientis
1736 793 1857 815 denotatur

1291 833 1425 859 metaphora
1444 835 1517 854 terrae
1529 832 1692 860 germinantis,
1710 832 1794 854 radicis
1807 832 1856 859 pul·

1290 871 1380 893 lulantis
1397 874 1419 893 et
1442 871 1509 893 sontis
1530 871 1675 893 statutionis
1694 870 1746 893 ibid.
1767 883 1796 887 ——
1814 871 1857 893 Pu-

1291 910 1345 932 t'itas
1364 910 1464 938 Virginis
1476 910 1627 938 concipientis
1650 914 1671 932 61
1689 910 1760 938 ipsius
1778 916 1856 932 conce·

1291 949 1375 977 ptionis
1393 949 1413 971 in
1433 950 1549 977 Scriptura
1568 950 1703 977 designatur
1717 956 1756 977 per
1768 953 1855 977 septem

1292 989 1379 1016 ligat-as
1398 989 1426 1010 33
1444 995 1456 1010 a
1480 1000 1510 1004 —
1529 989 1581 1010 Eius
1603 989 1723 1016 conceptio
1747 988 1857 1010 mirabilis

1291 1028 1387 1056 figurata
1412 1028 1454 1049 snit
1481 1028 1622 1055 metaphoris
1647 1027 1698 1049 rubi
1727 1028 1856 1055 candentis,

1292 1067 1372 1095 virgae
1390 1067 1523 1089 virescentis
1540 1070 1561 1089 61
1580 1067 1669 1089 velleris
1687 1067 1799 1089 madentis
1812 1067 1856 1088 658

1291 1112 1303 1127 a
1315 1118 1346 1122 ·-—
1364 1106 1456 1133 Septem
1470 1105 1589 1132 muliereS‚
1606 1112 1666 1134 quae
1682 1106 1765 1127 virtute
1777 1105 1855 1127 divina

1291 1150 1459 1173 conceperunt,
1478 1145 1527 1167 eius
1551 1145 1649 1172 liguram
1673 1148 1756 1172 gerunt
1780 1145 1823 1166 666
1843 1144 1857 1166 11

1292 1198 1321 1200 -
1343 1184 1469 1212 Conceptio
1494 1184 1597 1211 Virginis
1619 1184 1683 1206 unica
1708 1184 1858 1211 conceptione

1292 1225 1359 1252 plene
1377 1224 1471 1252 figurari
1489 1230 1535 1245 non
1554 1224 1628 1251 potuit
1645 1223 1688 1245 667
1707 1230 1719 1245 a

1340 1276 1370 1279 —
1391 1263 1514 1291 Virgineus
1532 1267 1610 1285 uterus
1629 1263 1742 1285 thalamus
1766 1263 1817 1289 fuit,
1836 1263 1858 1285 in

1292 1310 1339 1332 quo
1356 1306 1451 1325 naturae
1469 1303 1584 1324 hnmanae
1601 1302 1736 1324 coniunctus
1752 1306 1785 1324 cst
1799 1302 1858 1324 Deus

1293 1342 1337 1364 672
1351 1341 1366 1364 b
1383 1354 1413 1358 -——
1427 1342 1528 1369 Virginis
1547 1344 1624 1363 uterus
1641 1345 1674 1363 est
1690 1341 1800 1369 templum
1819 1341 1857 1363 Dei

1294 1382 1372 1405 divina
1392 1381 1492 1409 potentia
1506 1381 1650 1409 fabricatum,
1662 1381 1772 1408 sapientia
1791 1381 1859 1403 ador-

1293 1425 1380 1449 natum,
1390 1421 1462 1448 gratia
1473 1420 1605 1443 dedicatum
1616 1424 1638 1442 et
1648 1420 1775 1448 praesentia
1789 1420 1858 1442 adim-

1293 1461 1379 1489 pletum
1398 1460 1438 1482 65¹
1460 1466 1471 1481 a
1489 1472 1520 1476 —
1539 1460 1597 1481 Haec
1616 1460 1713 1487 figurata
1729 1460 1820 1481 suerunt
1838 1459 1858 1480 in

1293 1500 1379 1527 templo
1398 1499 1527 1521 Salomonis
1543 1498 1599 1521 ibid,
1617 1511 1644 1514 —
1665 1499 1724 1520 Deus
1742 1498 1859 1525 praemisit

1293 1539 1403 1567 Spiritum
1423 1539 1454 1565 5.,
1472 1542 1496 1560 ut
1512 1538 1663 1560 sanctificaret
1683 1538 1734 1559 eius
1754 1541 1858 1565 uterum,

1292 1581 1415 1606 antequam
1434 1577 1502 1599 Filius
1518 1577 1668 1599 descenderet
1681 1577 1720 1598 521
1739 1576 1753 1598 1.)
1766 1589 1792 1592 -
1808 1576 1856 1603 Spi-

1293 1618 1349 1639 ritus
1366 1617 1496 1645 §.replevit
1507 1622 1557 1638 eam
1573 1616 1654 1638 laetitia
1667 1619 1689 1638 et,
1701 1616 1858 1643 exsultatione,

1294 1660 1317 1679 ut
1334 1657 1496 1684 disponeretur
1508 1655 1536 1677 ad
1549 1655 1723 1682 suscipiendum
1742 1654 1856 1677 Christum

1293 1696 1322 1717 98
1341 1695 1355 1717 b
1372 1707 1403 1711 —
1420 1695 1488 1717 Filius
1506 1695 1545 1716 Dei
1563 1693 1667 1716 membra
1692 1693 1792 1721 Virginis
1814 1693 1859 1715 sibi

1295 1735 1435 1757 sanctificata
1453 1737 1475 1756 ct
1493 1733 1643 1755 mundissima
1662 1733 1764 1755 servavit
1781 1732 1824 1754 643
1845 1733 1858 1754 11

1341 1786 1371 1790 -
1390 1774 1442 1795 Ε1115
1461 1773 1587 1795 fecunditas
1605 1773 1647 1794 t'uit
1668 1778 1680 1794 a
1705 1772 1784 1799 gratia,
1805 1777 1858 1793 cuni

1294 1813 1367 1841 gratia
1389 1816 1411 1835 et
1428 1813 1457 1835 ad
1480 1813 1577 1840 gratiam
1597 1811 1641 1833 ast
1659 1817 1671 1833 a
1694 1824 1724 1827 —
1749 1811 1859 1833 Dominus

1294 1853 1358 1875 dedit
1376 1852 1464 1880 Virgini
1483 1851 1619 1878 concipienti
1646 1851 1742 1878 gratiam
1766 1856 1860 1878 praeve-

1294 1893 1402 1919 nientem,
1419 1891 1517 1919 gratiam
1529 1891 1666 1918 dirigentem
1680 1894 1701 1912 et
1718 1890 1815 1917 gratiam
1830 1891 1859 1911 16-

1293 1932 1433 1955 cundantem
1452 1930 1480 1952 37
1499 1930 1514 1952 b
1531 1943 1562 1946 —-
1579 1930 1688 1952 Notantur
1707 1929 1746 1951 tria
1768 1929 1860 1957 privile-

1294 1971 1330 1999 gia
1350 1970 1452 1999 Virginis
1476 1969 1625 1997 concipientis
1648 1968 1701 1991 ibid.
1718 1981 1749 1984 —
1766 1969 1860 1990 Notatur

1296 2010 1396 2038 Virginis
1413 2009 1564 2037 concipientis
1581 2009 1715 2030 intemerata
1734 2007 1861 2029 fecunditas

1294 2053 1316 2072 et
1334 2049 1406 2078 ipsius
1423 2048 1582 2076 conceptionis
1606 2047 1670 2069 beata
1695 2048 1781 2074 puritas
1797 2047 1826 2068 93
1845 2045 1860 2067 1)

1294 2102 1325 2105 -
1342 2088 1422 2116 genuit
1438 2088 1487 2110 sine
1505 2093 1548 2109 vae
1566 2087 1651 2113 damni,
1670 2086 1811 2114 indigentiae
1824 2085 1859 2107 vel

1294 2128 1375 2156 culpae
1393 2128 1438 2149 706
1456 2133 1468 2149 a
1487 2139 1516 2142 —
1535 2127 1556 2148 ln
1578 2126 1728 2153 conceptione
1750 2128 1771 2147 61
1794 2128 1859 2152 partu

1294 2168 1344 2190 eius
1354 2169 1609 2189 enumeranturnovem
1620 2165 1796 2193 praerogativae
1806 2163 1860 2186 ibid.

1294 2219 1324 2223 —-
1338 2207 1359 2228 ln
1372 2206 1422 2228 eius
1434 2205 1572 2228 fecunditate
1590 2205 1643 2226 nihil
1661 2208 1710 2226 crat
1727 2203 1860 2226 defectionis

1295 2246 1339 2268 663
1359 2246 1373 2267 1)
1390 2257 1420 2261 -
1438 2245 1460 2266 111
1478 2245 1513 2266 illa
1541 2247 1612 2266 totum
1631 2246 1679 2265 erat
1702 2243 1797 2265 eximiae
1821 2243 1860 2264 hu-

1295 2284 1408 2311 militatis,
1426 2283 1603 2306 fecundissimae
1626 2282 1761 2310 integritatis
1783 2285 1804 2303 et
1828 2282 1860 2303 iu-

1294 2323 1451 2346 cundissimae
1469 2322 1578 2344 felicitatis
1596 2321 1649 2344 [bid.
1667 2334 1697 2337 —
1715 2321 1787 2348 lpsins
1805 2326 1860 2342 con-

1294 2363 1369 2391 ceptio
1387 2365 1481 2390 propter
1499 2361 1608 2389 triplicem
1628 2361 1739 2382 rationem
1763 2360 1804 2381 fuit
1821 2360 1860 2381 mi-

1294 2402 1372 2425 rabilis
1390 2405 1411 2424 et
1428 2400 1609 2429 supernaturalis
1630 2400 1675 2422 658
1693 2406 1705 2421 a
1728 2412 1758 2414 —
1781 2399 1860 2426 Myste-

1294 2442 1354 2464 riutn
1372 2441 1493 2468 virginalis
1515 2439 1671 2467 conceptionis
1694 2438 1724 2460 ob
1748 2438 1858 2465 triplicem

1294 2481 1406 2503 rationem
1424 2480 1465 2502 t'uit
1477 2478 1619 2506 rationabile,
1631 2477 1766 2500 admirabile
1784 2480 1805 2499 et
1822 2477 1860 2499 de-

1293 2519 1415 2543 siderabile
1432 2520 1476 2540 660
1494 2518 1574 2540 a-665
1591 2524 1602 2539 a

1342 2572 1370 2575 —
1389 2559 1521 2585 incorrupta
1535 2557 1575 2579 suit
1587 2557 1608 2578 in
1621 2559 1742 2584 conceptu,
1755 2556 1775 2577 in
1793 2559 1859 2582 partu

1293 2602 1315 2621 et
1333 2599 1354 2620 in
1367 2603 1492 2626 progressu
1510 2597 1554 2617 663
1569 2595 1583 2617 1)
1598 2608 1628 2612 -
1645 2595 1695 2617 sine
1712 2595 1860 2622 corruptione

1293 2638 1431 2666 virginitatis
1450 2636 1568 2658 l'ecttadata
1582 2638 1616 2657 est
1637 2634 1677 2656 156
1692 2634 1706 2656 b
1718 2646 1748 2650 —
1764 2634 1859 2661 peperit,

1294 2684 1339 2700 non
1356 2680 1464 2704 suscepto
1482 2675 1569 2697 semine
1587 2675 1631 2696 (135
1649 2680 1669 2695 a.
1687 2674 1732 2695 679
1746 2672 1770 2695 b.
1789 2672 1832 2694 717
1847 2679 1858 2694 a

1295 2729 1322 2732 —
1341 2717 1403 2738 Deus
1420 2721 1505 2743 corpus
1517 2714 1603 2742 aptaxit
1615 2713 1704 2736 Christo
1717 2711 1804 2740 absque
1818 2713 1860 2733 hu-

1294 2756 1354 2778 mani
1372 2758 1490 2778 contactus
1507 2754 1591 2775 auxilio
1609 2753 1648 2774 1151
1666 2759 1678 2774 a
1696 2765 1726 2767 —
1743 2752 1792 2773 sine
1810 2751 1859 2773 viro

1293 2799 1316 2817 et
1333 2795 1381 2817 sine
1399 2793 1582 2821 concupiscentia
1601 2791 1707 2819 concepit
1728 2791 1769 2813 135
1784 2797 1795 2812 a

1342 2847 1369 2849 —
1388 2832 1526 2861 germinavit
1544 2832 1684 2853 salvatorem
1709 2830 1731 2852 in
1755 2830 1801 2852 Filii
1821 2830 1859 2851 Dei

1294 2873 1458 2900 conceptione,
1476 2872 1524 2893 solo
1541 2871 1621 2893 divino
1647 2869 1746 2897 imperio
1765 2869 1860 2891 faciente

1293 2913 1337 2934 669
1357 2911 1372 2934 b
1389 2923 1420 2927 —
1437 2910 1543 2938 concepit
1562 2910 1645 2931 virtute
1663 2909 1761 2936 Spiritus
1779 2909 1800 2930 S.
1814 2907 1858 2930 244

1293 2958 1313 2974 a.
1326 2952 1370 2973 282
1383 2957 1395 2973 a
1410 2963 1439 2966 --
1452 2950 1480 2972 de
1495 2949 1622 2972 substantia
1636 2948 1733 2976 Spiritus
1746 2949 1767 2970 S.
1780 2953 1860 2969 semen

1293 2993 1374 3019 partus
1391 2996 1435 3012 non
1459 2989 1559 3017 accepit,
1581 2988 1621 3010 sed
1643 2994 1684 3015 per
1701 2987 1859 3015 operationem
