2269 3448
386 188 422 215 52
1133 185 1346 214 DissERTATlO
1369 185 1396 213 11.

385 266 495 303 quaudo
517 267 611 294 Frater
634 266 741 293 Marcus
769 265 877 293 dicebat
905 265 927 293 ei
958 265 1094 297 convicia,
1125 267 1237 300 propter

384 314 523 351 quinque:
548 314 652 350 primo,
674 313 739 349 quia
770 313 852 340 bomo
878 315 937 340 erat
969 312 1104 349 benignus
1133 315 1160 340 et
1192 319 1237 347 pa—

385 361 470 395 tiens,
493 361 628 394 secundo,
656 360 721 396 quia
744 360 769 388 in
793 360 844 388 boc
866 360 1027 387 imitabatur
1056 359 1166 387 beatum
1191 358 1237 386 Pa-

385 412 454 437 trem
478 408 669 441 Franciscum3
695 407 786 441 tertio,
816 407 882 443 quia
903 406 1045 435 constabat
1070 405 1134 439 sibi,
1163 405 1236 441 1111011

384 464 448 484 eum
472 456 567 483 intime
588 454 733 491 diligebam
755 456 869 491 quarto,
891 453 955 490 quia
979 452 1096 481 babebat
1118 451 1237 480 occasio-

385 503 488 531 sionem
512 502 612 530 vitandi
636 510 733 529 vanam
757 501 889 538 gloriarm
911 500 1017 537 quinto,
1034 499 1099 536 quia
1119 499 1237 527 babebat

384 550 553 579 occasionem
578 550 675 577 melius
697 548 915 585 praevalendi».

464 598 490 625 8.
513 597 637 625 Feliciter
659 601 750 624 autem
766 595 799 623 ad
816 596 898 623 finem
916 594 1048 631 perducta
1064 601 1147 621 causa
1162 593 1237 621 loan-

384 645 427 673 nis
450 644 618 677 Parmensis,
641 652 675 671 ex
701 643 774 670 ltalia
798 641 887 669 redux
914 641 1106 669 Bonaventura
1129 639 1237 667 Parisiis

384 692 488 720 bonum
513 691 654 728 publicum
677 690 788 717 Ordinis
812 688 935 728 meditari
959 695 1116 724 curareque
1142 694 1237 723 prose·
1266 700 1268 705 .

385 738 534 775 quebatur.
557 737 634 774 Quod
657 740 749 765 autem
772 736 831 763 eius
854 731 1000 771 piaidentia
1023 733 1134 770 regendi
1150 736 1177 761 et
1192 741 1237 760 ar-

384 786 451 814 dens
474 785 601 813 voluntas
624 783 789 812 reformandi
814 782 945 810 Ordinem
968 781 1059 809 statim
1093 783 1238 817 perspecta

384 833 469 861 fuerit
491 836 517 860 et
539 832 634 859 oculos
658 830 791 859 Ecclesiae
812 829 844 857 ad
868 837 931 857 eum
951 828 1096 861 direxerit,
1113 830 1186 864 patet
1201 834 1237 855 ex

386 884 426 909 tot
441 880 534 913 Bullis,
551 886 621 915 quae
638 886 701 906 mox
719 878 745 905 in
763 876 897 913 principio
914 875 1054 912 regiminis
1069 875 1239 902 Bonaventu-

386 928 455 956 riani
473 927 498 954 111
516 927 617 955 bonum
631 925 742 953 Ordinis
756 924 878 952 Pontifex
892 923 915 951 ei
934 922 1124 951 transmiserit.
1138 921 1237 949 Eodem

385 975 457 1004 enim
474 982 545 1002 :uilio
563 974 636 1001 1257
650 972 693 1000 die
711 973 745 1000 16
761 971 888 1000 Octobris
905 969 1016 998 viterbii
1034 969 1137 997 intuitu
1153 968 1238 996 Bona-

385 1025 519 1051 venturae
532 1021 647 1057 eiusque
657 1019 768 1047 Ordinis
781 1019 920 1055 publicata
931 1021 972 1046 est
983 1017 1018 1045 ab
1030 1016 1184 1045 Alexandro
1197 1016 1238 1043 lv.

386 1070 476 1098 bulla:
498 1068 647 1097 [latam-sis
666 1066 867 1095 ereetum-ibus
884 1065 1162 1095 testcmzencormn1,·
1184 1071 1238 1091 11011

387 1118 475 1146 multo
498 1120 558 1153 post
579 1115 674 1144 eodem
694 1123 765 1142 anno
780 1117 806 1142 01
823 1121 916 1141 mense
931 1112 974 1140 die
990 1113 1022 1140 2¹1
1042 1112 1095 1140 alia
1111 1111 1174 1140 item
1193 1111 1238 1138 Vi-

387 1164 483 1194 terbii:
517 1163 621 1191 [alecto
642 1162 702 1198 silio
726 1161 831 1189 Fratri
857 1161 1082 1188 Boizctt‘cntttrcte
1109 1157 1240 1196 generali
1268 1194 1270 1199 .

387 1212 521 1240 illiitz'stro
546 1210 666 1238 Ordinis
691 1210 834 1237 Fratrum
856 1208 1004 1236 111111ον001
1017 1207 1038 1240 ²,
1061 1214 1132 1243 quae
1155 1206 1239 1234 Bona-

388 1263 522 1288 venturae
544 1257 678 1287 concessit
700 1257 813 1285 eaiidem
834 1256 991 1284 facultatem
1009 1255 1034 1282 in
1052 1255 1168 1287 Fratres,
1184 1261 1240 1290 qua

387 1307 523 1335 fruuntur
553 1304 755 1333 Poenitentiarii
778 1303 936 1340 apostolici3
964 1310 1028 1330 mox
1051 1301 1145 1330 eodem
1168 1308 1240 1328 anno

388 1354 452 1383 item
486 1352 598 1381 Viterbii
632 1352 675 1380 die
701 1353 709 1379 l
743 1350 918 1383 Decembris,
952 1349 1074 1382 tertia³,
1104 1356 1175 1385 quae
1207 1347 1240 1376 de

390 1400 567 1429 translatione
591 1400 717 1427 Fratrum
746 1398 810 1434 agit.
840 1396 939 1425 Eodem
970 1399 1093 1432 tempore
1121 1394 1241 1423 obtinuit

389 1448 582 1476 Bonavcntura
604 1446 771 1479 facultatem,
787 1444 861 1481 1111011
877 1444 985 1472 Fratres
1004 1446 1115 1480 possent
1137 1442 1241 1470 conses-

388 1495 478 1523 siones
500 1493 684 1522 saecularium
701 1499 884 1529 personarum
899 1491 1038 1527 excipere.
1055 1489 1154 1517 Narrat
1169 1489 1241 1517 enim

389 1542 543 1571 Salimbene
554 1542 579 1568 4z
608 1552 621 1565 «
636 1541 712 1573 Nota,
728 1540 801 1576 quod
818 1540 927 1567 Fratres
942 1539 1060 1566 Minores
1082 1537 1243 1566 habuerunt

388 1589 563 1627 privilegium
587 1597 602 1616 a
628 1588 698 1624 Papa
730 1587 862 1623 Gregorio
884 1586 926 1620 ix,
949 1585 1022 1622 quod
1044 1588 1156 1622 possent
1178 1592 1243 1612 cou-

388 1637 521 1665 fessiones
541 1635 647 1663 audire.
670 1635 765 1663 Frater
788 1634 981 1662 bonaventura
1002 1631 1139 1669 generalis
1165 1631 1242 1659 Mini-

389 1688 445 1713 ster
468 1683 648 1719 interrogavit
671 1683 769 1718 Papam
793 1681 979 1709 Alexandrum
1003 1680 1045 1712 IV,
1067 1682 1163 1707 utrum
1187 1678 1243 1714 pla-

390 1735 465 1761 ceret
486 1731 526 1764 ei,
545 1730 618 1767 1111011
641 1730 750 1758 Fratres
767 1729 883 1757 Minores
899 1727 1083 1756 consessiones
1098 1726 1242 1758 audirentg

390 1782 417 1807 et
438 1779 496 1815 ipse
517 1778 600 1806 dixit:
625 1778 724 1811 ,1111010
746 1777 808 1804 volo
830 1776 949 1812 penitus,
965 1773 1039 1811 quod
1055 1773 1105 1810 ipsi
1121 1773 1242 1806 audiant,

390 1830 417 1854 et
431 1826 519 1854 dicam
538 1825 583 1853 tibi
602 1824 734 1853 horribile
756 1823 916 1859 exemplum
939 1826 966 1850 ct
988 1821 1208 1849 trul'atorium‘...
1226 1832 1238 1844 »

391 1873 476 1901 Simul
500 1872 573 1900 circa
594 1871 664 1899 idem
690 1875 799 1906 tempus
820 1870 853 1897 ad
875 1869 1035 1905 exemplum
1059 1867 1101 1896 sui
1126 1867 1242 1895 Patriar-

391 1920 459 1948 chae
480 1919 590 1955 stringit
612 1919 707 1947 foedus
725 1917 860 1946 amicitiae
876 1925 938 1945 cum
955 1916 1107 1944 1-11101116110
1121 1914 1242 1951 generali

391 1967 520 2003 Magistro
542 1965 653 1993 Ordinis
675 1964 908 1996 Praedffiatorum,
930 1963 1076 1999 divulgans
1098 1962 1148 1990 hac
1171 1961 1196 1989 in
1213 1968 1243 1989 re

392 2014 534 2051 epistolam
568 2014 734 2049 encyclicam
769 2013 865 2040 lectam
900 2019 947 2047 per
969 2018 1064 2038 omnes
1087 2009 1243 2037 Provincias

392 2062 540 2098 utriusque
563 2061 673 2088 Ordinis
685 2060 705 2087 ⁵.

472 2109 543 2136 Dum
568 2109 633 2136 baec
655 2108 764 2143 aliaque
786 2106 872 2134 multa
895 2106 1087 2133 Bonaventura
1108 2104 1178 2141 gerit
1194 2112 1243 2139 pro

393 2156 464 2184 bono
486 2155 606 2187 Ordinis,
623 2155 647 2182 iu
665 2154 876 2182 Universitatem
893 2153 1071 2181 Parisiensem
1092 2151 1243 2179 revertitur

393 2203 524 2240 paulatim
542 2211 607 2239 pax,
622 2205 649 2230 et
665 2202 872 2229 bonaventurae
894 2199 1036 2228 confertur
1052 2198 1095 2226 die
1110 2198 1147 2227 23
1163 2197 1243 2226 Octo-

394 2251 451 2280 bris
477 2252 548 2279 1257
570 2250 688 2286 dignitas
710 2248 842 2285 magistri,
861 2251 893 2276 ut
913 2251 1054 2275 ostensum
1070 2250 1111 2274 est
1126 2245 1243 2282 suprafi.

474 2298 499 2325 9.
523 2298 598 2325 Anno
623 2297 696 2324 ’1258
715 2295 856 2323 descendit
879 2294 948 2322 idem
972 2293 1144 2330 negotiorum
1162 2300 1245 2321 causa

393 2345 495 2373 iterum
512 2344 538 2372 in
556 2344 666 2376 ltaliam,
679 2351 741 2371 cum
759 2342 785 2370 in
802 2342 869 2370 festo
886 2342 1057 2369 Pentecostes
1073 2339 1245 2368 inveniamus

394 2400 457 2420 eum
474 2392 540 2419 Pisis
555 2394 727 2427 praesentem
750 2389 901 2417 fundationi
923 2388 1079 2424 liospitalis3
1103 2387 1221 2415 habetur
1235 2386 1243 2402 ²

459 2501 465 2513 ¹
484 2501 605 2527 SbaraIea,
623 2500 747 2522 Bullarium
766 2499 885 2526 Francisc,
904 2501 958 2519 tom.
978 2498 1000 2518 11.
1019 2503 1071 2525 pag.
1091 2497 1131 2518 251
1153 2502 1201 2524 seq⁴

458 2540 466 2553 ‘2
485 2540 541 2563 lbid.
560 2546 613 2568 pag.

458 2580 467 2592 ³
485 2579 540 2602 lbid.
560 2586 613 2607 pag.

458 2618 468 2631 ⁴
486 2619 610 2645 Chronica,
630 2624 683 2645 pag.
701 2618 724 2639 -2l
736 2618 752 2638 1.
766 2617 869 2638 Facullas
883 2615 974 2637 videtur
992 2621 1043 2637 esse
1055 2620 1163 2636 concessa
1177 2614 1244 2642 paulo

395 2661 448 2680 ante
466 2659 501 2680 xel
520 2658 587 2685 paulo
605 2660 669 2685 post,
685 2656 779 2685 quando
798 2656 956 2677 Bonaveuttira
977 2654 999 2676 111
1022 2654 1081 2676 ltalia
1106 2653 1184 2679 fuerit,
1208 2653 1244 2675 vel

396 2698 480 2720 deinde
497 2697 519 2719 111
537 2703 587 2718 eam
606 2695 758 2720 descenderit,
776 2695 829 2723 quia
848 2696 882 2716 est
898 2696 1005 2716 oretenus
1021 2698 1140 2715 concessa.

460 2736 468 2748 ⁵
485 2736 579 2763 Legitur
597 2737 653 2757 baec
678 2735 773 2762 epistola
798 2734 860 2762 apud
886 2733 907 2755 S.
934 2733 1073 2754 Antoninum
1098 2732 1119 2753 111
1138 2731 1192 2753 Hist.
1212 2731 1244 2753 lll.

397 2778 454 2804 part.
473 2775 505 2797 til.
523 2775 559 2797 23.
578 2781 628 2802 cap.
649 2775 685 2795 13.
702 2776 715 2802 5
733 2773 754 2795 5.
772 2775 794 2794 61
811 2772 873 2800 apud
890 2772 981 2794 Petrum
994 2771 1151 2798 llodulpnium
1164 2777 1176 2792 a
1189 2771 1245 2792 Tos-

397 2816 494 2843 signano
512 2814 533 2836 in
551 2815 606 2836 llist.
624 2814 719 2841 Serapli.
738 2812 818 2839 Relig„
831 2811 879 2834 Lib.
898 2812 911 2833 1.
931 2817 984 2838 pag.
997 2810 1048 2832 307.
1063 2811 1168 2832 Errorem
1181 2811 1245 2832 cliro·

397 2855 531 2883 nologicum
550 2853 673 2881 ltouulpliii
692 2852 745 2874 vide
763 2855 893 2874 cori-ectum
907 2850 969 2878 apud
983 2850 1082 2878 bonelli,
1096 2850 1244 2876 Prodromus,

398 2895 439 2915 col.
457 2894 486 2915 ‘257'
504 2896 550 2915 not.
569 2894 589 2915 9.

461 2931 470 2944 ⁰
488 2933 562 2959 Supra
582 2938 634 2959 pag.
653 2931 681 2953 ltb'
699 2937 747 2959 5611.

461 2969 468 2982 ⁷
489 2972 548 2997 Pisa,
574 2970 689 2993 Cartolare
715 2969 886 2996 dell’Ospedale
912 2974 984 2994 novo,
1011 2967 1139 2990 membran.
1158 2967 1179 2988 111
1207 2967 1243 2988 fol.

399 3016 458 3032 saec.
478 3010 535 3031 XlV.
555 3010 592 3031 sel.
610 3010 646 3030 32.
666 3010 703 3030 fol.
721 3009 732 3030 fi
752 3015 775 3030 v.

631 2540 676 2561 -253
694 2545 760 2567 seqq.

631 2579 684 2601 255.

1295 263 1367 291 enim
1391 264 1608 292 instrumentum
1631 262 1773 299 publicum
1803 262 1837 291 de
1866 262 2024 290 fundatione
2053 262 2146 299 bospi-

1296 310 1356 338 talis
1379 310 1441 338 novi
1465 310 1669 338 misericordiae
1685 310 1710 338 in
1727 310 1837 338 civitate
1860 309 1993 343 Pisarum,
2009 309 2054 337 ubi
2075 310 2146 338 inter

1295 358 1348 385 alia
1370 357 1484 394 legitur:
1512 368 1525 381 «
1541 358 1610 385 Sane
1632 357 1725 385 Frater
1741 357 1934 384 Bonaventura
1949 356 2084 392 generalis
2099 356 2146 384 Mi-

1296 404 1381 433 nister
1404 405 1488 433 totius
1510 404 1621 433 Ordinis
1642 404 1761 432 fratrum
1786 404 1921 432 lilinorum
1954 403 1987 431 de
2020 403 2147 432 mandato

1294 451 1383 479 dictae
1406 451 1492 479 bonae
1515 451 1663 479 memoriae
1678 451 1824 479 Alexandri
1849 451 1935 487 Papae
1957 450 2009 478 iam
2033 450 2096 478 dicti
2119 450 2145 478 in

1296 498 1435 534 praedicta
1456 498 1616 526 fundatione
1638 498 1763 526 interfuit
1785 498 1858 526 etde
1875 497 2002 526 mandato
2023 497 2146 526 eiusdem

1296 544 1399 572 summi
1415 544 1551 573 Pontificis
1566 546 1689 573 omnium
1702 545 1838 573 bonorum
1855 548 1879 573 et
1896 544 2063 578 orationum,
2076 552 2147 580 quae

1296 591 1321 619 in
1344 591 1417 619 dicto
1438 599 1489 620 suo
1511 591 1613 620 Ordine
1629 592 1727 620 fierent
1744 592 1847 628 ubique
1863 600 1912 628 per
1927 600 2024 620 eorum
2041 592 2146 625 domos,

1296 638 1358 666 fecit
1391 638 1536 667 universos
1570 639 1756 668 benefactores
1787 643 1814 668 et
1849 639 1973 675 singulos
2005 639 2147 675 hospitalis

1296 686 1427 722 praedicti
1460 686 1609 722 participes
1637 690 1664 715 et
1693 690 1880 715 consortes».
1913 686 1946 714 Ut
1974 694 2009 714 ex
2045 687 2147 714 instru-

1296 736 1387 761 mento
1410 733 1469 769 ipso
1500 737 1590 769 patet,
1618 733 1757 769 praedicta
1789 733 1912 762 fundatio
1936 734 2026 761 locum
2050 733 2147 761 babuit

1295 779 1338 807 die
1362 780 1534 808 Pentecostes
1555 780 1617 808 anni
1644 781 1726 809 1:³58.

1376 827 1577 861 Bouaventura,
1587 835 1716 856 reversus
1729 828 1854 861 Parisios,
1867 828 1998 856 remansit
2011 827 2045 855 ibi
2060 835 2148 864 usque

1295 874 1328 902 ad
1344 882 1387 902 an.
1403 875 1486 908 1259,
1499 883 1555 911 11110
1570 882 1598 903 se
1615 875 1640 902 in
1657 879 1777 903 montem
1792 875 1923 903 Alvernae
1938 874 2062 902 contulit.
2078 874 2148 902 lute-

1296 921 1347 949 rim
1364 925 1456 949 autem
1473 922 1603 950 continuo
1623 922 1680 950 zelo
1695 929 1726 950 ac
1742 922 1856 950 ferventi
1880 921 2063 950 sollicitudine
2086 929 2148 957 pro-

1296 969 1428 1004 spiciebat
1439 968 1544 1003 Ordini,
1557 969 1603 1005 qui
1617 972 1671 997 tam
1689 969 1714 997 in
1731 969 1908 997 missionibus
1919 977 2031 1005 operam
2048 976 2149 996 navare

1297 1019 1461 1052 prosecutus
1477 1019 1526 1049 est,
1542 1019 1574 1044 ut
1595 1020 1709 1053 apparet
1724 1024 1759 1044 ex
1777 1016 1854 1044 Bulla
1868 1016 2017 1052 apostolica
2032 1015 2149 1044 Alexan-

1296 1063 1337 1091 dri
1356 1064 1396 1091 lv.
1412 1064 1454 1092 die
1473 1065 1506 1091 tt)
1522 1064 1621 1100 Aprilis
1639 1064 1712 1092 1958
1729 1063 1842 1092 Viterbii
1862 1063 1961 1091 emissa
1974 1064 1992 1097 1,
2008 1071 2091 1099 uuam
2108 1063 2149 1090 in-

1298 1115 1339 1139 ter
1361 1111 1455 1139 fideles
1469 1111 1586 1139 diversis
1602 1111 1811 1139 necessitatibus
1827 1111 1983 1139 laborantes
1999 1109 2149 1138 multifarie

1296 1158 1434 1186 auxilium
1457 1158 1529 1186 ferre
1552 1166 1604 1186 non
1627 1158 1739 1190 destitit,
1763 1160 1794 1185 ut
1815 1158 1995 1193 consequitur
2017 1165 2054 1185 ex
2070 1164 2149 1193 prae-

1296 1205 1393 1241 grandi
1416 1213 1534 1233 numero
1556 1205 1706 1233 bullarum.
1722 1205 1788 1233 Nam
1805 1208 1835 1233 ut
1850 1204 1945 1232 Ordini
1963 1204 2165 1240 undequaque·

1297 1256 1475 1288 prospectum
1498 1255 1586 1285 esset,
1608 1252 1651 1280 die
1677 1253 1709 1279 19
1733 1251 1820 1279 lilartii
1859 1252 1929 1279 1258
1960 1250 2072 1279 Viterbii
2101 1258 2149 1286 ap-

1297 1299 1390 1336 paruit
1413 1299 1501 1335 prima
1514 1299 1537 1333 2;
1554 1300 1590 1327 20
1607 1299 1723 1327 ianuarii
1744 1299 1815 1327 1259
1832 1298 1976 1334 Anagniae,
1993 1297 2113 1326 secunda
2125 1297 2148 1331 ³;

1297 1346 1340 1374 die
1362 1347 1399 1374 28
1422 1346 1544 1375 eiusdem
1568 1346 1670 1375 mensis
1691 1346 1811 1382 annique
1838 1346 1902 1374 item
1925 1346 2075 1382 Anagniae,
2098 1348 2150 1373 ter-

1298 1394 1334 1422 tia
1350 1395 1376 1428 “¹3
1399 1394 1442 1422 die
1464 1394 1500 1422 ⁹26
1524 1394 1582 1422 111111
1605 1394 1727 1422 eiusdem
1757 1393 1820 1422 anni
1849 1393 1975 1422 similiter
1998 1392 2148 1429 Anagniae,

1298 1442 1421 1478 quarta-³
1445 1441 1522 1469 Bulla
1550 1441 1654 1470 directa
1675 1449 1691 1469 a
1712 1441 1841 1469 Pontifice
1867 1441 1917 1477 ipsi
1945 1440 2077 1477 peuerell
2096 1440 2150 1467 Mi-

1298 1489 1392 1516 nistro
1416 1489 1558 1516 Fratrum
1583 1489 1616 1516 (le
1640 1488 1749 1517 Ordine
1770 1488 1927 1516 annornm.
1951 1488 2026 1524 Quae
2056 1487 2149 1515 Bullae

1299 1538 1365 1564 sunt
1385 1535 1502 1564 dictatae
1524 1536 1581 1564 sive
1602 1535 1635 1563 ad
1659 1535 1814 1564 Ministrum
1836 1535 1992 1572 generalem
2009 1534 2149 1562 Bonaven-

1301 1586 1408 1616 turam,
1430 1582 1488 1611 sive
1509 1582 1542 1611 ad
1564 1583 1631 1611 alias
1652 1582 1775 1611 illustres
1803 1589 1950 1619 personas,
1979 1581 2025 1609 sed
2054 1588 2150 1609 omnes

1299 1630 1416 1658 emissae
1438 1629 1471 1657 ad
1494 1629 1596 1658 boumn
1619 1629 1730 1657 Ordinis
1752 1630 1877 1657 Fratrum
1901 1629 2046 1657 Minoruui.

1383 1679 1424 1705 lo.
1448 1678 1523 1705 Anno
1548 1678 1620 1705 1259
1644 1677 1837 1705 Bonaveutura
1858 1680 1934 1705 certo
1956 1677 1982 1704 in
2003 1680 2094 1705 0101116
2110 1676 2151 1704 ΑΙ-

1300 1733 1401 1752 vernae
1424 1728 1566 1757 moratur,
1589 1727 1615 1752 et
1637 1724 1748 1761 quidem
1771 1724 1844 1752 circa
1877 1724 1985 1752 initium
2008 1724 2152 1757 Octobris3

1301 1771 1397 1799 scribit
1418 1772 1490 1799 enim
1514 1771 1609 1807 ipsess:
1630 1782 1643 1795 «
1659 1771 1726 1799 Cum
1749 1771 1879 1808 exemplo
1894 1771 2043 1799 beatissimi
2065 1770 2152 1799 Patris

1300 1818 1435 1847 Francis-ci
1459 1819 1529 1846 lianc
1552 1826 1645 1854 pacem
1668 1818 1768 1846 anbelo
1789 1818 1889 1854 spiritu
1912 1825 2086 1854 quaererem,
2102 1825 2152 1854 ego

1301 1869 1443 1903 peccator,
1466 1866 1512 1902 qui
1537 1866 1595 1893 loco
1617 1865 1691 1893 illius
1714 1865 1861 1894 beatissimi
1884 1868 1946 1902 post
1966 1865 2026 1893 eius
2054 1864 2152 1892 transi-

1302 1917 1358 1942 tum
1382 1914 1529 1950 septimus,
1545 1914 1665 1950 generali
1687 1913 1812 1941 Fratrum
1829 1913 1982 1941 minislerio
1997 1920 2046 1949 per
2061 1912 2153 1940 omnia

1300 1961 1429 1997 indignus
1450 1960 1565 1993 accedo;
1588 1960 1716 1997 contigit,
1732 1964 1763 1988 ut
1778 1964 1847 1988 nutu
1864 1959 1956 1987 divino
1971 1959 2053 1987 εῖναι
2069 1958 2154 1986 Beati

1301 2008 1395 2045 ipsius
1417 2008 1588 2040 transitum,
1612 2016 1690 2035 anno
1712 2007 1861 2044 trigesimo
1883 2007 1965 2034 tertio
1981 2006 2013 2034 ad
2030 2009 2150 2034 montem

1300 2055 1448 2087 Alvernae‚
1472 2058 1602 2091 tanquam
1624 2055 1656 2082 ad
1680 2054 1770 2082 locum
1793 2054 1935 2090 quietum,
1951 2061 2045 2081 amore
2067 2061 2151 2090 quae-

1302 2102 1377 2131 rendi
1402 2110 1494 2138 pacem
1518 2102 1632 2138 spiritus
1653 2101 1861 2130 declinarem».
1878 2102 1902 2128 S.
1926 2101 2087 2129 Franciscus
2102 2109 2151 2128 au-

1302 2153 1355 2177 tem
1380 2152 1508 2177 mortuus
1530 2152 1570 2176 est
1585 2148 1603 2176 lt
1619 2147 1747 2176 Octobris
1767 2149 1854 2181 1:³26,
1871 2156 1936 2184 ergo
1959 2147 2152 2175 Bonaventura

1301 2205 1344 2225 an.
1370 2197 1442 2224 1259
1466 2199 1590 2224 moratus
1612 2199 1653 2223 est
1675 2196 1820 2229 Alveruae,
1836 2198 1863 2223 et
1885 2194 1995 2231 quidem
2011 2194 2085 2222 circa
2099 2194 2150 2221 ini-

1303 2244 1370 2272 tium
1393 2243 1528 2272 Octobris.
1551 2243 1604 2271 Hac
1625 2243 1766 2271 occasione
1789 2241 1977 2279 requiescendi
1993 2241 2151 2277 aliquantu-

1303 2292 1358 2320 lum
1381 2300 1397 2320 a
1419 2291 1534 2328 negotiis
1556 2290 1667 2319 Ordinis
1689 2290 1805 2319 confecit
1826 2289 1881 2318 illic
1902 2289 2010 2317 celebre
2026 2289 2151 2317 Itinera-

1302 2338 1380 2366 rium
1404 2338 1508 2366 mentis
1529 2338 1560 2366 in
1584 2338 1692 2370 Deum,
1716 2340 1745 2365 ut
1767 2344 1802 2365 ex
1826 2336 1938 2373 prologo
1966 2336 1998 2364 ad
2022 2336 2073 2364 boc-
2096 2339 2149 2363 tam

1302 2386 1441 2414 excellens
1466 2386 1632 2421 opusculum
1656 2388 1682 2413 et
1707 2392 1743 2413 ex
1766 2384 1909 2412 Clironicis
1930 2384 2011 2411 xxiv
2032 2383 2150 2411 Genera-

1304 2433 1369 2460 lium
1395 2433 1495 2469 liquet,
1518 2440 1589 2468 quae
1613 2431 1737 2460 referunt
1752 2431 1778 2459 ⁷:
1805 2443 1817 2455 «
1834 2431 1932 2459 Eodem
1958 2438 2029 2458 anno
2051 2430 2150 2467 (1259)

1303 2480 1327 2507 in
1352 2483 1443 2507 moute
1466 2479 1598 2507 Alvernae
1620 2478 1759 2512 libellum,
1782 2478 1828 2515 qui
1859 2478 2050 2506 [cinerat-rma
2072 2486 2150 2505 men-

1302 2526 1338 2554 tis
1362 2526 1391 2553 iu
1426 2526 1516 2553 Deum
1548 2525 1665 2559 dicitur,
1688 2525 1759 2553 idem
1789 2524 1928 2552 Generalis
1956 2524 2150 2552 devotissimus

1302 2573 1461 2609 compilavit
1482 2575 1509 2600 et
1541 2576 1601 2608 post
1630 2572 1693 2600 fecit
1724 2572 1826 2605 alium,
1848 2579 1931 2608 quem
1955 2570 2149 2598 itinerarium

1365 2691 1372 2703 ¹
1391 2691 1460 2719 Apud
1478 2691 1574 2716 Bouelli,
1592 2690 1678 2718 Prour„
1696 2690 1738 2712 601.
1757 2690 1785 2712 27
1803 2693 1825 2712 et
1842 2689 1900 2712 ibid.
1917 2692 1964 2711 not.
1982 2696 2002 2716 a,
2021 2688 2060 2711 ubi
2078 2688 2149 2710 addu-

1300 2731 1330 2753 611
1348 2733 1480 2758 excerptum
1499 2730 1617 2758 quoddam
1636 2736 1663 2751 ex
1681 2729 1740 2751 dicta
1760 2730 1829 2751 Bulla.

1365 2769 1373 2782 2
1391 2769 1508 2796 Sbaralea,
1526 2769 1651 2791 Bullarium
1669 2769 1789 2797 francisc⁸⁷
1808 2772 1863 2791 tom.
1882 2769 1904 2790 ll.
1923 2774 1975 2796 pag.
1994 2769 2038 2789 <282
2056 2774 2104 2796 seq.

1365 2808 1373 2821 ³
1391 2809 1447 2831 lbid.
1466 2815 1518 2837 pag.
1536 2809 1581 2830 318
1599 2814 1648 2836 seq.

1364 2847 1373 2860 '¹
1392 2847 1449 2870 lbid.
1467 2854 1519 2876 pag.
1538 2848 1591 2869 3r19.

1365 2886 1374 2899 ⁶
1392 2887 1449 2909 lbid.
1466 2893 1521 2914 pag.
1539 2886 1582 2908 357
1600 2892 1649 2914 seq.

1366 2925 1375 2938 ⁰
1392 2927 1459 2948 Tom.
1477 2926 1505 2948 V.
1526 2932 1579 2953 pag.
1597 2925 1653 2953 295,
1671 2932 1694 2947 u.
1720 2927 1739 2947 2.
1766 2928 1788 2947 et
1813 2926 1978 2953 Prolegomena
2003 2931 2056 2952 pag.
2074 2924 2148 2946 XXlV

1303 2972 1354 2993 cap.
1372 2965 1393 2987 4.
1410 2965 1455 2987 Cl'r.
1475 2965 1608 2992 Waddiug.⁷
1625 2964 1653 2987 ad
1672 2971 1708 2986 an.
1729 2965 1785 2987 1260
1804 2971 1826 2986 n.
1849 2965 1881 2986 19Δ

1365 3003 1373 3016 ⁷
1392 3005 1498 3026 Analecta
1518 3004 1638 3030 Francisc.,
1656 3007 1710 3026 tom.
1729 3004 1759 3026 lll.
1778 3010 1833 3031 pag.
1853 3004 1906 3025 325.
