2269 3448
618 215 663 237 FlD

364 255 440 277 nullus
458 257 533 282 potest
549 254 660 277 devenire
679 254 722 276 nisi
745 260 787 282 per
805 254 933 276 adventum

364 294 448 317 Christi
461 294 482 316 iu
496 298 596 316 mentem
610 296 633 316 et
645 300 738 316 carnem
756 293 801 315 358
814 300 826 316 0
844 306 871 310 -
892 294 935 316 Ve-

365 334 420 356 ritas
443 333 496 356 fidei
515 340 560 356 non
577 336 612 355 est
634 333 663 355 de
681 333 825 360 infidelibus,
847 333 887 356 sed
905 333 934 356 de

364 373 454 396 Christo
468 373 512 395 382
531 379 543 394 0
562 385 590 388 -
609 372 715 401 habetur,
729 373 824 401 quando
841 373 936 395 irradiat

365 412 435 435 menti
453 412 563 440 splendor
581 412 689 434 Veritatis
706 416 813 434 aeternae
831 412 875 434 643
893 418 906 434 a

411 464 442 468 —-
461 452 588 474 Duodecim
614 452 702 474 articuli
725 451 778 474 fidei
801 451 855 473 editi
881 455 935 474 sunt

364 490 394 513 ab
411 491 526 519 Apostolis
544 491 588 513 506
607 490 629 513 b.
653 491 697 513 603
716 497 727 513 a
746 503 777 507 —
799 491 861 513 Fidei
884 491 935 513 arti-

364 530 407 553 culi
431 533 484 552 sunt
499 531 565 559 quasi
584 531 672 558 lapides
690 531 871 552 fundamentales
889 531 933 552 652

364 576 376 591 0
394 581 425 586 ——
441 570 504 592 Fidei
521 570 610 592 articuli
636 570 761 592 duodecim
783 569 935 597 designantur

363 615 405 637 per
430 609 518 637 lapides
543 609 681 632 durissimos
706 609 750 631 603
769 615 781 631 0
804 622 834 624 -
851 610 935 631 Λ55011-

363 649 467 671 tiendum
486 652 520 671 est
536 648 646 671 omnibus
662 648 765 670 articulis
781 648 836 670 fidei
858 648 904 670 652
921 654 933 669 0

411 700 442 704 -
459 689 533 710 Homo
551 688 646 710 assentit
671 688 759 715 primae
776 687 866 709 veritati
888 693 933 709 non

364 732 459 755 propter
476 727 601 753 rationem,
618 727 659 749 sed
682 730 777 755 propter
801 727 851 749 eius
872 733 935 749 amo-

363 772 412 788 rem
437 767 477 788 291
507 773 519 788 0
538 778 568 783 —
586 767 653 788 Tunc
677 766 735 788 ratio
762 767 862 788 humana
888 772 933 788 non

363 808 462 828 evacuat
484 806 605 832 meritum,
622 805 663 828 sed
686 809 757 833 auget
779 806 856 828 cordis
877 806 934 828 51110-

364 845 420 867 tium
439 843 493 867 ibid.
515 857 547 861 —
570 851 613 866 non
640 844 711 867 habet
735 845 857 871 meritum,
879 851 932 867 cum

363 884 421 906 ratio
438 883 534 912 praebet
551 884 735 912 experimentum
753 884 798 906 659
817 890 829 906 a
845 896 876 900 --
894 885 934 906 00-

364 923 448 946 bemus
465 924 583 951 captivare
595 924 734 946 intellectum
748 924 776 946 ad
789 924 932 946 credendum

364 963 472 990 mysteria
491 963 544 985 fidei
563 963 608 985 472
621 963 636 985 b
653 975 684 979 —
701 963 724 985 ln
742 969 767 985 ea
786 963 856 985 debet.
867 963 933 992 quasi

363 1002 477 1030 confringi
496 1002 553 1024 ratio
570 1002 616 1024 659
629 1008 641 1024 a
658 1015 689 1019 -—
707 1002 811 1025 humiliat
826 1006 848 1024 et
865 1003 934 1030 capti-

363 1045 402 1063 vat
418 1041 558 1064 intellectum
581 1042 625 1064 478
644 1048 656 1063 a
683 1054 713 1058 —
735 1041 861 1064 Credentes
882 1042 934 1064 offe-

363 1084 417 1102 runt
434 1087 517 1103 aurum
536 1081 698 1109 intelligentiae
715 1081 757 1103 165
771 1081 785 1103 1)
799 1093 830 1097 -
846 1081 934 1104 Radius

363 1120 457 1142 divinus
482 1127 527 1142 non
551 1123 626 1148 potest
644 1120 710 1143 nobis
727 1121 804 1143 lucere
829 1121 873 1143 nisi
896 1127 934 1142 va-

363 1160 442 1181 rietate
459 1166 578 1182 sacrorum
595 1160 734 1182 velaminum
754 1160 934 1183 circumvolutus

367 1199 407 1221 192
427 1199 441 1221 l)
459 1211 489 1215 ——
507 1205 548 1227 per
562 1199 732 1227 philosophiam
752 1200 856 1222 firmatur
874 1200 902 1222 63
920 1206 932 1222 a

362 1250 393 1254 —
410 1238 467 1260 Nihil
486 1238 594 1261 libentius
612 1239 767 1267 intelligimus,
779 1246 850 1268 quam
868 1240 932 1268 quod

363 1278 480 1300 credimus
498 1278 543 1300 tide
562 1279 602 1300 291
625 1285 636 1300 0

410 1329 440 1333 -
457 1321 567 1345 operatur
587 1324 627 1345 per
645 1318 790 1340 dilectionem
810 1319 854 1341 452
873 1326 885 1340 0
902 1331 933 1335 -

362 1357 495 1384 sanctificat,
514 1364 566 1379 cum
590 1364 631 1385 per
653 1358 799 1380 dilectionem
823 1361 933 1386 operatur

363 1398 408 1420 643
426 1405 438 1420 a
457 1411 486 1414 —
505 1399 557 1421 titus
575 1399 671 1426 insignia
690 1402 743 1421 511111
761 1406 831 1427 1111010
854 1399 899 1421 327
918 1399 932 1422 1)

363 1450 392 1453 -
410 1438 454 1466 Qui
480 1438 550 1460 fidem
577 1438 661 1460 habent
679 1442 809 1466 mouentur,
832 1443 856 1461 ut
873 1439 932 1461 bene

364 1481 490 1505 operentur
508 1478 552 1500 606
572 1477 587 1500 11
605 1491 635 1494 -
657 1478 740 1501 Christi
758 1479 873 1501 adventus
890 1479 932 1501 illis

363 1517 417 1539 solis
434 1518 542 1545 prodest,
559 1518 599 1546 qui
618 1517 703 1539 habent
726 1518 795 1540 fidem
820 1524 862 1546 per
879 1518 932 1540 dile-

361 1557 462 1579 ctionem
480 1561 615 1585 operantem
634 1558 679 1579 650
697 1563 709 1579 0

411 1609 439 1612 -
465 1597 527 1619 Fidei
553 1597 668 1619 rectitudo
697 1598 805 1625 producit
832 1601 932 1626 quatuor

363 1635 422 1658 bona
442 1635 487 1659 435
505 1642 525 1663 a,
544 1635 558 1658 b
577 1648 606 1652 —
623 1637 744 1659 discordes
757 1637 875 1664 foederat,
893 1638 931 1659 110-

362 1675 449 1697 1010001
473 1682 526 1697 00111
550 1676 596 1698 Deo
619 1676 763 1703 reconciliat,
786 1677 815 1698 de
838 1676 931 1698 inimico

363 1715 416 1737 facit
433 1715 504 1737 fitium
523 1715 662 1743 adoptivum
681 1716 720 1737 181
741 1715 755 1737 b
772 1728 803 1732 —
816 1717 873 1738 iram
886 1717 932 1744 1110-

362 1758 411 1781 001,
437 1754 538 1782 rigorem
563 1755 661 1777 iustitiae
687 1755 816 1783 mitigando
834 1760 857 1777 et
881 1762 933 1777 eva—

364 1793 455 1816 cuando
472 1793 526 1816 ibid.
544 1807 574 1810 —
592 1797 705 1817 sustentat
721 1795 854 1817 aedificium
867 1795 932 1823 spiri-

361 1833 422 1855 tuale
441 1833 486 1855 452
503 1840 516 1855 0
534 1846 563 1849 —-
582 1833 651 1856 habet
674 1834 783 1856 virtutem
805 1835 931 1862 generandi

360 1872 419 1894 filios
436 1873 493 1895 lucis
510 1873 555 1895 563
574 1873 588 1894 b
607 1886 636 1888 —
653 1873 693 1895 dat
710 1874 804 1901 placens
823 1874 869 1896 Deo
881 1880 932 1896 esse

361 1912 402 1934 531
424 1918 435 1934 0
454 1925 484 1928 -
502 1912 574 1934 vincit
592 1912 763 1940 invincibilem,
780 1913 857 1935 omnia
881 1920 932 1942 pro-

361 1958 428 1980 spera
446 1958 488 1980 pro
506 1955 561 1974 voto
578 1952 724 1980 impetrando
743 1953 783 1974 ¹l8l
807 1952 821 1974 b

409 2004 439 2008 —
457 1992 498 2013 Per
516 1991 585 2013 fldem
599 1992 717 2014 credimus
728 1991 844 2014 Christum
857 1992 930 2014 Deum

362 2033 384 2053 et
401 2031 519 2053 hominem
538 2031 568 2053 25
586 2030 600 2053 b
618 2043 648 2047 —
666 2032 699 2054 Ad
720 2033 763 2053 hoc
788 2038 832 2053 non
852 2038 932 2060 possu-

362 2076 414 2092 mus
432 2070 520 2092 ratione
537 2071 650 2098 attingere
669 2070 722 2093 ibid.
744 2083 775 2087 —
799 2071 849 2093 Sola
874 2071 931 2093 fides

361 2110 483 2131 christiana
495 2110 598 2137 intelligit
609 2116 659 2132 esse
672 2116 754 2132 verum
774 2110 931 2132 Deum-homi·
947 2129 948 2132 ,

362 2149 499 2175 ne1n,facit
524 2150 609 2171 sentire
632 2156 686 2171 vere
710 2150 739 2171 de
762 2149 840 2171 divina
866 2143 948 2171 boni-¹

361 2191 419 2215 tate,
437 2188 595 2210 misericordia
614 2191 636 2210 et
657 2188 781 2216 sapientia,
799 2189 847 2210 sola
870 2189 931 2211 intel-

362 2227 411 2255 tigit
423 2227 606 2255 redemptionem
621 2227 664 2249 477
680 2228 693 2249 b
705 2240 735 2243 —
748 2228 870 2250 christiana
883 2228 930 2250 sola

362 2267 503 2289 voluntatem
519 2267 558 2288 001
578 2267 705 2289 manifestat
723 2267 767 2289 673
784 2266 799 2289 b
816 2279 846 2283 »-
864 2267 931 2289 docet
947 2263 948 2275 ³

361 2306 508 2328 considerare
525 2306 638 2333 supplicia
653 2309 812 2333 peccatorum,
824 2306 931 2328 deformi-

362 2348 430 2371 tates,
447 2351 505 2374 quas
526 2345 678 2372 incurrimus,
702 2348 724 2367 et
746 2346 854 2374 virtutes,
872 2352 930 2374 quas
946 2355 948 2362 ν

362 2384 506 2412 perdidimus
527 2388 621 2412 propter
642 2388 734 2412 peccata
756 2385 797 2407 511
820 2391 831 2407 0
849 2397 880 2401 -
899 2385 930 2407 00

361 2424 406 2446 fide
429 2424 491 2452 toqui
518 2423 606 2446 bonum
631 2427 665 2446 cst
689 2430 716 2446 ex
734 2424 820 2452 duplici
842 2425 930 2447 ratione

364 2462 407 2485 472
425 2469 437 2485 0

408 2514 438 2518 -
461 2503 502 2524 Per
528 2502 669 2524 influentiam
696 2509 765 2525 verae
790 2503 930 2525 credulitatis

361 2542 479 2563 nascimur
496 2541 644 2569 spiritualiter
661 2548 687 2564 ex
705 2542 752 2564 Deo
769 2542 815 2564 730
833 2548 845 2564 0
865 2555 892 2558 -
911 2543 929 2565 Α

361 2580 406 2602 fide
428 2580 508 2608 incipit
530 2580 654 2608 spiritualis
676 2581 783 2609 purgatio
806 2581 851 2603 655
869 2588 881 2603 0
899 2594 930 2598 -

361 2622 395 2641 051
419 2620 544 2647 spiritualis
568 2620 681 2642 medicina
705 2620 749 2643 450
772 2626 783 2642 a
809 2632 841 2637 —
865 2624 930 2643 curat

361 2665 454 2680 omnem
472 2659 609 2687 languorem
627 2659 681 2682 ibid.
700 2672 728 2675 -—
748 2660 821 2682 Huius
838 2660 930 2682 medici-

362 2704 404 2720 nae
421 2699 547 2720 efficaciam
572 2698 677 2721 Christus
695 2699 794 2721 ostendit
813 2699 929 2727 tripliciter

361 2736 415 2759 ibid.
432 2749 463 2753 —
480 2740 514 2759 est
531 2738 567 2760 lux
593 2737 716 2765 purgativa
734 2740 756 2760 et
779 2739 866 2760 unitiva
884 2738 929 2760 563

362 2782 382 2803 a,
400 2775 414 2798 1)
433 2788 461 2791 -
480 2777 501 2798 10
519 2777 565 2799 fide
587 2777 671 2799 sanitas
696 2780 731 2799 est
751 2778 792 2799 103
810 2784 822 2799 0
840 2790 870 2793 ——
888 2778 930 2800 Per

361 2815 430 2837 fldem
449 2818 483 2837 est
494 2816 643 2838 sanctificatio
655 2817 676 2838 in
690 2817 712 2838 vi
725 2817 842 2844 cognitiva
859 2817 903 2839 643
916 2824 928 2839 0

360 2866 391 2870 --
408 2854 461 2876 lenit
483 2857 598 2877 tumorem
622 2855 746 2883 superbiae
771 2856 792 2878 in
817 2857 928 2879 intellectu

361 2893 406 2915 532
425 2893 439 2915 b
456 2905 487 2910 —
512 2894 619 2922 11011110οῑ
644 2898 666 2917 et
682 2895 796 2918 illuminat
821 2902 862 2923 per
884 2899 929 2918 stu-

360 2932 425 2954 dium
449 2933 552 2955 veritatis
573 2934 617 2956 637
635 2941 647 2956 a
665 2947 696 2951 —
713 2935 785 2957 salvat
811 2941 851 2963 per
875 2942 929 2964 qua-

362 2974 413 2993 tuor
431 2971 476 2994 453
492 2979 504 2994 a

1014 267 1046 271 -
1063 255 1175 277 illuminat
1193 257 1293 276 mentem
1312 254 1340 276 ad
1363 254 1537 277 assentiendum

968 294 991 316 in
1008 293 1117 316 omnibus
1142 294 1232 322 primae
1251 294 1346 316 Veritati
1372 294 1416 316 452
1433 300 1454 321 0,
1472 293 1487 315 b
1507 305 1538 310 —

968 334 1064 356 illustrat
1089 333 1223 356 rationalem
1248 333 1292 355 252
1311 332 1333 355 b.
1359 333 1403 355 419
1421 339 1442 355 a.
1461 333 1504 355 446
1523 332 1538 354 b

968 373 1008 395 dat
1024 373 1196 401 intelligentiam
1220 372 1264 395 424
1281 379 1293 394 0
1312 385 1341 389 -—
1358 375 1456 395 renovat
1477 372 1539 394 intel-

967 412 1051 435 lectum
1077 413 1101 434 in
1126 412 1258 440 cognitione
1283 412 1386 434 veritatis
1415 413 1455 434 138
1478 418 1490 433 0
1508 424 1538 427 -

968 452 1015 474 Nou
1034 454 1108 480 potest
1124 451 1185 474 illabi
1203 452 1314 479 sapientia
1332 451 1424 473 animae
1442 451 1483 473 nisi
1497 458 1538 479 per

968 491 1037 513 fidem
1056 491 1101 513 643
1119 497 1131 512 0
1149 503 1180 507 -
1206 491 1293 513 Radius
1318 491 1411 513 divinae
1436 491 1538 513 veritatis

968 530 1043 558 primo
1062 530 1138 552 unitur
1155 530 1218 552 cordi
1235 536 1276 558 per
1293 530 1363 552 tidem
1381 529 1434 552 ibid.

1016 582 1044 585 —
1067 575 1160 591 sursum
1183 570 1258 591 elevat
1280 569 1309 591 ad
1332 569 1537 597 contemplandum

968 609 1012 630 639
1031 608 1046 630 1)
1066 621 1093 624 —
1110 609 1185 631 elevat
1203 609 1321 630 hominem
1339 608 1369 631 ad
1393 609 1538 637 tranquillita-

968 651 1014 670 tem
1031 650 1053 670 et
1070 648 1220 670 concordiam
1238 648 1267 670 25
1285 647 1300 670 b
1317 660 1348 665 —
1364 648 1487 670 confirmat
1506 649 1539 670 af-

968 688 1051 710 fectum
1070 687 1093 709 in
1111 687 1220 715 passione
1242 690 1265 710 et
1289 687 1434 710 tribulatione
1460 687 1505 710 452
1523 687 1538 710 b

967 739 998 743 —
1014 727 1086 749 calcat
1104 726 1219 749 mundum
1231 726 1285 749 ibid.
1298 739 1329 743 —
1340 733 1395 749 vera
1410 733 1455 749 non
1468 733 1539 756 quae·

967 766 996 789 rit
1013 766 1034 788 in
1053 767 1088 788 his
1106 766 1205 789 miseriis
1223 766 1272 788 fleri
1289 767 1356 789 dives
1374 766 1428 789 ibid.

1014 818 1044 822 —
1062 806 1104 828 Per
1121 806 1191 828 fidem
1209 805 1307 828 habetur
1319 806 1435 828 hereditas
1452 806 1537 828 aeterni

967 845 1033 873 regni
1051 845 1096 868 472
1113 845 1128 867 1)
1146 858 1176 862 --
1195 846 1236 867 Per
1254 845 1323 868 fidem
1336 848 1427 873 oportet
1444 846 1538 868 introire

967 885 989 907 in
1007 891 1107 913 regnum
1125 885 1241 907 caelorum
1260 885 1304 907 657
1318 891 1330 907 a
1347 897 1378 901 —
1396 888 1428 907 est
1445 885 1538 907 ostiaria

967 924 1022 947 ibid.
1040 937 1067 940 -
1086 927 1221 947 remunerat
1237 925 1261 946 in
1272 924 1434 947 deiformitatis
1450 925 1538 953 gloriae

967 964 1132 986 assimilatione
1150 964 1195 986 452
1213 963 1227 985 b

1014 1016 1045 1020 —
1063 1003 1106 1032 Qui
1125 1003 1208 1025 mortui
1226 1006 1280 1026 sunt
1296 1006 1358 1026 extra
1375 1003 1444 1026 fidem
1463 1004 1536 1026 iuvari

968 1049 1013 1065 non
1032 1045 1129 1071 possunt
1146 1044 1191 1065 606
1210 1049 1222 1065 0
1246 1056 1276 1059 -
1294 1043 1336 1072 Qui
1355 1043 1377 1065 in
1396 1043 1449 1066 fidei
1468 1043 1537 1071 pleni-

968 1083 1047 1105 tudine
1072 1083 1223 1105 decesserunt
1253 1083 1329 1105 iuvari
1360 1089 1405 1105 non
1431 1083 1538 1111 indigent

968 1122 1013 1144 606
1029 1129 1051 1149 a,
1070 1122 1083 1144 b

1014 1162 1103 1184 Ftoucm
1116 1174 1146 1178 —
1159 1161 1264 1183 fortificat
1276 1164 1376 1184 mentem
1390 1165 1412 1184 01
1421 1162 1495 1184 elevat
1507 1162 1535 1184 ad

968 1201 1028 1223 bona
1048 1202 1121 1223 futura
1140 1201 1264 1223 obtinenda
1283 1201 1329 1223 717
1341 1208 1353 1223 0
1371 1214 1401 1218 -
1419 1207 1453 1224 est
1471 1202 1536 1230 virga

967 1241 1146 1269 germinantium
1166 1242 1281 1263 fructuum
1300 1241 1433 1263 divinorum
1451 1240 1505 1264 ibid.

1014 1281 1095 1302 Ftoona
1113 1292 1144 1296 —
1161 1280 1259 1302 rotunda
1277 1283 1369 1302 11011051
1387 1281 1408 1302 in
1428 1281 1537 1303 universo

967 1320 1080 1347 completa
1104 1320 1145 1341 109
1164 1319 1178 1341 b
1196 1333 1225 1335 —
1245 1324 1268 1342 ut
1286 1320 1450 1348 perfectissima
1469 1324 1537 1347 esset,

967 1359 1122 1381 universitatis
1140 1359 1198 1381 linea
1217 1362 1312 1381 curvata
1330 1363 1364 1382 est
1382 1360 1403 1381 in
1424 1360 1537 1382 circulum

968 1399 1011 1421 109
1030 1398 1053 1421 b.
1075 1399 1116 1421 110
1135 1405 1146 1421 0
1165 1411 1195 1415 -
1213 1399 1336 1427 Explicatio
1354 1398 1407 1422 ibid.

1015 1451 1044 1454 —
1062 1439 1115 1461 l’lus
1132 1439 1200 1461 efficit
1217 1438 1303 1461 veritas
1319 1445 1390 1467 quam
1404 1439 1478 1467 figura
1490 1438 1536 1461 782

967 1484 978 1499 0
998 1490 1025 1492 -
1045 1477 1117 1499 Simul
1140 1478 1211 1499 currit
1234 1478 1344 1500 institutio
1369 1478 1458 1506 figurae
1483 1484 1536 1500 cum

967 1517 1120 1545 promissione
1137 1517 1245 1539 novitatis
1262 1518 1349 1545 gratiae
1371 1517 1411 1539 134
1428 1517 1442 1539 b

1015 1557 1110 1579 Fitixrio
1127 1569 1158 1573 —
1183 1557 1324 1579 FilIatiouem
1349 1558 1487 1580 comitantur
1512 1557 1538 1579 li-

967 1596 1044 1618 bertas
1061 1596 1082 1618 in
1100 1597 1240 1623 conditione,
1250 1597 1399 1619 conformitas
1416 1597 1439 1619 in
1452 1597 1537 1625 effigie,

965 1635 1117 1658 amicabilitas
1134 1636 1155 1658 in
1174 1636 1245 1658 corde
1263 1636 1308 1659 132
1326 1636 1348 1658 b.
1368 1637 1411 1659 133
1429 1643 1441 1658 a

1012 1676 1083 1698 Fittus
1104 1688 1129 1691 —-
1149 1675 1223 1698 bonus
1240 1676 1315 1704 diligit
1333 1680 1429 1704 patrem,
1442 1677 1536 1705 quando

966 1714 996 1737 ab
1013 1715 1062 1743 ipso
1074 1715 1198 1743 corrigitur
1211 1716 1255 1737 558
1269 1722 1281 1738 0
1293 1728 1324 1732 -
1337 1715 1412 1738 bonus
1429 1719 1463 1738 est
1479 1723 1535 1744 gau-

966 1754 1030 1776 dium
1049 1757 1071 1777 01
1088 1755 1172 1777 laetitia
1190 1755 1269 1777 matris
1281 1762 1337 1777 51100
1351 1755 1389 1777 1711
1407 1755 1422 1777 b
1434 1769 1464 1772 ——
1477 1756 1536 1778 Filiis

966 1796 1000 1816 est
1009 1793 1195 1816 commendabile
1204 1794 1287 1816 imitari
1298 1794 1372 1817 bonos
1382 1798 1459 1823 patres
1469 1796 1513 1817 -188
1523 1801 1535 1817 0

1013 1845 1043 1849 —-
1061 1833 1126 1855 Pater
1143 1834 1232 1861 accepit
1248 1834 1319 1856 filium
1346 1835 1472 1862 prodigum
1490 1841 1535 1857 non

966 1872 1104 1900 obiiciendo,
1122 1873 1162 1895 sed
1181 1874 1344 1901 compatiendo
1357 1874 1401 1896 350
1414 1880 1426 1896 0
1439 1886 1470 1890 -
1486 1880 1536 1902 pro-

966 1912 1035 1940 digus
1053 1911 1111 1934 bene
1129 1913 1236 1940 exprimit
1255 1913 1350 1935 modum
1377 1913 1505 1935 aversionis
1522 1920 1534 1935 a

966 1952 1013 1973 Deo
1035 1952 1072 1973 161
1096 1952 1110 1974 1)
1128 1964 1158 1968 -
1177 1952 1301 1980 Explicatio
1319 1951 1535 1981 ibid—prodigus

966 1994 1000 2013 est
1017 1994 1125 2019 peccator
1143 1992 1188 2013 257
1207 1991 1221 2013 b
1243 2004 1269 2008 —-
1293 1992 1406 2020 prodigus
1429 1992 1535 2020 designat

966 2031 1108 2053 luxuriosum
1128 2031 1171 2053 423
1190 2031 1205 2053 b
1221 2044 1253 2047 —
1264 2031 1387 2059 Explicatio
1399 2030 1454 2054 ibid.
1466 2031 1511 2054 424
1521 2038 1533 2054 0

966 2083 995 2086 »-
1012 2071 1089 2093 senior
1106 2073 1140 2093 est
1158 2071 1258 2098 populus
1276 2071 1381 2093 Iudaicus
1399 2071 1443 2093 257
1459 2071 1474 2092 b

1012 2122 1042 2125 —
1062 2110 1100 2132 Dei
1117 2116 1207 2136 sumus,
1224 2110 1277 2138 quia
1296 2109 1383 2132 liberati
1396 2116 1407 2132 a
1423 2111 1534 2132 servitute

971 2149 1010 2171 137
1029 2155 1040 2171 0
1060 2161 1088 2164 —-
1107 2149 1129 2170 Si
1147 2155 1229 2171 sumus
1246 2149 1283 2171 filii
1309 2149 1356 2176 Dei,
1379 2150 1534 2172 assimilamur

967 2188 987 2209 ei
1001 2194 1042 2216 per
1054 2188 1199 2216 sapientiam,
1212 2188 1406 2215 benevolentiam,
1418 2189 1534 2211 confiden-

965 2228 1019 2249 tiam
1039 2227 1083 2249 446
1101 2234 1113 2249 0
1132 2240 1162 2244 -
1186 2228 1225 2250 001
1251 2228 1345 2256 legitimi
1372 2228 1458 2250 debent
1483 2235 1533 2251 esse

966 2267 1062 2294 bonesti,
1080 2267 1167 2294 devoti,
1185 2267 1282 2295 pacifici,
1300 2268 1396 2290 studiosi
1415 2268 1458 2290 387
1477 2267 1491 2290 b
1506 2281 1532 2284 —

965 2306 988 2328 Si
1007 2306 1044 2328 tilii
1062 2307 1110 2328 veri
1129 2313 1218 2333 snmus,
1236 2307 1326 2329 Patrem
1350 2311 1454 2329 nostrum
1477 2313 1533 2329 vere

965 2352 1071 2368 amamus
1088 2346 1133 2368 643
1152 2346 1166 2368 1)

1011 2397 1041 2402 —
1059 2385 1126 2408 Lucis
1143 2386 1182 2408 filii
1202 2389 1256 2408 sunt
1279 2386 1378 2414 parvuli,
1401 2386 1532 2408 adolescen-

965 2428 1006 2451 tes,
1023 2425 1101 2452 adulti,
1120 2431 1161 2453 per
1178 2432 1238 2454 quos
1250 2425 1401 2453 designantur
1413 2426 1532 2453 poeniteu-

965 2467 1006 2491 tes,
1031 2464 1178 2492 proficientes
1202 2467 1224 2487 et
1251 2465 1343 2492 perfecti
1363 2466 1408 2487 225
1426 2472 1437 2487 0
1457 2477 1484 2482 -
1504 2466 1530 2487 111

964 2507 1010 2526 tres
1027 2504 1135 2526 dicuntur
1153 2504 1190 2526 lilii
1208 2504 1264 2526 lucis
1281 2503 1312 2526 ob
1329 2510 1368 2526 sex
1385 2505 1484 2526 rationes
1501 2504 1530 2527 ib.

965 2542 1054 2564 1)-229
1073 2542 1087 2564 b
1104 2555 1135 2559 —
1154 2542 1270 2565 Debemus
1288 2549 1337 2565 esse
1355 2544 1411 2566 lucis
1429 2544 1467 2565 filii
1485 2544 1531 2571 glo-

964 2582 1027 2610 riosi,
1044 2582 1168 2610 splendidi,
1185 2582 1295 2610 deliciosi,
1313 2583 1357 2610 alti,
1379 2583 1486 2611 largiflui,
1499 2583 1530 2605 in-

963 2621 1074 2649 corrupti,
1093 2621 1168 2649 inclyti
1187 2622 1227 2643 231
1249 2628 1269 2649 0,
1288 2621 1303 2644 b

1010 2673 1042 2677 —
1059 2661 1154 2683 ancillae
1170 2667 1252 2683 sumus
1268 2664 1290 2684 et
1311 2668 1357 2683 non
1380 2661 1417 2683 filii
1441 2662 1489 2689 Dei,
1512 2662 1530 2684 si

963 2706 1009 2722 non
1027 2706 1137 2722 curamus
1154 2701 1183 2723 de
1201 2700 1267 2723 bonis
1289 2701 1388 2723 aeternis
1405 2701 1449 2723 507
1469 2700 1483 2722 b
1500 2714 1530 2717 —-

963 2739 1058 2761 ancillae
1070 2740 1176 2767 designat
1187 2740 1271 2767 malos,
1283 2740 1343 2762 fitius
1354 2739 1447 2767 liberae,
1457 2740 1531 2763 bonos

964 2779 1008 2800 236
1028 2778 1042 2800 b
1059 2791 1090 2795 —
1107 2779 1170 2801 Unus
1193 2779 1319 2801 hereditate
1342 2780 1453 2807 privatur,
1474 2780 1530 2802 alter

964 2818 1113 2840 hereditatem
1132 2818 1226 2841 sortitur
1243 2817 1297 2841 ibid.
1314 2831 1345 2835 —
1362 2819 1383 2840 Si
1397 2825 1479 2841 sumus
1491 2819 1529 2841 [ilii

963 2856 1056 2884 diaboli,
1082 2857 1237 2879 assimilamur
1260 2858 1279 2880 ei
1305 2864 1345 2886 per
1368 2858 1529 2886 ignorantiam,

963 2897 1148 2924 melancholiam,
1165 2897 1316 2919 diffidentiam
1336 2897 1380 2919 446
1397 2903 1409 2919 0
1423 2910 1450 2913 -
1464 2898 1528 2925 regni

962 2936 1071 2958 dicuntur
1088 2936 1192 2958 Herodes
1207 2939 1230 2959 et
1247 2937 1324 2959 ludaei
1346 2937 1387 2959 130
1407 2936 1421 2959 b

1011 2988 1041 2992 —
1058 2975 1097 2997 Dei
1116 2975 1170 2998 vide
1187 2976 1215 2997 V.
1236 2975 1347 2999 Trinitas.

914 175 1014 204 INDEX
1037 175 1279 204 ALPHABETlCUS
1302 175 1379 203 NONl
1403 175 1591 204 VOLUMthS.

1832 214 1886 237 FON

1618 254 1725 276 Fumnus
1737 266 1766 270 —
1778 257 1832 276 sunt
1843 254 1865 276 in
1878 255 2006 282 perfectum
2019 260 2140 276 ornamen-

1572 296 1620 315 tum
1639 293 1771 315 vestimenti
1791 293 1835 316 450
1853 293 1868 315 b

1619 332 1686 355 Funus
1705 344 1737 349 -
1758 336 1915 361 congregatus
1939 333 1995 355 nihil
2021 333 2072 355 facit
2097 333 2140 356 nisi

1573 372 1657 394 foetere
1683 371 1728 394 540
1747 371 1762 394 b
1779 385 1809 388 —
1827 372 1921 401 quando
1947 372 2071 400 spargitur,
2094 373 2140 395 fru-

1572 413 1634 433 ctum
1654 411 1706 433 facit
1723 410 1777 434 ibid.

1619 450 1678 472 Fuus
1694 462 1725 467 —-·
1742 451 1816 473 exitus
1833 453 1882 473 acta
1901 450 1984 478 probat
2001 451 2046 472 618
2064 457 2076 473 0

1619 490 1692 512 Ftssiuz
1709 503 1739 506 —
1757 490 1819 512 Multi
1836 493 1897 518 sunt,
1913 490 1952 519 qui
1971 496 2090 518 nunquam
2103 491 2140 512 vel

1571 535 1624 551 raro
1641 529 1697 551 ssent
1713 529 1758 551 556
1778 529 1792 552 b
1809 542 1839 546 —-
1857 530 1919 552 Multi
1936 530 1991 552 flent
2006 530 2080 552 solum
2094 536 2140 552 uno

1572 568 1639 590 oculo
1656 568 1715 590 sicut
1732 569 1795 591 canis
1812 568 1866 591 ibid.

1619 607 1674 630 Ftos
1691 620 1720 623 —
1737 611 1772 630 est
1789 608 1877 636 puritas
1898 608 2014 631 mixtionis
2035 609 2139 631 colorum

1572 649 1594 668 et
1611 647 1742 669 odoriferus
1759 647 1805 670 325
1822 654 1834 670 0
1852 660 1883 664 —-
1905 651 1960 670 sunt
1982 648 2097 676 primitiae
2118 652 2141 671 et

1572 686 1655 709 indicia
1681 687 1793 715 temporis
1817 688 1978 710 revirescentis
2004 688 2044 710 281
2072 687 2087 710 b
2109 700 2140 704 —

1571 726 1644 748 oritur
1661 729 1683 748 et
1699 727 1806 755 nutritur,
1820 727 1888 749 flante
1905 727 1998 755 zephiro
2017 728 2061 755 283
2079 733 2092 749 0
2109 739 2140 744 --

1572 765 1652 792 purior
1674 768 1708 788 est
1730 772 1801 795 (10001
1825 768 1912 789 fructus
1936 766 1989 789 ibid.
2014 779 2046 783 —
2072 766 2140 789 habet

1572 808 1717 828 venustatem
1736 806 1776 828 281
1799 805 1814 828 1)
1831 818 1862 823 --
1886 806 2030 834 pulcrificant
2052 806 2141 834 virgul-

1574 848 1622 867 tum
1641 845 1686 867 570
1704 845 1719 868 b
1736 858 1767 862 —
1784 846 1806 868 ln
1825 846 1881 868 [lore
1906 849 1940 868 est
1964 852 2019 874 spes
2045 847 2140 874 fructus,

1571 885 1661 913 species
1678 889 1700 907 et
1722 885 1780 907 odor
1798 885 1842 908 457
1861 885 1876 907 b
1893 898 1923 902 —
1941 885 2010 908 hahet
2032 886 2141 914 speciosi-

1571 926 1649 952 tatem,
1666 925 1799 953 puritatem,
1816 925 1941 952 levitatem,
1959 925 2080 947 sanitatem
2093 926 2138 947 283

1571 970 1583 986 0
1601 964 1782 986 —naturaliter
1807 964 1905 987 delectat
1930 965 2005 987 visum
2031 963 2086 987 ibid.
2108 976 2140 981 —

1572 1003 1626 1025 Eius
1651 1004 1764 1026 suavitate
1790 1004 1886 1026 olfactus
1910 1004 2012 1026 reficitur
2036 1003 2092 1027 ibid.
2110 1017 2140 1020 —

1572 1043 1646 1070 magis
1662 1043 1801 1065 confricatus
1818 1043 1893 1071 magis
1910 1043 1998 1066 redolet
2015 1044 2060 1066 285
2078 1043 2093 1066 1)
2110 1056 2139 1059 —

1573 1084 1638 1104 tener
1654 1085 1739 1105 attactu
1757 1089 1827 1111 saepe
1844 1083 1942 1105 efficitur
1954 1083 2073 1106 marcidus
2085 1082 2115 1106 ib.
2126 1089 2139 1105 a

1618 1134 1649 1138 —-
1666 1122 1741 1150 pictus
1758 1128 1805 1144 nou
1823 1125 1896 1150 potest
1914 1122 1969 1150 pati,
1984 1122 2048 1151 quod
2061 1126 2140 1151 tanga-

1571 1163 1607 1183 tur
1625 1161 1670 1183 287
1687 1167 1699 1183 0
1718 1173 1748 1177 -
1766 1161 1841 1189 pictus
1866 1165 1899 1184 est
1925 1162 2007 1189 planus
2029 1161 2059 1184 ib.
2077 1161 2091 1184 b
2108 1174 2139 1178 ——

1571 1200 1675 1228 sculptus
1692 1200 1761 1223 habet
1778 1201 1866 1229 aliquas
1883 1204 1960 1229 partes
1982 1202 2140 1229 prominentes

1571 1238 1625 1262 ibid.
1645 1252 1674 1255 ——-
1691 1240 1795 1268 sculptus
1811 1240 1919 1268 designat
1935 1240 2069 1268 superbiam
2082 1239 2137 1263 ibid.

1619 1291 1648 1294 -—
1665 1282 1719 1301 sunt
1735 1283 1836 1308 quatuor
1853 1279 1915 1307 boni,
1933 1280 1954 1302 in
1972 1279 2058 1309 quibus
2072 1279 2140 1303 debe-

1572 1324 1624 1340 mus
1642 1319 1732 1346 florere,
1749 1319 1834 1341 scilicet
1848 1319 1967 1347 sapientia,
1980 1320 2139 1348 temperantia,

1574 1358 1665 1385 iustitia,
1683 1358 1791 1386 patientia
1810 1358 1855 1381 284
1873 1358 1895 1381 b.
1914 1359 1958 1381 286
1977 1365 1989 1381 0
2008 1372 2037 1375 —-
2050 1359 2088 1382 His
2100 1358 2139 1381 ob-

1572 1398 1672 1420 tinemus
1689 1399 1711 1420 in
1729 1399 1897 1421 resurrectione
1915 1399 2050 1426 claritatem,
2067 1398 2140 1422 subti-

1571 1437 1665 1464 litatem,
1683 1438 1809 1466 agilitatem
1827 1442 1851 1461 et
1868 1439 2075 1467 impassibilitatem
2094 1439 2139 1461 284

1572 1476 1595 1499 b.
1613 1477 1658 1499 286
1676 1484 1697 1504 0,
1714 1477 1737 1500 b.
1757 1478 1801 1500 287
1819 1485 1839 1506 0,
1858 1478 1880 1500 b.
1894 1479 1938 1501 288
1951 1485 1963 1501 a
1976 1491 2007 1495 —
2019 1481 2072 1501 sunt
2084 1485 2139 1507 qua·

1571 1519 1624 1538 tuor
1641 1517 1701 1544 mali,
1719 1518 1741 1539 in
1758 1517 1845 1546 quibus
1867 1524 1913 1540 non
1939 1521 1974 1540 est
1998 1518 2139 1545 florendum,

1571 1556 1611 1584 qui
1628 1559 1681 1579 sunt
1698 1558 1767 1579 tiores
1784 1557 1845 1585 picti,
1863 1557 1950 1585 foetidi,
1967 1558 2058 1586 sculpti,
2080 1557 2138 1580 aridi

1572 1596 1616 1617 ‘286
1635 1595 1657 1617 b.
1675 1596 1719 1618 287
1738 1603 1759 1623 a,
1777 1596 1799 1618 1).
1818 1597 1862 1618 288
1881 1603 1893 1619 a

1618 1647 1649 1652 -—
1666 1635 1790 1664 designant
1815 1636 1921 1658 exercitia
1946 1636 2060 1659 bonorum
2083 1643 2138 1665 ope-

1570 1681 1622 1697 rum
1641 1675 1686 1697 284
1705 1675 1719 1697 b
1736 1688 1767 1692 —
1784 1676 1909 1703 designant
1926 1676 2025 1698 mundas
2041 1676 2138 1698 affectio-

1571 1721 1611 1736 nes
1628 1715 1673 1737 570
1690 1715 1706 1737 1)
1723 1727 1754 1732 -
1779 1715 1903 1743 designant
1927 1716 2020 1738 exordia
2047 1719 2138 1738 nostrae

1570 1755 1744 1777 resurrectionis
1767 1755 1789 1776 in
1812 1754 1901 1777 Christo
1918 1755 1958 1777 281
1981 1755 1996 1777 1)
2013 1768 2043 1771 -
2060 1755 2138 1783 campi

1570 1794 1677 1822 designat
1704 1794 1814 1817 omnibus
1841 1795 1999 1817 accessibilem
2029 1795 2137 1818 iustitiam

1570 1833 1616 1855 285
1634 1833 1649 1856 b
1665 1846 1697 1850 —
1713 1834 1807 1857 candidi
1823 1837 1878 1857 sunt
1894 1835 2003 1863 Virgines
2019 1835 2065 1857 505
2082 1841 2095 1857 a
2106 1847 2137 1850 --

1570 1880 1675 1896 rosarum
1701 1877 1754 1896 5001
1778 1874 1888 1902 Martyres
1910 1873 1964 1897 ibid.
1987 1887 2017 1891 —
2034 1874 2137 1897 Christus

1570 1915 1636 1935 natus
1648 1914 1756 1941 apparuit
1769 1914 1855 1936 mundo
1867 1914 1927 1936 sicut
1939 1915 1981 1936 flos
1993 1917 2089 1942 propter
2098 1920 2136 1937 sex

1569 1952 1669 1975 rationes
1690 1953 1731 1974 116
1750 1959 1762 1975 0

1616 1992 1715 2015 Fauen-m
1733 2005 1764 2009 -
1781 1999 1793 2014 a
1807 1993 1924 2015 montibus
1936 1996 1984 2015 orta
1998 1999 2039 2021 per
2052 1996 2135 2016 terram

1568 2031 1728 2054 diffunduntur
1745 2032 1790 2054 689
1808 2038 1819 2054 0

1616 2071 1713 2094 1310101111
1732 2084 1762 2087 —
1787 2075 1888 2100 quatuor
1913 2072 2014 2100 paradisi
2040 2075 2137 2100 possunt

1568 2111 1640 2138 aptari
1659 2113 1758 2139 quatuor
1775 2111 1855 2139 gratiis
1873 2111 1917 2134 465
1934 2118 1946 2133 0

1614 2150 1707 2172 111ον1115
1723 2162 1754 2166 -
1772 2150 1879 2178 designat
1896 2151 2003 2178 pietatem
2022 2151 2050 2173 33
2069 2145 2084 2173 b

1615 2189 1702 2212 Foeous
1712 2190 1815 2218 —quod
1829 2190 1880 2212 secIt
1892 2190 1953 2212 Deus
1965 2196 2017 2213 cum
2032 2190 2134 2219 homine,

1567 2229 1636 2257 quale
1653 2229 1681 2250 sit
1698 2229 1744 2251 614
1762 2236 1783 2256 0,
1800 2229 1815 2251 b

1615 2268 1687 2290 Foiffis
1704 2281 1734 2285 —
1753 2269 1774 2290 ln
1793 2269 1860 2291 Maria
1873 2275 1956 2291 omnes
1968 2269 2058 2291 fomites
2070 2272 2135 2292 erant

1566 2307 1671 2330 exstincti
1689 2308 1718 2330 37
1737 2307 1751 2329 b
1770 2320 1798 2323 —
1816 2308 1839 2330 in
1858 2308 1925 2330 Maria
1942 2314 1987 2330 non
2006 2311 2094 2330 tantum
2112 2308 2134 2330 li-

1567 2349 1634 2374 gatus
1645 2347 1692 2374 11111,
1702 2347 1743 2369 sed
1756 2353 1797 2375 per
1807 2348 1929 2369 essentiam
1942 2348 2066 2370 exstinctus
2079 2348 2107 2369 98
2119 2354 2132 2370 0

1613 2386 1670 2408 Fons
1686 2399 1717 2403 —
1734 2387 1800 2415 Aqua
1818 2387 1886 2409 fontis
1903 2387 1932 2409 de
1950 2387 2029 2409 intimo
2051 2390 2133 2414 terrae,

1566 2425 1595 2448 de
1613 2425 1692 2453 ignoto
1715 2429 1737 2448 et
1762 2426 1835 2448 inviso
1861 2427 1911 2448 loco
1936 2426 2099 2454 010011111507
2117 2425 2132 2448 1)

1565 2477 1596 2481 -
1614 2465 1755 2487 Describitur
1773 2465 1823 2487 eius
1840 2468 1912 2492 ortus,
1929 2471 2038 2488 ascensus
2055 2469 2077 2488 et
2090 2466 2133 2487 sru-

1565 2507 1616 2526 ctus
1633 2504 1710 2533 quoad
1729 2505 1841 2532 triplicem
1858 2505 1992 2533 qualitatem
2010 2505 2051 2527 721
2075 2505 2089 2527 b
2101 2517 2132 2522 —

1566 2543 1587 2565 in
1605 2543 1752 2566 scaturiendo
1776 2546 1863 2566 tautum
1886 2544 1996 2571 ascendit,
2019 2548 2131 2572 quantum

1565 2583 1685 2605 descendit
1702 2584 1747 2605 696
1765 2589 1777 2605 0
1794 2596 1826 2599 -
1843 2587 1877 2605 051
1894 2590 1962 2612 01105,
1974 2584 2014 2606 etsi
2028 2584 2132 2606 111011111-

1565 2623 1613 2644 vuli
1636 2622 1665 2644 ab
1688 2629 1715 2644 00
1738 2622 1886 2650 egrediantur
1904 2623 1949 2644 310
1967 2622 1989 2644 1).
2009 2623 2052 2645 442
2070 2629 2082 2645 0
2100 2635 2131 2639 -

1565 2662 1582 2684 51
1601 2661 1781 2690 praecideretur,
1799 2662 1866 2684 rivuli
1883 2663 2129 2684 00110010001·011ῑ288

1564 2707 1577 2723 0
1596 2713 1624 2716 —
1642 2701 1718 2728 perdit
1734 2701 1846 2723 rationem
1865 2701 1939 2729 fontis,
1956 2701 1975 2724 si
1987 2708 2072 2730 aquam
2085 2708 2129 2724 non

1564 2740 1666 2763 retundit
1683 2740 1729 2763 480
1747 2740 1761 2762 b
1781 2753 1808 2756 —-
1831 2741 1925 2769 quando
1948 2741 2033 2763 desinit
2054 2744 2130 2763 scatu-

1564 2780 1616 2808 rire,
1634 2780 1716 2802 amittit
1733 2779 1874 2803 nobilitatem
1893 2781 1960 2803 fontis
1978 2781 2022 2802 696
2042 2780 2057 2802 b

1611 2831 1641 2836 -
1659 2820 1789 2842 fervescens
1806 2820 1924 2848 egreditur
1941 2823 2001 2842 extra
2020 2826 2044 2842 se
2057 2820 2101 2842 559
2114 2819 2129 2842 1)

1610 2871 1641 2875 -
1658 2859 1773 2887 significat
1797 2859 1915 2881 caritatem
1939 2859 1968 2881 33
1986 2859 2001 2881 b
2023 2872 2053 2875 -
2076 2859 2129 2881 dici-

1564 2900 1600 2920 tur
1618 2898 1678 2920 Deus
1696 2898 1760 2920 Pater
1777 2899 1822 2920 696
1840 2905 1853 2920 0
1873 2911 1899 2914 --
1918 2901 2014 2921 vocatur
2026 2898 2129 2921 Christus

1563 2937 1685 2965 dupliciter
1702 2937 1756 2960 ibid.
1775 2950 1802 2954 ——
1821 2940 1917 2960 vocatur
1938 2938 2006 2960 Maria
2029 2938 2129 2967 quadru-

1563 2977 1650 3004 pliciter
1667 2976 1720 3000 ibid.
1739 2977 1784 2999 697
1804 2984 1831 3004 a,
1848 2977 1863 2999 b
1884 2989 1914 2993 —
1937 2976 2040 3000 Christus
2062 2980 2129 2999 natus
