2269 3448
647 228 744 256 lNDEX
767 228 1006 256 ALPllitssE'rlCtls
1028 228 1105 256 NONl
1129 227 1315 255 VOLUMlNlS¹

355 268 410 290 AtiN

154 320 177 324 -
196 307 279 330 dicitur
298 307 338 329 [los
356 307 468 329 candidus
485 309 507 329 et
519 306 663 329 rubicundus

101 346 146 369 505
169 353 180 368 a
204 359 234 362 —
257 346 432 368 comuiemlatur
457 352 468 367 a
495 346 584 373 Sponso
610 351 663 373 qua·

102 389 153 408 tuor
170 385 215 407 506
233 392 244 407 3
263 397 294 402 —-
310 384 446 407 Coniunctio
462 384 544 407 Christi
557 387 579 406 ct
590 385 664 411 Agne-

101 425 128 447 tis
145 428 178 447 cst
195 424 326 446 coniunctio
344 424 426 452 Sponsi
444 426 466 445 et
483 429 582 451 sponsae
594 423 639 445 505
651 429 663 444 a

101 476 129 479 -—
146 470 218 492 quare
244 466 338 485 vocetur
364 469 375 484 a
403 463 492 490 Sponso
512 468 590 488 soror,
608 462 663 489 illia,

100 509 196 530 sponsa,
217 502 290 524 amica
314 502 358 523 506
379 501 459 523 3-510
478 501 492 523 b
510 513 540 516 —
562 506 608 522 non
626 507 664 522 au-

100 542 157 564 divit
174 548 215 564 1100
233 541 290 563 vidit
307 547 349 563 nec
367 541 468 568 gustavit
489 540 531 562 nisi
555 540 662 562 dilectum

100 581 145 603 505
163 587 174 602 3

147 631 177 635 -
195 619 235 641 i'uit
252 620 330 647 pulcra
348 624 429 645 carue,
448 618 549 646 pulcrior
574 620 663 644 mente,

100 659 254 686 pulcherrima
273 658 317 680 ilde
335 659 380 680 503
398 657 412 679 b
430 670 460 674 —
478 658 525 679 Non
545 657 586 679 suit
604 657 624 678 in
637 662 663 678 03

101 699 189 720 macula
217 697 261 719 sub
284 697 401 725 sextuplici
425 699 530 724 respectu
556 695 611 718 ibici.
633 708 664 712 —-

101 737 141 759 t'uit
160 740 204 759 tota
224 737 301 764 pulcra
325 735 379 759 ibid.
397 747 426 752 -
444 736 484 758 t'uit
501 736 593 763 pulcra,
611 735 664 757 odo-

100 776 179 803 rifera,
197 776 281 803 Spiritu
301 776 324 797 S.
341 775 425 802 repleta
445 774 473 797 ita.
491 781 502 796 a
523 786 554 791 ·—
575 774 615 796 suit
632 774 664 796 in-

99 818 220 843 corrupta,
245 815 361 842 prudens,
383 820 502 842 amorosa,
528 814 664 841 contempla·

100 855 144 877 tiva
168 858 189 876 et
211 854 342 876 excessivae
367 853 467 875 caritatis
485 853 530 875 505
549 852 570 874 b.
589 853 633 875 506
651 858 663 874 3

101 905 131 910 -
149 893 222 921 gratia
240 893 340 915 caritatis
358 895 402 915 tota
427 893 511 920 repleta
531 891 571 913 tuit
589 891 629 913 501
650 897 663 912 a

99 945 129 948 -
148 932 228 955 habuit
245 932 266 954 in
283 938 308 954 se
326 932 460 959 puritatem,
480 930 614 958 bonitatem,
628 930 665 952 fir-

99 971 201 994 mitatem
220 971 264 994 506
282 970 297 993 b
315 984 343 986 —
363 970 450 999 ubique
467 970 558 998 reliquit
575 969 663 991 bonum

99 1011 208 1039 odorem⁷
226 1010 306 1033 habuit
322 1010 393 1032 vitam
406 1010 563 1036 incorruptam
576 1011 598 1031 et
610 1014 664 1030 con-

99 1050 217 1073 scientiam
236 1049 347 1071 mundam
365 1048 410 1070 508
428 1055 440 1070 3
458 1060 488 1064 -
506 1048 547 1070 Per
566 1049 621 1070 haec
637 1049 664 1070 10-

99 1089 129 1112 011
145 1089 215 1111 11111113
239 1089 348 1111 miracula
372 1087 426 1110 ibid.
447 1100 478 1103 —-
500 1093 511 1109 a
535 1087 621 1114 Spiritu
639 1087 662 1109 S.

100 1134 185 1156 magno
203 1127 305 1156 pondere
323 1127 366 1149 lixa
384 1130 432 1149 erat
454 1127 476 1148 in
499 1126 545 1148 tide
567 1129 589 1148 et
611 1126 664 1148 diie-

100 1168 174 1190 ctione
192 1167 232 1189 Dei
250 1167 295 1189 507
314 1166 328 1188 b

147 1219 177 1223 —
196 1207 267 1234 Virgo
285 1206 326 1228 t'uit
348 1208 370 1228 et
392 1206 475 1232 illartyr
493 1205 538 1227 505
556 1211 568 1226 3
585 1217 616 1221 -
633 1205 664 1226 iu-

99 1246 196 1268 0000013
223 1246 263 1267 tuit
285 1247 370 1272 aetate,
388 1251 443 1267 cana
462 1244 503 1266 suit
523 1244 601 1266 animo
619 1244 660 1266 501

99 1291 120 1307 a.
138 1285 182 1306 506
201 1284 215 1306 b
232 1296 263 1306 -.—-
280 1284 328 1306 ibat
344 1284 372 1306 ad
395 1284 531 1312 martyrium
554 1283 584 1305 ita
609 1289 664 1311 gau-

99 1324 194 1350 denter,
210 1323 317 1352 (1111151311
335 1323 416 1351 epulas
428 1323 522 1345 invitata
540 1323 585 1345 523
603 1321 618 1344 b
634 1334 664 1338 —

99 1363 191 1392 reliquit
212 1366 301 1390 patrem
327 1365 349 1384 et
375 1365 471 1384 matrem
488 1364 511 1384 et
528 1361 603 1384 onmia
622 1367 664 1389 pro

99 1402 189 1425 Christo
213 1402 258 1424 504
280 1408 292 1424 a
310 1414 341 1418 -—
358 1401 435 1424 omnia
459 1401 598 1428 contempsit
614 1406 665 1428 pro-

100 1445 150 1470 pter
177 1442 249 1464 Deum
276 1441 320 1464 507
338 1447 359 1468 a,
376 1440 391 1462 b
408 1452 439 1457 ——-
461 1446 553 1468 semper
578 1443 664 1462 armata

101 1482 141 1504 t'uit
157 1484 274 1503 armatura
293 1480 391 1508 Spiritus
409 1480 431 1501 S.
449 1480 493 1501 502
506 1486 518 1501 3
531 1491 562 1496 ·-
575 1485 616 1501 nec
628 1479 666 1502 do-

99 1520 135 1543 nis
157 1526 199 1542 nec
221 1519 331 1548 precibus
355 1525 397 1541 nec
421 1519 490 1541 minis
512 1519 572 1541 ssecti
592 1518 666 1546 potuit

100 1559 145 1582 508
165 1566 177 1581 a
199 1571 231 1575 —
255 1559 283 1581 ita
307 1559 423 1586 sapienter
444 1558 577 1585 respondit,
600 1564 626 1580 ac
648 1559 665 1580 si

100 1599 179 1621 suisset
196 1598 284 1621 doctrix
302 1597 431 1625 theologiae
448 1597 493 1619 506
511 1597 526 1619 b
538 1609 569 1613 —
580 1597 667 1619 assimi-

100 1639 159 1660 latur
171 1637 283 1666 equitatni
302 1637 425 1659 Pharaonis
442 1639 538 1664 propter
549 1637 667 1659 consimile

99 1677 198 1705 bellum,
226 1676 311 1703 robur,
336 1676 493 1704 praesidium,
522 1676 666 1704 triumphum

100 1717 140 1739 50i
163 1716 177 1738 b
194 1728 225 1732 —
242 1716 308 1744 virgo
326 1715 450 1738 duodecim
463 1721 576 1737 annorum
589 1715 666 1743 gladio

100 1756 207 1778 transfixa
224 1758 259 1777 est
275 1754 321 1777 604
338 1754 353 1776 b
369 1767 401 1771 -—
422 1755 517 1782 Propter
539 1754 589 1776 eius
606 1754 668 1776 obla-

100 1795 187 1817 tionem
205 1794 308 1817 Christus
326 1794 396 1816 multa
415 1793 474 1816 bona
485 1793 537 1815 tecit
553 1793 667 1816 Ecclesiae

101 1834 146 1857 505
164 1833 179 1856 b

147 1885 178 1889 —
196 1873 228 1895 De
246 1873 295 1901 ipsa
311 1872 453 1895 sumendum
480 1875 514 1894 est
534 1872 665 1900 exemplum

101 1913 191 1935 virtutis
212 1915 235 1935 et
260 1912 400 1934 tortitudinis
425 1911 470 1933 502
494 1918 515 1939 3,
537 1911 552 1933 b
577 1924 609 1927 —
633 1915 667 1933 est

100 1952 231 1980 exemplum
257 1955 334 1974 contra
361 1954 463 1974 nostram
488 1950 622 1979 superbiam
646 1953 668 1973 et

100 1991 217 2019 pigritiam
235 1991 280 2013 506
297 1997 310 2013 a
326 2003 358 2007 —
380 1991 472 2012 inventa
490 1991 532 2012 suit
548 1990 570 2012 in
591 1991 667 2013 Eccle-

100 2031 132 2053 sia
151 2034 173 2053 et
190 2030 307 2058 proposita
325 2030 374 2052 aliis
392 2030 413 2051 in
436 2030 570 2058 exemplum
589 2029 634 2052 505
652 2029 667 2051 b

101 2082 131 2086 —
148 2070 221 2097 posita
239 2072 273 2091 est
290 2075 303 2091 a
320 2068 409 2092 Christo
426 2069 448 2091 in
476 2069 574 2091 Ecclesia
601 2069 666 2098 quasi

101 2115 174 2131 unnm
194 2114 306 2136 magnum
318 2109 396 2130 lumen
409 2108 438 2130 ab
451 2108 502 2136 ipso
515 2108 666 2130 illuminatum

102 2148 146 2170 509
164 2147 179 2170 b

149 2188 222 2210 Aenus
239 2200 269 2202 —
287 2189 321 2209 est
345 2187 429 2208 animal
455 2186 667 2209 mansuetissimum

102 2226 147 2248 656
165 2225 180 2248 b

148 2277 179 2281 —
195 2265 315 2287 anniculus
331 2271 376 2287 non
394 2267 484 2292 poterat
501 2264 613 2287 veraciter
629 2271 669 2292 pu-

102 2304 192 2327 rificare
210 2304 255 2327 654
272 2303 287 2326 b
303 2316 334 2320 —
352 2304 472 2326 anniculus
490 2304 589 2331 figuram
606 2309 670 2331 gere-

103 2343 142 2366 bat
159 2343 207 2365 veri
226 2343 285 2371 Agni
302 2342 358 2366 ibid.

150 2395 181 2398 —
198 2382 312 2410 paschalis
329 2382 435 2409 designat
458 2381 573 2404 Christum
591 2381 636 2404 247
654 2381 669 2403 b

103 2435 132 2438 —
146 2421 199 2444 Eius
216 2423 287 2449 caput
298 2421 404 2449 designat
416 2421 563 2443 Divinitatem
576 2420 669 2449 Christi;

103 2461 187 2489 pedes,
205 2461 302 2488 vestigia
323 2460 469 2483 humanitatis
490 2460 534 2482 249
553 2466 574 2482 a.
592 2460 636 2482 258
654 2459 669 2482 b

103 2512 134 2516 —
151 2500 204 2522 Eius
227 2499 331 2522 intestina
350 2499 473 2527 designant
495 2498 621 2521 verborum
648 2501 670 2521 et

103 2539 265 2562 mandatorum
279 2539 387 2566 mysteria
405 2538 449 2560 249
467 2545 478 2560 3
497 2550 527 2555 -
546 2539 599 2561 Eius
615 2539 669 2560 inte-

103 2578 159 2601 stina
173 2578 295 2606 designant
307 2579 453 2600 Sacramenta
465 2578 509 2600 258
520 2577 535 2600 b
549 2590 579 2594 -—
589 2578 670 2600 Modus

104 2617 188 2640 edendi
205 2623 292 2645 agnum
316 2618 449 2645 paschalem
472 2617 547 2645 figura
564 2617 606 2639 suit
623 2623 670 2639 mo-

105 2657 149 2679 dus
171 2657 277 2679 sumendi
300 2657 460 2679 eucharistiam
483 2656 528 2678 248
546 2662 566 2685 3,
585 2656 606 2678 b.
625 2656 670 2679 249

105 2702 125 2723 3,
143 2695 166 2718 b.
183 2696 228 2718 258
247 2695 270 2717 b.
288 2696 332 2718 259
350 2695 366 2718 b

152 2736 198 2757 ΑιΑ
216 2747 247 2751 -
265 2735 360 2757 Duabus
384 2735 426 2757 alis
448 2736 526 2758 volare
550 2738 585 2758 est
607 2741 671 2763 prae-

105 2774 245 2796 sumtionem
255 2777 277 2796 et
286 2774 496 2802 pusillanimitatem
506 2781 589 2797 cavere
601 2774 647 2796 615
656 2774 671 2796 b

153 2814 288 2836 AtexAnmzn
302 2826 333 2830 —
353 2821 453 2842 magnus
474 2814 546 2837 noluit
563 2814 672 2842 subigere

107 2853 204 2875 insulam
214 2853 361 2881 Fragmariae
371 2856 466 2882 propter
478 2854 605 2876 incolarum
618 2859 673 2881 pau-

107 2894 219 2920 pertatem
237 2893 283 2914 285
300 2893 315 2915 b
333 2906 362 2909 -—
380 2893 511 2921 Philosophi
529 2899 608 2916 coram
622 2893 672 2921 ipso

107 2931 220 2960 dixerunt,
238 2937 288 2954 esse
306 2933 384 2960 plures
401 2933 502 2955 mundos
515 2933 558 2954 439
571 2932 587 2954 11
598 2945 629 2948 -
641 2932 673 2954 di·

107 2971 145 2998 xit,
158 2977 182 2993 se
199 2972 258 2993 velle
276 2972 353 2999 plures
365 2972 465 2994 mundos
477 2971 604 3000 subingare
620 2971 673 2995 ibid.

108 3025 138 3029 —
155 3011 256 3035 moriens
274 3011 345 3034 dixit:
367 3011 433 3033 Plebs
458 3017 496 3033 me
522 3011 577 3033 dicit
601 3011 672 3034 filium

699 306 768 333 lnris;
785 306 825 328 sed
840 306 906 333 plaga
920 312 969 327 men
983 306 1049 333 dicit,
1063 305 1124 334 (111011
1138 311 1189 327 sum
1204 305 1262 327 illius

698 344 798 366 hominis
815 345 860 366 639
877 351 889 366 3

745 396 771 399 -—
800 390 838 405 rex
865 384 943 411 Syriae
967 384 1127 411 interpretatur
1153 383 1262 405 allevians

700 422 806 444 tenebras
824 422 869 444 634
888 422 902 444 b
915 435 942 438 ἥ
957 422 1064 449 designat
1080 422 1195 444 Christum
1208 420 1261 443 ibid.

745 462 833 483 Auram-2
850 473 879 477 -
898 462 961 483 locus
973 464 1007 483 cst
1019 461 1124 483 sacrificii
1137 464 1158 482 et
1170 460 1262 483 divinae

698 500 834 528 placationis
851 501 896 522 260
914 506 926 521 a

745 539 809 561 AMAN
822 551 852 555 —
865 538 1046 567 superbissimus
1063 539 1166 561 deiectus
1183 541 1204 561 01
1216 544 1263 560 sus-

699 584 784 605 pensus
807 581 841 600 est
858 579 903 600 299
922 577 936 600 b
953 590 984 594 —
1001 578 1125 600 iracundus
1152 582 1262 606 tanquam

698 617 812 639 homicida
840 623 881 645 pro
905 618 1056 639 illardochaeo
1080 616 1121 639 i'uit
1137 622 1264 644 suspensus

698 656 742 678 376
762 656 775 677 b

745 696 876 718 Aiimm’ruoo
893 707 923 712 -
935 695 1049 723 siguificat
1060 695 1262 722 compunctionem

697 734 727 757 75
745 734 760 756 b

745 774 838 796 Aiinrrio
856 786 886 789 —-
903 780 949 795 nou
968 777 1043 800 potest
1059 779 1110 795 esse
1127 773 1176 795 sine
1188 779 1264 795 aemn-

698 813 781 835 latione
799 814 843 835 628
862 812 876 835 b

745 854 869 874 Ainuiosius
887 865 914 868 --
933 858 986 874 cum
1004 852 1094 874 audiret
1107 854 1199 880 peccata
1212 852 1263 874 alio-

698 897 762 920 rum,
780 891 849 913 tiebat
866 891 910 913 557
929 897 940 913 a

745 931 871 953 AMliULATlO
888 943 918 946 »-
935 930 990 953 dicit
1007 936 1142 958 processum
1156 936 1197 958 per
1214 935 1264 957 pro-

698 970 781 992 tectum
801 970 844 991 Ἰ163
863 976 874 991 3
893 982 923 986 -
940 969 970 991 1111
993 971 1045 997 11051
1068 969 1190 991 Dominum
1216 975 1264 990 am-

699 1008 784 1036 bulant,
797 1009 836 1037 (1111
855 1008 915 1030 bona
934 1014 1003 1036 opera
1023 1008 1173 1036 multiplicant
1194 1008 1234 1030 571
1252 1014 1263 1029 3

698 1061 727 1063 -
745 1047 897 1070 Ambulamus
914 1048 986 1075 digne
1003 1048 1050 1069 Deo
1068 1053 1109 1075 per
1131 1053 1198 1069 usum
1216 1053 1264 1069 ora-

698 1087 777 1112 tionis.
795 1087 896 1109 studium
915 1086 1052 1114 sapientiae,
1070 1086 1202 1108 exercitium
1215 1092 1265 1113 gra-

698 1126 741 1148 tiae
760 1126 805 1148 445
823 1125 838 1148 b
856 1138 885 1141 —-
907 1125 1079 1148 Ambulandum
1097 1128 1132 1147 est
1152 1128 1218 1147 caute
1243 1128 1265 1147 et

698 1165 827 1191 humiliter,
845 1171 890 1187 non
908 1167 1044 1192 arroganter
1056 1167 1095 1187 aut
1107 1164 1207 1192 superbe
1220 1164 1264 1186 476

698 1204 713 1227 b
731 1218 760 1221 —
779 1205 835 1226 Viae
852 1207 919 1226 caute
944 1203 1080 1226 ambulandi
1105 1206 1159 1226 sunt
1175 1207 1264 1231 septem

699 1244 743 1266 434
761 1244 784 1266 b.
802 1243 847 1266 435
864 1250 876 1265 a

745 1284 850 1306 AMENTES
866 1295 897 1298 —
915 1282 1084 1310 perfunduntur
1105 1288 1164 1311 aqua
1183 1282 1265 1310 frigida

698 1323 743 1345 287
762 1323 776 1345 11

746 1363 830 1384 Aiiicus
848 1375 876 1377 —
894 1361 1026 1384 Amicorum
1045 1364 1079 1383 est
1095 1361 1157 1383 idem
1177 1361 1233 1383 velle
1245 1364 1267 1383 et

699 1402 761 1424 idem
779 1402 838 1424 nolle
855 1401 901 1423 504
919 1407 939 1423 3.
957 1401 997 1423 531
1020 1400 1035 1422 b
1047 1413 1077 1417 —
1090 1400 1139 1422 odit
1150 1400 1265 1428 quidquid

699 1441 774 1463 amico
792 1446 834 1463 suo
852 1443 887 1462 est
903 1440 1011 1462 odiosum
1030 1440 1070 1462 571
1093 1439 1108 1461 b
1124 1451 1155 1456 —
1172 1440 1220 1461 Non
1233 1442 1267 1462 est

699 1480 843 1508 reputandus
859 1480 948 1502 amicus
971 1479 1009 1508 qui
1033 1482 1084 1501 ante
1111 1482 1208 1501 mortem
1235 1478 1267 1501 di-

700 1519 768 1542 mittit
784 1525 863 1541 amare
881 1520 925 1541 559
942 1518 956 1540 11
968 1531 999 1535 -
1011 1518 1079 1540 etiam
1093 1518 1173 1545 fidelis,
1185 1518 1267 1540 abhor-

699 1561 733 1581 ret
749 1564 832 1581 curare
849 1558 942 1580 vulnera
961 1558 1067 1580 t'ootentia
1079 1557 1149 1579 nostri
1163 1557 1267 1585 corporis

699 1598 729 1620 72
747 1597 762 1619 b
779 1610 810 1614 —
827 1597 957 1625 spirituales
975 1597 1119 1624 praeferendi
1143 1599 1196 1618 sunt
1217 1602 1267 1619 car-

700 1637 789 1659 nalibus
815 1638 859 1659 212
878 1636 893 1658 b
910 1649 941 1653 —
957 1636 1061 1659 Amicitia
1086 1642 1127 1664 per
1150 1638 1265 1658 turturem

700 1677 834 1704 designatur
852 1675 896 1698 647
915 1675 930 1697 b

747 1728 778 1731 —
795 1715 834 1737 Dei
847 1721 893 1736 non
907 1717 940 1736 est
952 1714 991 1743 qui
1005 1720 1048 1736 non
1062 1714 1187 1736 detestatur
1199 1720 1268 1736 omne

700 1755 786 1777 malum
804 1755 825 1776 in
844 1760 868 1776 se
886 1757 908 1776 et
924 1754 946 1776 in
964 1754 1008 1776 alio
1026 1754 1070 1775 509
1089 1759 1101 1775 3
1118 1766 1150 1769 -
1162 1753 1202 1775 Dei
1220 1754 1269 1775 nul-

699 1794 734 1816 lus
752 1797 793 1822 est,
805 1793 847 1815 nisi
864 1793 919 1815 00111
936 1792 1032 1815 obedire
1044 1792 1089 1814 504
1101 1798 1114 1814 3
1126 1805 1157 1809 —-
1169 1792 1209 1814 Dei
1221 1793 1269 1814 nul-

701 1834 735 1855 lus
753 1836 787 1855 est
804 1833 853 1855 sine
870 1832 981 1860 sapientia
1000 1831 1030 1854 ib.
1048 1832 1063 1854 b
1075 1844 1102 1847 —
1118 1832 1157 1854 Dei
1170 1831 1269 1854 maxime

700 1875 735 1895 est
759 1872 798 1901 qui
824 1871 934 1894 observat
950 1871 1027 1894 omnia
1053 1871 1103 1893 cius
1126 1870 1268 1898 beneplacita

701 1910 729 1934 ib.
739 1917 752 1933 3
763 1923 794 1927 —-
804 1911 927 1940 Quomodo
939 1911 1039 1933 amicitia
1051 1913 1201 1932 conservetur
1211 1910 1269 1932 inter

701 1957 743 1973 nos
760 1954 782 1973 et
798 1951 872 1973 Deum
890 1949 944 1973 ibid.
957 1963 985 1966 —
999 1950 1102 1972 Amicitia
1121 1951 1220 1977 perfecta
1239 1949 1269 1971 ad

701 1990 817 2018 Sponsum
835 1989 932 2012 habetur
950 1996 992 2017 per
1008 1992 1109 2018 quatuor
1126 1989 1171 2011 503
1190 1995 1201 2010 a

747 2031 864 2052 Auamma
881 2041 912 2045 —
929 2029 1090 2057 interpretatur
1113 2028 1221 2051 volubilis
1239 2028 1268 2050 64

701 2075 713 2091 a
730 2082 761 2085 —
778 2069 892 2096 significat
909 2068 1076 2091 volubilitatem
1094 2067 1151 2090 ibid.

749 2109 813 2130 Amon
830 2120 861 2124 —-
878 2111 912 2130 est
930 2108 964 2130 vis
983 2107 1070 2130 unitiva
1089 2107 1133 2129 407
1152 2107 1174 2129 b.
1187 2107 1232 2129 508
1246 2106 1269 2129 b.

702 2148 746 2170 653
765 2147 780 2170 b
797 2160 828 2164 —
847 2148 934 2170 Bonum
952 2150 974 2169 et
992 2153 1057 2169 amor
1074 2149 1108 2169 est
1126 2147 1161 2169 vis
1179 2146 1267 2168 unitiva

702 2187 746 2209 643
766 2186 780 2208 b
798 2199 828 2202 —
845 2187 937 2208 Amoris
959 2186 1103 2208 uniformitas
1127 2185 1270 2213 significatur

701 2232 744 2253 per
762 2231 873 2253 sponsam
891 2228 995 2247 ornatam
1014 2225 1064 2247 viro
1086 2231 1128 2247 suo
1147 2225 1187 2246 601
1209 2230 1222 2246 3
1239 2236 1270 2240 -

702 2265 788 2286 Amans
805 2264 921 2286 desiderat
938 2264 1042 2291 copulari
1068 2266 1145 2286 amato
1162 2264 1191 2285 88
1210 2269 1222 2285 3
1239 2275 1269 2279 -

703 2304 850 2325 transformat
866 2305 982 2325 amantem
1000 2303 1021 2324 in
1034 2306 1137 2325 amatum
1150 2302 1178 2323 98
1191 2308 1213 2324 a.
1225 2302 1269 2324 408

703 2348 723 2364 3.
742 2342 787 2364 574
805 2341 828 2364 b.
846 2342 890 2364 593
911 2341 934 2364 b.
957 2342 998 2363 691
1020 2341 1035 2363 b
1052 2354 1083 2357 -—
1100 2342 1161 2369 Quot
1177 2347 1214 2363 res
1232 2346 1271 2363 cor

703 2381 788 2410 diligit,
806 2384 838 2404 tot
855 2380 897 2403 sibi
916 2381 965 2403 unit
982 2384 1004 2403 et
1021 2381 1139 2408 componit
1157 2380 1200 2402 407
1214 2379 1229 2402 b
1240 2392 1271 2396 —

703 2422 722 2443 si
739 2421 816 2443 unitur
833 2421 872 2443 uni
890 2423 912 2442 et
928 2420 1035 2448 simplici,
1052 2420 1151 2448 acquirit
1167 2419 1271 2447 corporis

703 2460 871 2489 simplicItatem
891 2463 912 2482 et
929 2460 1053 2488 puritatem
1071 2458 1125 2482 ibici,
1144 2459 1189 2481 408
1207 2465 1220 2481 3

750 2511 780 2516 —
797 2500 911 2522 volentior
928 2502 962 2521 est
978 2505 1049 2527 quam
1068 2498 1181 2526 potentior
1200 2497 1244 2520 447
1256 2497 1271 2519 b

703 2552 733 2555 —
751 2541 939 2566 consummatur,
956 2538 1050 2567 quando
1073 2539 1143 2560 homo
1166 2538 1271 2560 dolorem

704 2585 749 2601 non
767 2578 835 2600 sentit
851 2578 896 2600 560
915 2584 927 2599 a
940 2590 970 2593 —
982 2577 1132 2605 distinguitur
1150 2576 1271 2604 gratuitus,

703 2617 795 2641 debitus
812 2621 834 2640 et
850 2624 877 2639 ex
895 2620 993 2646 utroque
1010 2617 1137 2644 permixtus
1154 2616 1199 2638 355
1217 2622 1229 2638 3
1242 2628 1272 2631 ——

704 2664 810 2680 summus
819 2657 972 2683 naturalisest
981 2657 1060 2679 matris
1070 2656 1098 2679 ad
1109 2656 1272 2684 tilium,acqui-

704 2697 761 2719 situs
778 2702 879 2725 sponsae
896 2696 925 2718 ad
943 2702 1054 2724 sponsum
1073 2695 1119 2718 704
1137 2695 1151 2717 b
1168 2707 1199 2711 ——-
1211 2701 1272 2717 sum-

706 2742 757 2758 mus
775 2736 889 2764 gratuitus
906 2738 940 2757 est
957 2735 1040 2757 caritas
1056 2734 1112 2757 ibid.
1123 2747 1154 2751 —
1165 2735 1203 2756 Est
1215 2740 1272 2763 qua-

705 2776 801 2803 druplex
819 2775 917 2797 dualitas
926 2776 1020 2797 sanctae
1031 2774 1199 2796 coniunctionis
1211 2780 1272 2795 arno-

705 2815 737 2837 ris
754 2815 799 2837 532
817 2820 829 2836 3
847 2826 878 2830 -
895 2813 953 2836 Huic
970 2813 1076 2836 diabolus
1093 2813 1203 2841 opposuit
1218 2818 1273 2841 qua-

706 2857 758 2877 tuor
776 2854 897 2876 dualitates
917 2853 988 2875 malas
1005 2852 1034 2875 ib.
1053 2852 1068 2874 b

755 2906 785 2909 —
802 2899 873 2915 verus
890 2898 934 2914 non
952 2894 1028 2920 potest
1048 2897 1099 2913 esse
1116 2891 1165 2913 sine
1190 2892 1273 2913 timore

707 2933 752 2955 520
770 2932 785 2955 b
799 2945 827 2948 -
840 2935 862 2954 et
879 2933 948 2954 timor
964 2937 1006 2953 nos
1017 2932 1106 2953 vehunt
1117 2930 1138 2952 in
1150 2930 1213 2953 viam
1226 2935 1273 2952 mo-

707 2978 759 2994 rum
777 2974 799 2994 et
816 2973 908 2999 portant
925 2976 1000 2999 usque
1016 2971 1044 2992 ad
1063 2970 1152 2992 caelum
1170 2970 1216 2991 7116
1233 2975 1245 2991 3
1257 2968 1273 2991 b

707 3024 737 3027 —
749 3014 772 3033 et
788 3011 857 3033 timor
869 3009 955 3032 debent
966 3016 1017 3032 esse
1028 3009 1142 3032 coniuncti
1160 3015 1213 3031 cum
1230 3008 1274 3030 vir-

1823 231 1858 256 77

1550 267 1607 289 ΛΝΙ)

1297 305 1382 327 tutibus
1394 305 1549 328 cardinalibus
1558 305 1587 328 ih.
1598 306 1612 327 b
1622 318 1652 322 —
1662 309 1683 328 et
1696 306 1762 328 tiiuoi·
1776 306 1860 328 siu-iunt

1296 347 1400 366 sanctum
1419 344 1463 366 420
1482 344 1496 366 b
1514 357 1544 360 —
1562 344 1630 366 habet
1651 345 1781 367 adiunctam
1800 352 1860 367 coui-

1297 383 1444 409 punctionem
1464 383 1507 405 258
1526 383 1540 405 li
1558 396 1588 400 —
1605 383 1711 405 mirabilis
1723 384 1807 406 autoris
1820 388 1861 411 est,

1298 422 1318 443 in
1336 428 1382 450 quo
1400 422 1467 444 simul
1485 425 1537 444 sunt
1554 423 1617 449 rigor
1634 423 1762 444 severitatis
1779 423 1861 445 010111-

1297 467 1336 482 cor
1354 460 1501 488 benignitatis
1520 461 1564 483 484
1581 468 1593 482 a

1344 511 1375 516 —
1393 500 1431 522 Dei
1450 506 1567 528 nunquam
1586 502 1619 522 est
1636 500 1723 522 otiosus
1741 500 1785 522 342
1804 500 1818 522 b
1831 513 1861 517 —

1297 538 1404 561 i’robatio
1421 539 1493 561 divini
1512 539 1597 561 amoris
1614 539 1722 561 exhibitio
1740 542 1773 561 est
1785 540 1861 567 operis

1298 578 1342 599 238
1354 577 1368 599 b
1377 591 1408 593 —
1418 578 1465 606 Dei,
1478 578 1495 599 si
1508 581 1549 605 est,
1561 580 1670 605 operatur
1684 584 1778 606 magna;
1795 579 1811 600 si
1825 585 1862 600 311-

1298 619 1343 639 tem
1362 617 1453 644 operari
1471 617 1557 645 renuit,
1575 623 1640 639 amor
1667 623 1711 639 non
1733 620 1766 639 est
1784 617 1828 639 342
1847 617 1861 639 b

1298 668 1328 672 —-
1345 656 1404 678 inter
1421 662 1463 678 nos
1480 659 1502 678 et
1525 657 1597 678 Deum
1621 656 1720 678 nutritur
1738 663 1779 684 per
1802 656 1861 678 bona

1298 701 1367 723 opera
1386 694 1440 718 ibid.
1457 708 1485 711 —-
1506 696 1562 717 inter
1580 702 1621 717 nos
1638 698 1660 717 et
1672 696 1804 723 proximum
1822 702 1863 717 nu-

1298 735 1363 756 tritur
1381 741 1422 762 per
1439 738 1518 757 mutua
1536 734 1647 763 obsequia
1666 733 1720 757 ibid.

1345 786 1375 790 —
1393 774 1476 795 Amare
1493 773 1607 796 debemus
1633 774 1704 795 Deum
1732 776 1863 801 aeternum,

1298 812 1413 835 Christum
1432 813 1566 835 crucifixum
1585 816 1607 835 et
1623 813 1719 835 salutent
1732 813 1861 834 animarum

1298 854 1428 874 nostrarum
1447 852 1490 874 513
1509 851 1524 873 11
1539 864 1567 868 -
1579 852 1636 874 Nihil
1655 854 1688 874 est
1704 851 1792 879 plenius
1804 852 1863 874 delo-

1298 891 1396 913 ctatione
1414 897 1483 919 (1113111
1502 897 1580 913 amare
1593 891 1665 913 Deum
1679 891 1723 913 559
1736 897 1747 912 a
1760 903 1791 907 —-
1803 891 1861 913 Nihil

1298 930 1395 957 dulcius,
1414 930 1467 952 nihil
1480 930 1561 952 iustius
1573 936 1642 958 quam
1656 936 1734 952 amare
1747 930 1862 952 Christum

1298 968 1352 992 ibid.
1370 981 1400 986 -—-
1418 968 1535 991 Debemus
1560 976 1638 991 amare
1664 969 1736 991 Deum
1760 969 1789 991 de
1816 972 1861 991 toto

1298 1008 1369 1030 corde
1386 1011 1464 1030 nostro
1477 1008 1517 1030 521
1540 1014 1551 1029 3
1564 1020 1594 1024 -—
1606 1008 1699 1030 (livinus
1711 1014 1792 1030 omnes
1804 1014 1864 1030 ama-

1298 1047 1410 1069 ritudines
1435 1047 1548 1069 convertit
1570 1047 1592 1069 in
1618 1047 1764 1069 dulcedinem
1789 1047 1833 1069 559
1851 1054 1863 1069 3

1298 1099 1329 1102 -
1346 1086 1439 1108 Gustata
1457 1086 1578 1108 dulcedine
1595 1086 1681 1108 amoris
1694 1086 1773 1113 divini,
1787 1087 1863 1108 omnia

1300 1125 1375 1148 dulcia
1401 1125 1501 1147 extranei
1531 1125 1623 1152 generis
1648 1125 1756 1147 videntur
1784 1131 1862 1147 amara

1299 1164 1353 1187 ibid.
1376 1177 1406 1180 -
1428 1167 1521 1186 sanctus
1546 1164 1680 1192 designatur
1710 1170 1750 1192 per
1775 1171 1864 1187 novum

1300 1204 1473 1226 Testamentum
1492 1204 1532 1225 521
1555 1203 1570 1225 b

1346 1255 1377 1259 —
1394 1243 1521 1264 intlammat
1533 1242 1737 1270 concupiscibilem
1751 1243 1795 1265 252
1809 1242 1823 1264 b
1836 1255 1866 1259 —

1300 1282 1422 1310 exstinguit
1439 1282 1462 1304 in
1480 1284 1555 1304 mente
1573 1282 1669 1304 carnalia
1688 1282 1801 1304 desideria
1821 1282 1865 1304 270

1300 1321 1315 1344 b
1332 1335 1360 1338 -—
1379 1322 1403 1343 in
1419 1322 1500 1343 affectu
1518 1322 1593 1343 elevat
1613 1321 1642 1343 ad
1662 1321 1866 1349 contemplandum

1300 1361 1345 1383 639
1364 1360 1379 1382 11
1396 1373 1425 1376 ——
1445 1361 1497 1383 tacit
1513 1361 1615 1382 animam
1628 1360 1723 1382 liberam
1741 1367 1753 1382 a
1771 1363 1866 1388 peccato

1301 1400 1346 1422 643
1366 1400 1380 1422 b
1397 1412 1428 1416 —
1450 1402 1544 1422 sanctus
1566 1402 1600 1422 est
1625 1406 1669 1422 una
1693 1400 1722 1422 de
1747 1399 1864 1422 radicibus

1300 1439 1425 1462 sanctitatis
1450 1439 1495 1461 520
1519 1438 1533 1461 b
1558 1451 1590 1455 —
1614 1439 1704 1467 perlicit
1721 1439 1865 1461 sanctitatem

1300 1479 1341 1501 521
1364 1485 1376 1500 3
1393 1491 1424 1495 —
1441 1479 1532 1500 Amoris
1557 1481 1636 1500 natura
1654 1481 1688 1500 est
1706 1479 1765 1506 ignis
1787 1478 1832 1499 704
1851 1477 1865 1500 b

1300 1531 1330 1534 —
1349 1518 1385 1540 hic
1402 1521 1436 1540 est
1452 1518 1512 1540 sieut
1529 1518 1601 1546 ignis,
1619 1518 1658 1540 sed
1683 1517 1712 1539 ibi
1739 1518 1781 1539 erit
1806 1517 1866 1539 sicut

1300 1557 1406 1579 caminus
1422 1557 1467 1579 559
1480 1556 1495 1579 b
1507 1569 1537 1572 —
1549 1557 1648 1579 Grandis
1659 1563 1735 1579 sermo
1753 1559 1787 1578 est
1803 1557 1866 1585 loqui

1301 1597 1330 1619 de
1347 1602 1427 1618 amore
1444 1596 1489 1618 502
1507 1595 1522 1617 b
1545 1609 1575 1611 —
1598 1596 1706 1623 Dispositi
1730 1601 1771 1623 per
1789 1595 1865 1623 ipsum

1301 1636 1469 1663 accenduntur⁷
1487 1635 1523 1657 alii
1541 1641 1585 1657 non
1604 1634 1658 1657 ibid.
1677 1635 1721 1657 503
1740 1641 1752 1656 a
1770 1647 1800 1651 —
1812 1635 1867 1656 Mer-

1301 1681 1339 1697 ces
1356 1674 1442 1697 amoris
1459 1677 1493 1696 est
1510 1674 1555 1696 vita
1573 1677 1665 1696 aeterna
1684 1674 1728 1696 559
1741 1673 1756 1696 b
1768 1675 1867 1696 —haec

1301 1720 1343 1736 nos
1360 1714 1428 1736 valde
1445 1713 1514 1736 debet
1532 1719 1627 1735 movere
1645 1713 1674 1735 ad
1691 1719 1794 1735 amorem
1813 1712 1867 1735 ibid.

1349 1765 1379 1769 —
1397 1752 1450 1775 Tria
1468 1752 1576 1775 inclinant
1588 1752 1616 1774 ad
1629 1758 1733 1774 amorem
1746 1752 1868 1780 proprium

1302 1794 1324 1814 et
1341 1793 1460 1814 retrahunt
1485 1791 1514 1813 ab
1540 1797 1620 1813 amore
1645 1791 1724 1813 divino
1743 1791 1786 1813 424
1805 1790 1820 1813 1)
1839 1803 1868 1806 ——

1302 1830 1423 1853 Abstinere
1440 1830 1555 1853 debemus
1578 1830 1607 1852 ab
1628 1830 1691 1852 omni
1709 1836 1788 1852 amore
1806 1835 1869 1852 crea-

1303 1874 1368 1892 turae
1389 1870 1518 1892 inordinato
1536 1869 1580 1891 646
1599 1869 1614 1891 b
1631 1881 1662 1886 -—
1679 1869 1721 1898 Qui
1740 1872 1801 1891 amat
1819 1875 1869 1891 mu-

1303 1909 1382 1932 lierem
1405 1915 1485 1931 amore
1504 1908 1628 1931 libidinoso
1646 1909 1675 1931 de
1692 1909 1728 1930 illa
1747 1908 1800 1930 l'acit
1819 1914 1870 1930 can-

1303 1949 1383 1971 tilenas
1401 1948 1441 1971 571
1465 1947 1479 1970 b

1350 1988 1500 2010 Antonnnxnos
1511 1999 1542 2003 —
1554 1987 1685 2015 intelligitur
1695 1986 1802 2009 diabolus
1815 1986 1843 2008 52
1855 1986 1869 2008 b

1350 2028 1466 2049 Aiiwtexus
1482 2039 1512 2043 —
1529 2026 1630 2049 ostendit
1646 2032 1758 2054 amorem,
1776 2026 1816 2054 qui
1834 2026 1870 2048 de-

1303 2066 1370 2089 betur
1387 2072 1486 2094 sponsae
1504 2065 1548 2088 694
1567 2065 1582 2087 b

1350 2108 1486 2128 AitvooAtus
1497 2117 1528 2121 —
1540 2105 1629 2127 excellit
1642 2104 1753 2132 temporis
1769 2107 1869 2126 anteces-

1304 2145 1368 2168 sione
1385 2145 1430 2167 283
1448 2151 1468 2173 a,
1486 2144 1501 2166 b
1518 2156 1549 2161 —-
1566 2144 1673 2172 designat
1689 2144 1767 2166 dotem
1785 2143 1871 2171 agilita-

1304 2185 1332 2207 tis
1348 2183 1402 2207 ibid.
1422 2196 1451 2199 —
1469 2183 1574 2211 designat
1591 2183 1707 2206 Christum
1725 2182 1770 2205 284
1789 2189 1801 2204 3

1351 2224 1462 2245 Anionem
1480 2235 1511 2238 —
1528 2223 1656 2245 intellectus
1673 2222 1816 2250 anagogicus
1834 2228 1871 2243 ve-

1304 2263 1337 2285 nit
1354 2265 1406 2290 post
1423 2262 1571 2289 historicum,
1589 2262 1738 2289 allegoricum
1757 2264 1778 2283 et
1795 2264 1871 2288 tropo-

1305 2302 1405 2330 logicum
1432 2301 1476 2323 657
1495 2301 1510 2323 b
1527 2313 1558 2317 —
1577 2301 1703 2323 lntellectus
1727 2300 1871 2328 anagogicus

1304 2341 1430 2363 transvolat
1446 2340 1468 2362 in
1486 2346 1611 2368 supernam
1631 2340 1751 2362 lerusalem
1764 2338 1819 2362 ibid.

1352 2380 1449 2402 ANANIAS
1474 2392 1504 2394 —
1525 2378 1644 2401 descendit
1670 2379 1693 2400 in
1718 2378 1871 2400 damnationis

1306 2419 1422 2441 interitum
1441 2417 1486 2440 474
1504 2417 1518 2439 11

1352 2458 1445 2480 Ancum
1463 2469 1494 2473 —
1511 2460 1545 2480 est
1562 2457 1662 2479 sedulior
1681 2457 1701 2478 in
1720 2456 1870 2479 ministrando

1306 2500 1328 2520 et
1339 2497 1448 2520 humilior
1460 2497 1483 2518 in
1494 2496 1626 2519 obediendo
1638 2502 1708 2525 quam
1724 2496 1785 2518 servi
1798 2496 1843 2517 600
1856 2495 1871 2517 b

1306 2549 1336 2552 —
1358 2536 1465 2564 designat
1486 2536 1609 2558 Ecclesiam
1629 2535 1671 2557 439
1689 2541 1702 2556 a
1725 2547 1754 2550 —
1778 2535 1872 2557 Mariam

1306 2576 1412 2603 designat
1428 2574 1475 2598 ibici

1354 2616 1457 2637 Annuus
1473 2626 1504 2630 —
1521 2614 1550 2636 ad
1568 2614 1636 2636 unius
1657 2613 1764 2635 iussionis
1788 2619 1871 2635 vocem

1307 2658 1401 2677 secutus
1417 2658 1450 2676 est
1467 2653 1592 2676 Dominum
1609 2652 1650 2675 551
1673 2652 1688 2674 b
1705 2665 1736 2668 -
1753 2652 1808 2681 quia
1825 2652 1872 2680 pri—

1307 2700 1359 2716 mus
1376 2696 1468 2716 secutus
1485 2695 1519 2715 est
1536 2692 1652 2715 Christum
1679 2694 1700 2713 et
1717 2691 1813 2714 adduxit
1830 2692 1872 2713 tra-

1306 2736 1373 2761 trem,
1390 2738 1459 2755 cruce
1473 2735 1507 2754 est
1525 2733 1652 2754 honoratus
1664 2731 1708 2753 466
1721 2731 1736 2753 b
1748 2743 1778 2747 —-
1789 2730 1872 2753 stabili-

1307 2775 1343 2795 tus
1360 2775 1394 2794 est
1410 2777 1480 2800 supra
1493 2774 1582 2799 petram
1596 2771 1636 2793 4711
1653 2770 1668 2792 b
1680 2782 1711 2787 —
1723 2771 1746 2792 ln
1758 2770 1827 2792 huius
1839 2770 1872 2792 rei

1307 2812 1406 2840 figuram
1424 2811 1486 2833 cruci
1504 2811 1585 2833 affixus
1602 2812 1636 2832 est
1652 2809 1749 2832 2111ιί.-
1762 2809 1874 2837 diligeba-

1307 2854 1344 2873 tur
1357 2857 1370 2872 a
1387 2850 1486 2873 Domino
1503 2850 1527 2872 in
1544 2850 1641 2872 odorem
1659 2849 1778 2871 suavitatis
1796 2849 1840 2871 468
1859 2855 1871 2871 3

1353 2902 1384 2905 —
1401 2890 1482 2912 Anima
1500 2889 1550 2912 eius
1561 2892 1609 2911 erat
1621 2892 1665 2911 tota
1679 2888 1708 2911 ab
1720 2894 1800 2911 amore
1811 2888 1873 2911 Chri-

1307 2929 1334 2951 sti
1352 2928 1461 2956 absorpta
1479 2928 1523 2950 463
1541 2928 1557 2950 b
1574 2940 1605 2945 -·
1622 2927 1703 2950 habuit
1719 2928 1803 2956 pedem
1821 2928 1872 2950 affe-

1307 2968 1389 2991 ctionis
1411 2967 1588 2995 circumcisum,
1614 2967 1765 2995 inoffensum,
1788 2966 1873 2989 stabili-

1309 3010 1357 3030 tum
1376 3007 1420 3030 470
1437 3007 1453 3029 b
1470 3019 1500 3024 -
1517 3009 1610 3030 secutus
1628 3009 1661 3029 est
1678 3007 1798 3029 veritatem
1810 3006 1872 3034 pede
