<?xml version="1.0" encoding="UTF-8"?>
<!DOCTYPE html PUBLIC "-//W3C//DTD XHTML 1.0 Transitional//EN"
    "http://www.w3.org/TR/xhtml1/DTD/xhtml1-transitional.dtd">
<html xmlns="http://www.w3.org/1999/xhtml" xml:lang="en" lang="en">
 <head>
  <title>
</title>
<meta http-equiv="Content-Type" content="text/html;charset=utf-8" />
  <meta name='ocr-system' content='tesseract 3.04.00' />
  <meta name='ocr-capabilities' content='ocr_page ocr_carea ocr_par ocr_line ocrx_word'/>
</head>
<body>
  <div class='ocr_page' id='page_1' title='image "./doctorisseraphic10bona_0093.png"; bbox 0 0 2269 3448; ppageno 0'>
   <div class='ocr_carea' id='block_1_1' title="bbox 637 226 1855 262">
    <p class='ocr_par' dir='ltr' id='par_1_1' title="bbox 637 226 1855 262">
     <span class='ocr_line' id='line_1_1' title="bbox 637 226 1855 262; baseline 0.006 -8"><span class='ocrx_word' id='word_1_1' title='bbox 637 226 739 254; x_wconf 80' lang='lat' dir='ltr'>tNDEx</span> <span class='ocrx_word' id='word_1_2' title='bbox 762 226 1002 255; x_wconf 49' lang='lat' dir='ltr'>ittlt’ttittlti&#39;rtcus</span> <span class='ocrx_word' id='word_1_3' title='bbox 1025 228 1101 256; x_wconf 88' lang='lat' dir='ltr'>NONl</span> <span class='ocrx_word' id='word_1_4' title='bbox 1126 228 1311 257; x_wconf 83' lang='lat' dir='ltr'>VOLUMlNlS.</span> <span class='ocrx_word' id='word_1_5' title='bbox 1819 236 1855 262; x_wconf 71' lang='lat'>7¹.)</span> 
     </span>
    </p>
   </div>
   <div class='ocr_carea' id='block_1_2' title="bbox 88 265 659 2293">
    <p class='ocr_par' dir='ltr' id='par_1_2' title="bbox 346 265 401 287">
     <span class='ocr_line' id='line_1_2' title="bbox 346 265 401 287; baseline -0.018 0"><span class='ocrx_word' id='word_1_6' title='bbox 346 265 401 287; x_wconf 78' lang='lat' dir='ltr'>ANti</span> 
     </span>
    </p>

    <p class='ocr_par' dir='ltr' id='par_1_3' title="bbox 94 303 659 370">
     <span class='ocr_line' id='line_1_3' title="bbox 141 303 659 326; baseline -0.002 0"><span class='ocrx_word' id='word_1_7' title='bbox 141 316 171 320; x_wconf 96' lang='lat'><strong>—</strong></span> <span class='ocrx_word' id='word_1_8' title='bbox 188 303 295 326; x_wconf 82' lang='lat' dir='ltr'>dicuntur</span> <span class='ocrx_word' id='word_1_9' title='bbox 321 310 436 326; x_wconf 84' lang='lat' dir='ltr'>messores</span> <span class='ocrx_word' id='word_1_10' title='bbox 464 304 508 325; x_wconf 66' lang='lat' dir='ltr'>61ss</span> <span class='ocrx_word' id='word_1_11' title='bbox 532 310 543 325; x_wconf 92' lang='lat' dir='ltr'>a</span> <span class='ocrx_word' id='word_1_12' title='bbox 569 315 600 320; x_wconf 88' lang='lat'>·-—</span> <span class='ocrx_word' id='word_1_13' title='bbox 618 304 659 325; x_wconf 77' lang='lat' dir='ltr'>Per</span> 
     </span>
     <span class='ocr_line' id='line_1_4' title="bbox 94 342 540 370; baseline 0 -6"><span class='ocrx_word' id='word_1_14' title='bbox 94 343 156 370; x_wconf 82' lang='lat' dir='ltr'>ipsos</span> <span class='ocrx_word' id='word_1_15' title='bbox 174 342 317 365; x_wconf 73' lang='lat' dir='ltr'>exercebitur</span> <span class='ocrx_word' id='word_1_16' title='bbox 335 343 446 365; x_wconf 85' lang='lat' dir='ltr'>iudicium</span> <span class='ocrx_word' id='word_1_17' title='bbox 465 343 509 364; x_wconf 74' lang='lat'>:386</span> <span class='ocrx_word' id='word_1_18' title='bbox 528 348 540 364; x_wconf 86' lang='lat' dir='ltr'>a</span> 
     </span>
    </p>

    <p class='ocr_par' dir='ltr' id='par_1_4' title="bbox 91 381 658 840">
     <span class='ocr_line' id='line_1_5' title="bbox 141 381 658 409; baseline 0 -6"><span class='ocrx_word' id='word_1_19' title='bbox 141 394 169 398; x_wconf 89' lang='lat'>—-</span> <span class='ocrx_word' id='word_1_20' title='bbox 184 381 299 404; x_wconf 72' lang='lat' dir='ltr'>Debemus</span> <span class='ocrx_word' id='word_1_21' title='bbox 311 384 459 404; x_wconf 83' lang='lat' dir='ltr'>contemnere</span> <span class='ocrx_word' id='word_1_22' title='bbox 471 382 591 409; x_wconf 89' lang='lat' dir='ltr'>pulverem</span> <span class='ocrx_word' id='word_1_23' title='bbox 605 385 658 403; x_wconf 89' lang='lat' dir='ltr'>tem-</span> 
     </span>
     <span class='ocr_line' id='line_1_6' title="bbox 93 420 658 449; baseline -0.002 -6"><span class='ocrx_word' id='word_1_24' title='bbox 93 421 217 449; x_wconf 88' lang='lat' dir='ltr'>poralium,</span> <span class='ocrx_word' id='word_1_25' title='bbox 236 421 253 443; x_wconf 88' lang='lat' dir='ltr'>si</span> <span class='ocrx_word' id='word_1_26' title='bbox 272 421 380 443; x_wconf 80' lang='lat' dir='ltr'>volumus</span> <span class='ocrx_word' id='word_1_27' title='bbox 397 420 426 442; x_wconf 89' lang='lat' dir='ltr'>ab</span> <span class='ocrx_word' id='word_1_28' title='bbox 449 420 543 448; x_wconf 72' lang='lat' dir='ltr'>Angelis</span> <span class='ocrx_word' id='word_1_29' title='bbox 568 422 658 442; x_wconf 86' lang='lat' dir='ltr'>confor-</span> 
     </span>
     <span class='ocr_line' id='line_1_7' title="bbox 95 459 658 488; baseline -0.002 -6"><span class='ocrx_word' id='word_1_30' title='bbox 95 460 136 482; x_wconf 84' lang='lat' dir='ltr'>tari</span> <span class='ocrx_word' id='word_1_31' title='bbox 154 460 198 481; x_wconf 74' lang='lat'>0¹7</span> <span class='ocrx_word' id='word_1_32' title='bbox 219 459 232 482; x_wconf 86' lang='grc' dir='ltr'>Ι)</span> <span class='ocrx_word' id='word_1_33' title='bbox 255 472 283 475; x_wconf 86' lang='lat'>—</span> <span class='ocrx_word' id='word_1_34' title='bbox 311 460 353 488; x_wconf 85' lang='lat' dir='ltr'>Qui</span> <span class='ocrx_word' id='word_1_35' title='bbox 376 460 424 481; x_wconf 83' lang='lat' dir='ltr'>vult</span> <span class='ocrx_word' id='word_1_36' title='bbox 450 459 528 481; x_wconf 86' lang='lat' dir='ltr'>haberi</span> <span class='ocrx_word' id='word_1_37' title='bbox 555 459 658 481; x_wconf 84' lang='lat' dir='ltr'>minister</span> 
     </span>
     <span class='ocr_line' id='line_1_8' title="bbox 92 498 658 522; baseline 0 -1"><span class='ocrx_word' id='word_1_38' title='bbox 92 499 173 522; x_wconf 87' lang='lat' dir='ltr'>Christi</span> <span class='ocrx_word' id='word_1_39' title='bbox 192 505 262 521; x_wconf 87' lang='lat' dir='ltr'>verus</span> <span class='ocrx_word' id='word_1_40' title='bbox 279 499 348 521; x_wconf 87' lang='lat' dir='ltr'>debet</span> <span class='ocrx_word' id='word_1_41' title='bbox 366 499 451 521; x_wconf 81' lang='lat' dir='ltr'>habere</span> <span class='ocrx_word' id='word_1_42' title='bbox 464 504 548 520; x_wconf 88' lang='lat' dir='ltr'>novem</span> <span class='ocrx_word' id='word_1_43' title='bbox 562 498 658 521; x_wconf 81' lang='lat' dir='ltr'>virtutes</span> 
     </span>
     <span class='ocr_line' id='line_1_9' title="bbox 92 537 656 566; baseline -0.005 -5"><span class='ocrx_word' id='word_1_44' title='bbox 92 539 259 566; x_wconf 73' lang='lat' dir='ltr'>respondentes</span> <span class='ocrx_word' id='word_1_45' title='bbox 277 544 360 560; x_wconf 83' lang='lat' dir='ltr'>novem</span> <span class='ocrx_word' id='word_1_46' title='bbox 379 537 456 560; x_wconf 75' lang='lat' dir='ltr'>choris</span> <span class='ocrx_word' id='word_1_47' title='bbox 473 538 614 565; x_wconf 75' lang='lat' dir='ltr'><strong>Angelorum</strong></span> <span class='ocrx_word' id='word_1_48' title='bbox 628 538 656 558; x_wconf 74' lang='lat'>86</span> 
     </span>
     <span class='ocr_line' id='line_1_10' title="bbox 92 577 655 606; baseline -0.002 -7"><span class='ocrx_word' id='word_1_49' title='bbox 92 584 112 605; x_wconf 81' lang='lat' dir='ltr'>a,</span> <span class='ocrx_word' id='word_1_50' title='bbox 139 577 153 599; x_wconf 87' lang='grc'>1)</span> <span class='ocrx_word' id='word_1_51' title='bbox 178 590 205 593; x_wconf 96' lang='grc'><strong>-</strong></span> <span class='ocrx_word' id='word_1_52' title='bbox 228 577 351 606; x_wconf 81' lang='lat' dir='ltr'>Quomodo</span> <span class='ocrx_word' id='word_1_53' title='bbox 377 578 548 599; x_wconf 71' lang='lat' dir='ltr'>contemnemur</span> <span class='ocrx_word' id='word_1_54' title='bbox 572 582 655 598; x_wconf 87' lang='lat' dir='ltr'>novem</span> 
     </span>
     <span class='ocr_line' id='line_1_11' title="bbox 92 615 656 644; baseline -0.004 -5"><span class='ocrx_word' id='word_1_55' title='bbox 92 617 168 639; x_wconf 86' lang='lat' dir='ltr'>choris</span> <span class='ocrx_word' id='word_1_56' title='bbox 181 617 320 644; x_wconf 74' lang='lat' dir='ltr'>Angelorum</span> <span class='ocrx_word' id='word_1_57' title='bbox 334 616 354 638; x_wconf 95' lang='lat' dir='ltr'>in</span> <span class='ocrx_word' id='word_1_58' title='bbox 369 616 493 638; x_wconf 78' lang='lat' dir='ltr'>ministerio</span> <span class='ocrx_word' id='word_1_59' title='bbox 506 616 545 637; x_wconf 86' lang='lat' dir='ltr'>Dei</span> <span class='ocrx_word' id='word_1_60' title='bbox 559 616 587 637; x_wconf 68' lang='lat'>5³5</span> <span class='ocrx_word' id='word_1_61' title='bbox 601 622 621 642; x_wconf 88' lang='lat' dir='ltr'>a,</span> <span class='ocrx_word' id='word_1_62' title='bbox 633 615 656 637; x_wconf 90' lang='lat' dir='ltr'>b.</span> 
     </span>
     <span class='ocr_line' id='line_1_12' title="bbox 93 655 656 684; baseline 0 -7"><span class='ocrx_word' id='word_1_63' title='bbox 93 656 121 678; x_wconf 74' lang='lat'>86</span> <span class='ocrx_word' id='word_1_64' title='bbox 134 662 145 677; x_wconf 88' lang='lat' dir='ltr'>a</span> <span class='ocrx_word' id='word_1_65' title='bbox 160 668 190 672; x_wconf 91' lang='lat'>-—</span> <span class='ocrx_word' id='word_1_66' title='bbox 202 656 245 684; x_wconf 83' lang='lat' dir='ltr'>Qui</span> <span class='ocrx_word' id='word_1_67' title='bbox 259 656 307 678; x_wconf 88' lang='lat' dir='ltr'>vult</span> <span class='ocrx_word' id='word_1_68' title='bbox 319 661 369 677; x_wconf 87' lang='grc'>0550</span> <span class='ocrx_word' id='word_1_69' title='bbox 380 662 433 677; x_wconf 82' lang='grc'>011111</span> <span class='ocrx_word' id='word_1_70' title='bbox 447 655 546 682; x_wconf 65' lang='lat' dir='ltr'>Angelis,</span> <span class='ocrx_word' id='word_1_71' title='bbox 558 658 656 682; x_wconf 79' lang='lat' dir='ltr'>‹moi-tet,</span> 
     </span>
     <span class='ocr_line' id='line_1_13' title="bbox 93 694 656 723; baseline -0.002 -7"><span class='ocrx_word' id='word_1_72' title='bbox 93 695 168 723; x_wconf 85' lang='lat' dir='ltr'>ipsum</span> <span class='ocrx_word' id='word_1_73' title='bbox 187 695 267 717; x_wconf 85' lang='lat' dir='ltr'>vivere</span> <span class='ocrx_word' id='word_1_74' title='bbox 284 695 341 717; x_wconf 89' lang='lat' dir='ltr'>sieut</span> <span class='ocrx_word' id='word_1_75' title='bbox 367 695 445 722; x_wconf 70' lang='lat' dir='ltr'>Angeli</span> <span class='ocrx_word' id='word_1_76' title='bbox 464 694 509 716; x_wconf 79' lang='grc'>523</span> <span class='ocrx_word' id='word_1_77' title='bbox 527 701 538 715; x_wconf 93' lang='lat' dir='ltr'>a</span> <span class='ocrx_word' id='word_1_78' title='bbox 557 706 586 710; x_wconf 91' lang='lat'>——-</span> <span class='ocrx_word' id='word_1_79' title='bbox 604 694 656 722; x_wconf 85' lang='lat' dir='ltr'>Qui-</span> 
     </span>
     <span class='ocr_line' id='line_1_14' title="bbox 92 732 655 760; baseline -0.002 -4"><span class='ocrx_word' id='word_1_80' title='bbox 92 740 143 756; x_wconf 91' lang='lat' dir='ltr'>nam</span> <span class='ocrx_word' id='word_1_81' title='bbox 161 734 207 756; x_wconf 87' lang='lat' dir='ltr'>sint</span> <span class='ocrx_word' id='word_1_82' title='bbox 223 734 282 756; x_wconf 82' lang='lat' dir='ltr'>sient</span> <span class='ocrx_word' id='word_1_83' title='bbox 299 733 352 755; x_wconf 87' lang='lat' dir='ltr'>boni</span> <span class='ocrx_word' id='word_1_84' title='bbox 371 736 393 756; x_wconf 88' lang='lat' dir='ltr'>et</span> <span class='ocrx_word' id='word_1_85' title='bbox 410 734 462 755; x_wconf 89' lang='lat' dir='ltr'>mali</span> <span class='ocrx_word' id='word_1_86' title='bbox 475 733 555 760; x_wconf 76' lang='lat' dir='ltr'>Angeli</span> <span class='ocrx_word' id='word_1_87' title='bbox 574 734 618 755; x_wconf 78' lang='grc'>617</span> <span class='ocrx_word' id='word_1_88' title='bbox 634 732 655 755; x_wconf 76' lang='lat' dir='ltr'>li.</span> 
     </span>
     <span class='ocr_line' id='line_1_15' title="bbox 92 772 656 800; baseline -0.002 -5"><span class='ocrx_word' id='word_1_89' title='bbox 92 773 137 795; x_wconf 73' lang='lat'>0¹8</span> <span class='ocrx_word' id='word_1_90' title='bbox 155 780 166 795; x_wconf 89' lang='lat' dir='ltr'>a</span> <span class='ocrx_word' id='word_1_91' title='bbox 185 785 216 789; x_wconf 97' lang='lat'><strong>—</strong></span> <span class='ocrx_word' id='word_1_92' title='bbox 239 773 377 800; x_wconf 80' lang='lat' dir='ltr'>Spcramus,</span> <span class='ocrx_word' id='word_1_93' title='bbox 401 779 443 795; x_wconf 90' lang='lat' dir='ltr'>nos</span> <span class='ocrx_word' id='word_1_94' title='bbox 465 772 584 795; x_wconf 87' lang='lat' dir='ltr'>habituros</span> <span class='ocrx_word' id='word_1_95' title='bbox 606 778 656 794; x_wconf 88' lang='lat' dir='ltr'>esse</span> 
     </span>
     <span class='ocr_line' id='line_1_16' title="bbox 91 811 517 840; baseline -0.002 -6"><span class='ocrx_word' id='word_1_96' title='bbox 91 813 190 840; x_wconf 75' lang='lat' dir='ltr'><strong>Angelos</strong></span> <span class='ocrx_word' id='word_1_97' title='bbox 207 813 316 834; x_wconf 79' lang='lat' dir='ltr'>concives</span> <span class='ocrx_word' id='word_1_98' title='bbox 333 815 423 834; x_wconf 82' lang='lat' dir='ltr'>nostros</span> <span class='ocrx_word' id='word_1_99' title='bbox 440 812 483 833; x_wconf 73' lang='grc'>(514</span> <span class='ocrx_word' id='word_1_100' title='bbox 503 811 517 833; x_wconf 93' lang='grc'>1)</span> 
     </span>
    </p>

    <p class='ocr_par' dir='ltr' id='par_1_5' title="bbox 90 851 656 952">
     <span class='ocr_line' id='line_1_17' title="bbox 137 851 656 878; baseline -0.004 -4"><span class='ocrx_word' id='word_1_101' title='bbox 137 864 168 867; x_wconf 93' lang='grc'>-</span> <span class='ocrx_word' id='word_1_102' title='bbox 186 852 247 874; x_wconf 73' lang='grc'>110115</span> <span class='ocrx_word' id='word_1_103' title='bbox 264 851 394 873; x_wconf 79' lang='lat' dir='ltr'>laudandus</span> <span class='ocrx_word' id='word_1_104' title='bbox 411 854 445 873; x_wconf 83' lang='lat' dir='ltr'>est</span> <span class='ocrx_word' id='word_1_105' title='bbox 462 851 482 872; x_wconf 94' lang='lat' dir='ltr'>in</span> <span class='ocrx_word' id='word_1_106' title='bbox 500 851 594 878; x_wconf 78' lang='lat' dir='ltr'><strong>Angelis</strong></span> <span class='ocrx_word' id='word_1_107' title='bbox 606 857 656 878; x_wconf 90' lang='lat' dir='ltr'>pro-</span> 
     </span>
     <span class='ocr_line' id='line_1_18' title="bbox 91 890 655 918; baseline -0.002 -6"><span class='ocrx_word' id='word_1_108' title='bbox 91 893 141 918; x_wconf 83' lang='lat' dir='ltr'>pter</span> <span class='ocrx_word' id='word_1_109' title='bbox 163 890 267 918; x_wconf 87' lang='lat' dir='ltr'>ipsorum</span> <span class='ocrx_word' id='word_1_110' title='bbox 293 890 492 917; x_wconf 70' lang='lat' dir='ltr'>sublimationem,</span> <span class='ocrx_word' id='word_1_111' title='bbox 509 890 655 912; x_wconf 86' lang='lat' dir='ltr'>dilectionem</span> 
     </span>
     <span class='ocr_line' id='line_1_19' title="bbox 90 929 398 952; baseline -0.006 0"><span class='ocrx_word' id='word_1_112' title='bbox 90 933 112 952; x_wconf 85' lang='lat' dir='ltr'>et</span> <span class='ocrx_word' id='word_1_113' title='bbox 128 929 305 952; x_wconf 69' lang='lat' dir='ltr'>subventionem</span> <span class='ocrx_word' id='word_1_114' title='bbox 324 930 368 951; x_wconf 76' lang='grc'>610</span> <span class='ocrx_word' id='word_1_115' title='bbox 386 936 398 951; x_wconf 85' lang='lat' dir='ltr'>a</span> 
     </span>
    </p>

    <p class='ocr_par' dir='ltr' id='par_1_6' title="bbox 136 968 655 996">
     <span class='ocr_line' id='line_1_20' title="bbox 136 968 655 996; baseline -0.004 -5"><span class='ocrx_word' id='word_1_116' title='bbox 136 970 238 991; x_wconf 71' lang='lat' dir='ltr'>Auentus</span> <span class='ocrx_word' id='word_1_117' title='bbox 254 981 285 985; x_wconf 92' lang='lat'>—</span> <span class='ocrx_word' id='word_1_118' title='bbox 302 969 409 996; x_wconf 72' lang='lat' dir='ltr'>designat</span> <span class='ocrx_word' id='word_1_119' title='bbox 428 968 559 995; x_wconf 72' lang='lat' dir='ltr'>angustiam</span> <span class='ocrx_word' id='word_1_120' title='bbox 577 968 622 990; x_wconf 80' lang='grc'>228</span> <span class='ocrx_word' id='word_1_121' title='bbox 644 974 655 989; x_wconf 89' lang='grc'>3</span> 
     </span>
    </p>

    <p class='ocr_par' dir='ltr' id='par_1_7' title="bbox 89 1007 657 1271">
     <span class='ocr_line' id='line_1_21' title="bbox 137 1007 657 1036; baseline -0.002 -6"><span class='ocrx_word' id='word_1_122' title='bbox 137 1009 209 1030; x_wconf 59' lang='lat' dir='ltr'>:xix-nm</span> <span class='ocrx_word' id='word_1_123' title='bbox 227 1020 258 1024; x_wconf 91' lang='lat'>—</span> <span class='ocrx_word' id='word_1_124' title='bbox 275 1008 368 1036; x_wconf 85' lang='lat' dir='ltr'>propria</span> <span class='ocrx_word' id='word_1_125' title='bbox 387 1010 421 1030; x_wconf 84' lang='lat' dir='ltr'>ost</span> <span class='ocrx_word' id='word_1_126' title='bbox 437 1010 501 1030; x_wconf 88' lang='lat' dir='ltr'>actus</span> <span class='ocrx_word' id='word_1_127' title='bbox 519 1007 623 1035; x_wconf 82' lang='lat' dir='ltr'>corporis</span> <span class='ocrx_word' id='word_1_128' title='bbox 634 1010 657 1029; x_wconf 86' lang='lat' dir='ltr'>et</span> 
     </span>
     <span class='ocr_line' id='line_1_22' title="bbox 92 1046 657 1074; baseline -0.002 -5"><span class='ocrx_word' id='word_1_129' title='bbox 92 1049 164 1070; x_wconf 82' lang='lat' dir='ltr'>forma</span> <span class='ocrx_word' id='word_1_130' title='bbox 182 1048 226 1069; x_wconf 77' lang='grc'>2110</span> <span class='ocrx_word' id='word_1_131' title='bbox 245 1047 259 1069; x_wconf 93' lang='lat' dir='ltr'>b</span> <span class='ocrx_word' id='word_1_132' title='bbox 277 1060 307 1063; x_wconf 97' lang='lat'><strong>—</strong></span> <span class='ocrx_word' id='word_1_133' title='bbox 331 1047 462 1074; x_wconf 80' lang='lat' dir='ltr'>Philosophi</span> <span class='ocrx_word' id='word_1_134' title='bbox 480 1046 567 1069; x_wconf 79' lang='lat' dir='ltr'>Arabes</span> <span class='ocrx_word' id='word_1_135' title='bbox 589 1046 657 1069; x_wconf 89' lang='lat' dir='ltr'>dubi-</span> 
     </span>
     <span class='ocr_line' id='line_1_23' title="bbox 91 1086 656 1114; baseline -0.002 -5"><span class='ocrx_word' id='word_1_136' title='bbox 91 1090 211 1114; x_wconf 87' lang='lat' dir='ltr'>taverunt,</span> <span class='ocrx_word' id='word_1_137' title='bbox 230 1090 306 1109; x_wconf 86' lang='lat' dir='ltr'>utrum</span> <span class='ocrx_word' id='word_1_138' title='bbox 320 1086 395 1108; x_wconf 90' lang='lat' dir='ltr'>anima</span> <span class='ocrx_word' id='word_1_139' title='bbox 408 1090 467 1108; x_wconf 89' lang='lat' dir='ltr'>esset</span> <span class='ocrx_word' id='word_1_140' title='bbox 479 1092 533 1108; x_wconf 89' lang='lat' dir='ltr'>vera</span> <span class='ocrx_word' id='word_1_141' title='bbox 547 1086 656 1114; x_wconf 85' lang='lat' dir='ltr'>perfectio</span> 
     </span>
     <span class='ocr_line' id='line_1_24' title="bbox 89 1125 657 1154; baseline -0.002 -6"><span class='ocrx_word' id='word_1_142' title='bbox 89 1126 194 1154; x_wconf 84' lang='lat' dir='ltr'>eorporIs</span> <span class='ocrx_word' id='word_1_143' title='bbox 211 1125 263 1148; x_wconf 83' lang='lat' dir='ltr'>ibid.</span> <span class='ocrx_word' id='word_1_144' title='bbox 282 1138 312 1142; x_wconf 88' lang='lat'>—</span> <span class='ocrx_word' id='word_1_145' title='bbox 324 1129 346 1148; x_wconf 77' lang='lat' dir='ltr'>ot</span> <span class='ocrx_word' id='word_1_146' title='bbox 363 1132 448 1153; x_wconf 84' lang='lat' dir='ltr'>corpus</span> <span class='ocrx_word' id='word_1_147' title='bbox 460 1128 494 1147; x_wconf 88' lang='lat' dir='ltr'>est</span> <span class='ocrx_word' id='word_1_148' title='bbox 506 1131 549 1147; x_wconf 90' lang='lat' dir='ltr'>una</span> <span class='ocrx_word' id='word_1_149' title='bbox 567 1125 657 1153; x_wconf 87' lang='lat' dir='ltr'>species</span> 
     </span>
     <span class='ocr_line' id='line_1_25' title="bbox 90 1165 656 1194; baseline -0.002 -7"><span class='ocrx_word' id='word_1_150' title='bbox 90 1165 144 1188; x_wconf 79' lang='lat' dir='ltr'>ibid.</span> <span class='ocrx_word' id='word_1_151' title='bbox 161 1178 191 1182; x_wconf 87' lang='lat'>—</span> <span class='ocrx_word' id='word_1_152' title='bbox 209 1166 229 1187; x_wconf 87' lang='lat' dir='ltr'>in</span> <span class='ocrx_word' id='word_1_153' title='bbox 248 1165 351 1194; x_wconf 86' lang='lat' dir='ltr'>qualibet</span> <span class='ocrx_word' id='word_1_154' title='bbox 369 1167 433 1192; x_wconf 88' lang='lat' dir='ltr'>parte</span> <span class='ocrx_word' id='word_1_155' title='bbox 445 1165 549 1192; x_wconf 82' lang='lat' dir='ltr'>corporis</span> <span class='ocrx_word' id='word_1_156' title='bbox 566 1168 600 1187; x_wconf 87' lang='lat' dir='ltr'>est</span> <span class='ocrx_word' id='word_1_157' title='bbox 611 1168 656 1187; x_wconf 87' lang='lat' dir='ltr'>tota</span> 
     </span>
     <span class='ocr_line' id='line_1_26' title="bbox 90 1204 657 1227; baseline -0.002 -1"><span class='ocrx_word' id='word_1_158' title='bbox 90 1204 135 1227; x_wconf 75' lang='grc'>240</span> <span class='ocrx_word' id='word_1_159' title='bbox 153 1211 164 1226; x_wconf 88' lang='grc'>3</span> <span class='ocrx_word' id='word_1_160' title='bbox 188 1217 219 1221; x_wconf 89' lang='lat'><em>-</em></span> <span class='ocrx_word' id='word_1_161' title='bbox 241 1204 401 1227; x_wconf 83' lang='lat' dir='ltr'>individuatur</span> <span class='ocrx_word' id='word_1_162' title='bbox 423 1204 551 1226; x_wconf 84' lang='lat' dir='ltr'>secundnm</span> <span class='ocrx_word' id='word_1_163' title='bbox 574 1204 657 1226; x_wconf 87' lang='lat' dir='ltr'>indivi-</span> 
     </span>
     <span class='ocr_line' id='line_1_27' title="bbox 90 1243 439 1271; baseline -0.003 -5"><span class='ocrx_word' id='word_1_164' title='bbox 90 1244 222 1266; x_wconf 87' lang='lat' dir='ltr'>duationem</span> <span class='ocrx_word' id='word_1_165' title='bbox 240 1244 345 1271; x_wconf 82' lang='lat' dir='ltr'>eorporis</span> <span class='ocrx_word' id='word_1_166' title='bbox 362 1244 406 1265; x_wconf 81' lang='grc'>269</span> <span class='ocrx_word' id='word_1_167' title='bbox 425 1243 439 1265; x_wconf 90' lang='lat' dir='ltr'>b</span> 
     </span>
    </p>

    <p class='ocr_par' dir='ltr' id='par_1_8' title="bbox 88 1282 657 1585">
     <span class='ocr_line' id='line_1_28' title="bbox 137 1282 657 1311; baseline -0.002 -6"><span class='ocrx_word' id='word_1_168' title='bbox 137 1295 166 1299; x_wconf 93' lang='lat'>—-</span> <span class='ocrx_word' id='word_1_169' title='bbox 185 1289 225 1311; x_wconf 90' lang='lat' dir='ltr'>per</span> <span class='ocrx_word' id='word_1_170' title='bbox 238 1283 365 1308; x_wconf 38' lang='lat' dir='ltr'>,essentiam</span> <span class='ocrx_word' id='word_1_171' title='bbox 383 1282 503 1305; x_wconf 87' lang='lat' dir='ltr'>inclinatur</span> <span class='ocrx_word' id='word_1_172' title='bbox 525 1283 554 1305; x_wconf 80' lang='lat' dir='ltr'>acl</span> <span class='ocrx_word' id='word_1_173' title='bbox 572 1288 657 1310; x_wconf 87' lang='lat' dir='ltr'>eorpus</span> 
     </span>
     <span class='ocr_line' id='line_1_29' title="bbox 90 1321 657 1350; baseline -0.002 -5"><span class='ocrx_word' id='word_1_174' title='bbox 90 1321 144 1345; x_wconf 81' lang='lat' dir='ltr'>ibid.</span> <span class='ocrx_word' id='word_1_175' title='bbox 160 1334 191 1338; x_wconf 93' lang='lat'>—-</span> <span class='ocrx_word' id='word_1_176' title='bbox 203 1322 335 1344; x_wconf 65' lang='lat' dir='ltr'>naturaliter</span> <span class='ocrx_word' id='word_1_177' title='bbox 352 1322 442 1350; x_wconf 85' lang='lat' dir='ltr'>appetit</span> <span class='ocrx_word' id='word_1_178' title='bbox 453 1321 557 1344; x_wconf 87' lang='lat' dir='ltr'>habitare</span> <span class='ocrx_word' id='word_1_179' title='bbox 572 1322 594 1344; x_wconf 91' lang='lat' dir='ltr'>in</span> <span class='ocrx_word' id='word_1_180' title='bbox 607 1328 657 1344; x_wconf 81' lang='lat' dir='ltr'>cor—</span> 
     </span>
     <span class='ocr_line' id='line_1_30' title="bbox 90 1361 657 1390; baseline -0.002 -6"><span class='ocrx_word' id='word_1_181' title='bbox 90 1368 154 1390; x_wconf 81' lang='lat' dir='ltr'>pore,</span> <span class='ocrx_word' id='word_1_182' title='bbox 176 1362 289 1390; x_wconf 86' lang='lat' dir='ltr'>quamdiu</span> <span class='ocrx_word' id='word_1_183' title='bbox 312 1362 407 1389; x_wconf 77' lang='lat' dir='ltr'>sanguis</span> <span class='ocrx_word' id='word_1_184' title='bbox 425 1361 528 1383; x_wconf 81' lang='lat' dir='ltr'>abundat</span> <span class='ocrx_word' id='word_1_185' title='bbox 546 1361 568 1383; x_wconf 91' lang='lat' dir='ltr'>in</span> <span class='ocrx_word' id='word_1_186' title='bbox 586 1361 657 1383; x_wconf 88' lang='lat' dir='ltr'>corde</span> 
     </span>
     <span class='ocr_line' id='line_1_31' title="bbox 90 1400 655 1428; baseline -0.002 -5"><span class='ocrx_word' id='word_1_187' title='bbox 90 1401 135 1423; x_wconf 78' lang='grc'>204</span> <span class='ocrx_word' id='word_1_188' title='bbox 154 1400 168 1423; x_wconf 83' lang='grc'>1)</span> <span class='ocrx_word' id='word_1_189' title='bbox 185 1413 216 1417; x_wconf 94' lang='grc'><strong>-</strong></span> <span class='ocrx_word' id='word_1_190' title='bbox 233 1401 388 1423; x_wconf 83' lang='lat' dir='ltr'>communicat</span> <span class='ocrx_word' id='word_1_191' title='bbox 406 1401 468 1423; x_wconf 90' lang='lat' dir='ltr'>carni</span> <span class='ocrx_word' id='word_1_192' title='bbox 482 1404 503 1422; x_wconf 77' lang='lat' dir='ltr'>ct</span> <span class='ocrx_word' id='word_1_193' title='bbox 519 1401 655 1428; x_wconf 79' lang='lat' dir='ltr'>participem</span> 
     </span>
     <span class='ocr_line' id='line_1_32' title="bbox 89 1440 656 1468; baseline -0.002 -6"><span class='ocrx_word' id='word_1_194' title='bbox 89 1446 140 1462; x_wconf 90' lang='lat' dir='ltr'>eam</span> <span class='ocrx_word' id='word_1_195' title='bbox 159 1440 211 1462; x_wconf 88' lang='lat' dir='ltr'>facit</span> <span class='ocrx_word' id='word_1_196' title='bbox 228 1440 380 1468; x_wconf 77' lang='lat' dir='ltr'>spiritualium</span> <span class='ocrx_word' id='word_1_197' title='bbox 398 1440 537 1468; x_wconf 81' lang='lat' dir='ltr'>gaudiorum</span> <span class='ocrx_word' id='word_1_198' title='bbox 556 1440 585 1461; x_wconf 80' lang='lat'>82</span> <span class='ocrx_word' id='word_1_199' title='bbox 602 1446 614 1462; x_wconf 92' lang='lat' dir='ltr'>a</span> <span class='ocrx_word' id='word_1_200' title='bbox 629 1452 656 1456; x_wconf 82' lang='grc'><strong>-</strong></span> 
     </span>
     <span class='ocr_line' id='line_1_33' title="bbox 89 1479 656 1507; baseline 0 -6"><span class='ocrx_word' id='word_1_201' title='bbox 89 1486 134 1502; x_wconf 92' lang='lat' dir='ltr'>non</span> <span class='ocrx_word' id='word_1_202' title='bbox 152 1483 184 1501; x_wconf 90' lang='lat' dir='ltr'>est</span> <span class='ocrx_word' id='word_1_203' title='bbox 204 1479 268 1501; x_wconf 86' lang='lat' dir='ltr'>beata</span> <span class='ocrx_word' id='word_1_204' title='bbox 283 1480 380 1507; x_wconf 88' lang='lat' dir='ltr'>perfecta</span> <span class='ocrx_word' id='word_1_205' title='bbox 395 1479 535 1501; x_wconf 85' lang='lat' dir='ltr'>beatitudine</span> <span class='ocrx_word' id='word_1_206' title='bbox 548 1479 590 1501; x_wconf 86' lang='lat' dir='ltr'>nisi</span> <span class='ocrx_word' id='word_1_207' title='bbox 603 1485 656 1501; x_wconf 86' lang='lat' dir='ltr'>cuin</span> 
     </span>
     <span class='ocr_line' id='line_1_34' title="bbox 88 1518 656 1546; baseline 0 -6"><span class='ocrx_word' id='word_1_208' title='bbox 88 1524 187 1546; x_wconf 85' lang='lat' dir='ltr'>corpore</span> <span class='ocrx_word' id='word_1_209' title='bbox 204 1518 249 1540; x_wconf 76' lang='lat'>269</span> <span class='ocrx_word' id='word_1_210' title='bbox 267 1518 281 1540; x_wconf 92' lang='lat' dir='ltr'>b</span> <span class='ocrx_word' id='word_1_211' title='bbox 294 1530 325 1534; x_wconf 86' lang='lat'>——</span> <span class='ocrx_word' id='word_1_212' title='bbox 336 1519 384 1540; x_wconf 88' lang='lat' dir='ltr'>Hoc</span> <span class='ocrx_word' id='word_1_213' title='bbox 396 1519 439 1540; x_wconf 90' lang='lat' dir='ltr'>erit</span> <span class='ocrx_word' id='word_1_214' title='bbox 456 1518 477 1540; x_wconf 93' lang='lat' dir='ltr'>in</span> <span class='ocrx_word' id='word_1_215' title='bbox 489 1518 656 1540; x_wconf 83' lang='lat' dir='ltr'>resurrectione</span> 
     </span>
     <span class='ocr_line' id='line_1_35' title="bbox 89 1557 263 1585; baseline -0.006 -5"><span class='ocrx_word' id='word_1_216' title='bbox 89 1559 190 1585; x_wconf 80' lang='lat' dir='ltr'>generali</span> <span class='ocrx_word' id='word_1_217' title='bbox 208 1557 263 1581; x_wconf 81' lang='lat' dir='ltr'>ibid.</span> 
     </span>
    </p>

    <p class='ocr_par' dir='ltr' id='par_1_9' title="bbox 88 1597 656 1939">
     <span class='ocr_line' id='line_1_36' title="bbox 136 1597 656 1625; baseline 0 -6"><span class='ocrx_word' id='word_1_218' title='bbox 136 1610 166 1613; x_wconf 97' lang='lat'><strong>—</strong></span> <span class='ocrx_word' id='word_1_219' title='bbox 184 1601 237 1620; x_wconf 87' lang='lat' dir='ltr'>sunt</span> <span class='ocrx_word' id='word_1_220' title='bbox 254 1597 381 1625; x_wconf 88' lang='lat' dir='ltr'>productae</span> <span class='ocrx_word' id='word_1_221' title='bbox 399 1604 425 1620; x_wconf 78' lang='lat' dir='ltr'>ex</span> <span class='ocrx_word' id='word_1_222' title='bbox 443 1597 513 1619; x_wconf 80' lang='lat' dir='ltr'>nihilo</span> <span class='ocrx_word' id='word_1_223' title='bbox 532 1597 576 1619; x_wconf 89' lang='lat'>477</span> <span class='ocrx_word' id='word_1_224' title='bbox 594 1597 609 1619; x_wconf 87' lang='grc' dir='ltr'>Ι)</span> <span class='ocrx_word' id='word_1_225' title='bbox 626 1610 656 1614; x_wconf 95' lang='lat'>—-</span> 
     </span>
     <span class='ocr_line' id='line_1_37' title="bbox 90 1636 656 1659; baseline -0.002 0"><span class='ocrx_word' id='word_1_226' title='bbox 90 1643 135 1659; x_wconf 90' lang='lat' dir='ltr'>non</span> <span class='ocrx_word' id='word_1_227' title='bbox 153 1640 187 1659; x_wconf 85' lang='lat' dir='ltr'>est</span> <span class='ocrx_word' id='word_1_228' title='bbox 203 1642 229 1659; x_wconf 76' lang='lat' dir='ltr'>ex</span> <span class='ocrx_word' id='word_1_229' title='bbox 256 1636 351 1659; x_wconf 75' lang='lat' dir='ltr'>traduce</span> <span class='ocrx_word' id='word_1_230' title='bbox 368 1636 412 1658; x_wconf 81' lang='lat'>090</span> <span class='ocrx_word' id='word_1_231' title='bbox 434 1643 446 1658; x_wconf 92' lang='lat' dir='ltr'>a</span> <span class='ocrx_word' id='word_1_232' title='bbox 464 1649 495 1653; x_wconf 91' lang='lat'>—</span> <span class='ocrx_word' id='word_1_233' title='bbox 516 1643 560 1659; x_wconf 90' lang='lat' dir='ltr'>non</span> <span class='ocrx_word' id='word_1_234' title='bbox 584 1637 656 1659; x_wconf 83' lang='lat' dir='ltr'>infun-</span> 
     </span>
     <span class='ocr_line' id='line_1_38' title="bbox 90 1676 656 1704; baseline -0.002 -6"><span class='ocrx_word' id='word_1_235' title='bbox 90 1676 151 1698; x_wconf 91' lang='lat' dir='ltr'>ditur</span> <span class='ocrx_word' id='word_1_236' title='bbox 178 1676 219 1698; x_wconf 84' lang='lat' dir='ltr'>nisi</span> <span class='ocrx_word' id='word_1_237' title='bbox 244 1676 336 1704; x_wconf 87' lang='lat' dir='ltr'>corpori</span> <span class='ocrx_word' id='word_1_238' title='bbox 363 1676 495 1704; x_wconf 71' lang='lat' dir='ltr'>organizato</span> <span class='ocrx_word' id='word_1_239' title='bbox 521 1676 565 1697; x_wconf 76' lang='lat'>658</span> <span class='ocrx_word' id='word_1_240' title='bbox 592 1682 603 1698; x_wconf 88' lang='lat' dir='ltr'>a</span> <span class='ocrx_word' id='word_1_241' title='bbox 625 1689 656 1692; x_wconf 82' lang='lat'>—</span> 
     </span>
     <span class='ocr_line' id='line_1_39' title="bbox 89 1715 656 1744; baseline 0 -7"><span class='ocrx_word' id='word_1_242' title='bbox 89 1715 183 1744; x_wconf 86' lang='lat' dir='ltr'>quando</span> <span class='ocrx_word' id='word_1_243' title='bbox 201 1715 277 1743; x_wconf 87' lang='lat' dir='ltr'>primo</span> <span class='ocrx_word' id='word_1_244' title='bbox 295 1718 329 1737; x_wconf 86' lang='lat' dir='ltr'>est</span> <span class='ocrx_word' id='word_1_245' title='bbox 341 1715 460 1737; x_wconf 88' lang='lat' dir='ltr'>coniuncta</span> <span class='ocrx_word' id='word_1_246' title='bbox 479 1716 578 1743; x_wconf 77' lang='lat' dir='ltr'>corpori,</span> <span class='ocrx_word' id='word_1_247' title='bbox 590 1716 656 1744; x_wconf 86' lang='lat' dir='ltr'>quasi</span> 
     </span>
     <span class='ocr_line' id='line_1_40' title="bbox 89 1754 655 1782; baseline 0.002 -6"><span class='ocrx_word' id='word_1_248' title='bbox 89 1755 187 1776; x_wconf 84' lang='lat' dir='ltr'>totaliter</span> <span class='ocrx_word' id='word_1_249' title='bbox 203 1757 308 1776; x_wconf 87' lang='lat' dir='ltr'>versatur</span> <span class='ocrx_word' id='word_1_250' title='bbox 325 1754 384 1777; x_wconf 86' lang='lat' dir='ltr'>circa</span> <span class='ocrx_word' id='word_1_251' title='bbox 402 1761 484 1776; x_wconf 85' lang='lat' dir='ltr'>sensus</span> <span class='ocrx_word' id='word_1_252' title='bbox 495 1755 599 1782; x_wconf 80' lang='lat' dir='ltr'>corporis</span> <span class='ocrx_word' id='word_1_253' title='bbox 611 1755 655 1777; x_wconf 71' lang='lat'>209</span> 
     </span>
     <span class='ocr_line' id='line_1_41' title="bbox 89 1792 656 1822; baseline 0.002 -7"><span class='ocrx_word' id='word_1_254' title='bbox 89 1793 104 1815; x_wconf 90' lang='lat' dir='ltr'>b</span> <span class='ocrx_word' id='word_1_255' title='bbox 120 1806 150 1809; x_wconf 98' lang='lat'><strong>—</strong></span> <span class='ocrx_word' id='word_1_256' title='bbox 169 1794 303 1821; x_wconf 80' lang='lat' dir='ltr'>Exemplum</span> <span class='ocrx_word' id='word_1_257' title='bbox 322 1792 376 1816; x_wconf 82' lang='lat' dir='ltr'>ibid.</span> <span class='ocrx_word' id='word_1_258' title='bbox 393 1806 423 1810; x_wconf 91' lang='lat'><strong>—</strong></span> <span class='ocrx_word' id='word_1_259' title='bbox 440 1794 463 1815; x_wconf 88' lang='lat' dir='ltr'>in</span> <span class='ocrx_word' id='word_1_260' title='bbox 485 1794 548 1816; x_wconf 91' lang='lat' dir='ltr'>initio</span> <span class='ocrx_word' id='word_1_261' title='bbox 570 1800 656 1822; x_wconf 86' lang='lat' dir='ltr'>paucas</span> 
     </span>
     <span class='ocr_line' id='line_1_42' title="bbox 89 1832 656 1861; baseline 0.002 -6"><span class='ocrx_word' id='word_1_262' title='bbox 89 1836 179 1855; x_wconf 80' lang='lat' dir='ltr'>exercet</span> <span class='ocrx_word' id='word_1_263' title='bbox 201 1833 346 1861; x_wconf 80' lang='lat' dir='ltr'>operationes</span> <span class='ocrx_word' id='word_1_264' title='bbox 366 1833 527 1855; x_wconf 82' lang='lat' dir='ltr'>intellectuales</span> <span class='ocrx_word' id='word_1_265' title='bbox 548 1832 603 1856; x_wconf 77' lang='lat' dir='ltr'>ibid.</span> <span class='ocrx_word' id='word_1_266' title='bbox 625 1846 656 1850; x_wconf 87' lang='lat'><strong>—</strong></span> 
     </span>
     <span class='ocr_line' id='line_1_43' title="bbox 88 1871 656 1901; baseline 0.002 -7"><span class='ocrx_word' id='word_1_267' title='bbox 88 1878 161 1901; x_wconf 87' lang='lat' dir='ltr'>quare</span> <span class='ocrx_word' id='word_1_268' title='bbox 178 1872 267 1894; x_wconf 87' lang='lat' dir='ltr'>dicatur</span> <span class='ocrx_word' id='word_1_269' title='bbox 286 1871 392 1894; x_wconf 86' lang='lat' dir='ltr'>fabricata</span> <span class='ocrx_word' id='word_1_270' title='bbox 412 1873 435 1894; x_wconf 90' lang='lat' dir='ltr'>in</span> <span class='ocrx_word' id='word_1_271' title='bbox 453 1873 546 1901; x_wconf 84' lang='lat' dir='ltr'>malleis,</span> <span class='ocrx_word' id='word_1_272' title='bbox 564 1873 617 1895; x_wconf 89' lang='lat' dir='ltr'>lima</span> <span class='ocrx_word' id='word_1_273' title='bbox 634 1876 656 1895; x_wconf 93' lang='lat' dir='ltr'>et</span> 
     </span>
     <span class='ocr_line' id='line_1_44' title="bbox 88 1911 365 1939; baseline 0 -6"><span class='ocrx_word' id='word_1_274' title='bbox 88 1911 169 1939; x_wconf 90' lang='lat' dir='ltr'>prunis</span> <span class='ocrx_word' id='word_1_275' title='bbox 187 1911 230 1933; x_wconf 86' lang='grc'>447</span> <span class='ocrx_word' id='word_1_276' title='bbox 250 1911 272 1934; x_wconf 88' lang='lat' dir='ltr'>b.</span> <span class='ocrx_word' id='word_1_277' title='bbox 291 1911 334 1933; x_wconf 77' lang='grc'>448</span> <span class='ocrx_word' id='word_1_278' title='bbox 353 1918 365 1934; x_wconf 86' lang='lat' dir='ltr'>a</span> 
     </span>
    </p>

    <p class='ocr_par' dir='ltr' id='par_1_10' title="bbox 88 1951 657 2293">
     <span class='ocr_line' id='line_1_45' title="bbox 135 1951 655 1979; baseline 0.002 -7"><span class='ocrx_word' id='word_1_279' title='bbox 135 1963 165 1966; x_wconf 87' lang='lat'><strong>—</strong></span> <span class='ocrx_word' id='word_1_280' title='bbox 178 1953 212 1972; x_wconf 88' lang='lat' dir='ltr'>est</span> <span class='ocrx_word' id='word_1_281' title='bbox 223 1951 343 1978; x_wconf 85' lang='lat' dir='ltr'>speculum</span> <span class='ocrx_word' id='word_1_282' title='bbox 355 1956 377 1974; x_wconf 90' lang='lat' dir='ltr'>et</span> <span class='ocrx_word' id='word_1_283' title='bbox 389 1951 466 1979; x_wconf 82' lang='lat' dir='ltr'>imago</span> <span class='ocrx_word' id='word_1_284' title='bbox 478 1951 570 1973; x_wconf 90' lang='lat' dir='ltr'>divinae</span> <span class='ocrx_word' id='word_1_285' title='bbox 581 1957 655 1973; x_wconf 80' lang='lat' dir='ltr'>essen-</span> 
     </span>
     <span class='ocr_line' id='line_1_46' title="bbox 89 1990 654 2019; baseline 0.002 -7"><span class='ocrx_word' id='word_1_286' title='bbox 89 1990 132 2012; x_wconf 88' lang='lat' dir='ltr'>tiae</span> <span class='ocrx_word' id='word_1_287' title='bbox 150 1990 194 2012; x_wconf 71' lang='lat'>369</span> <span class='ocrx_word' id='word_1_288' title='bbox 207 1990 222 2012; x_wconf 90' lang='lat' dir='ltr'>b</span> <span class='ocrx_word' id='word_1_289' title='bbox 234 2003 264 2006; x_wconf 97' lang='lat'><strong>—</strong></span> <span class='ocrx_word' id='word_1_290' title='bbox 276 1996 287 2012; x_wconf 91' lang='lat' dir='ltr'>a</span> <span class='ocrx_word' id='word_1_291' title='bbox 302 1991 366 2012; x_wconf 77' lang='lat' dir='ltr'>Patre</span> <span class='ocrx_word' id='word_1_292' title='bbox 378 1992 436 2013; x_wconf 85' lang='lat' dir='ltr'>facta</span> <span class='ocrx_word' id='word_1_293' title='bbox 449 1994 483 2013; x_wconf 91' lang='lat' dir='ltr'>est</span> <span class='ocrx_word' id='word_1_294' title='bbox 494 1992 631 2019; x_wconf 83' lang='lat' dir='ltr'>potentiosa,</span> <span class='ocrx_word' id='word_1_295' title='bbox 643 1997 654 2013; x_wconf 91' lang='lat' dir='ltr'>a</span> 
     </span>
     <span class='ocr_line' id='line_1_47' title="bbox 88 2030 654 2058; baseline 0.002 -7"><span class='ocrx_word' id='word_1_296' title='bbox 88 2030 143 2052; x_wconf 89' lang='lat' dir='ltr'>Filio</span> <span class='ocrx_word' id='word_1_297' title='bbox 155 2030 301 2057; x_wconf 86' lang='lat' dir='ltr'>sapientiosa,</span> <span class='ocrx_word' id='word_1_298' title='bbox 313 2036 325 2051; x_wconf 89' lang='lat' dir='ltr'>a</span> <span class='ocrx_word' id='word_1_299' title='bbox 339 2030 423 2058; x_wconf 79' lang='lat' dir='ltr'>Spiritu</span> <span class='ocrx_word' id='word_1_300' title='bbox 435 2030 456 2052; x_wconf 83' lang='lat' dir='ltr'>S.</span> <span class='ocrx_word' id='word_1_301' title='bbox 466 2036 571 2052; x_wconf 79' lang='lat' dir='ltr'>amorosa</span> <span class='ocrx_word' id='word_1_302' title='bbox 586 2030 629 2052; x_wconf 83' lang='grc'>448</span> <span class='ocrx_word' id='word_1_303' title='bbox 642 2037 654 2052; x_wconf 83' lang='grc'>3</span> 
     </span>
     <span class='ocr_line' id='line_1_48' title="bbox 89 2069 656 2096; baseline 0 -5"><span class='ocrx_word' id='word_1_304' title='bbox 89 2081 119 2085; x_wconf 91' lang='grc'><strong>-</strong></span> <span class='ocrx_word' id='word_1_305' title='bbox 133 2075 174 2096; x_wconf 87' lang='lat' dir='ltr'>per</span> <span class='ocrx_word' id='word_1_306' title='bbox 184 2069 225 2091; x_wconf 89' lang='lat' dir='ltr'>tria</span> <span class='ocrx_word' id='word_1_307' title='bbox 238 2069 376 2091; x_wconf 82' lang='lat' dir='ltr'>assimilatur</span> <span class='ocrx_word' id='word_1_308' title='bbox 385 2069 488 2091; x_wconf 89' lang='lat' dir='ltr'>Trinitati</span> <span class='ocrx_word' id='word_1_309' title='bbox 498 2069 542 2091; x_wconf 73' lang='grc'>450</span> <span class='ocrx_word' id='word_1_310' title='bbox 555 2069 570 2092; x_wconf 84' lang='grc'>1)</span> <span class='ocrx_word' id='word_1_311' title='bbox 583 2082 612 2085; x_wconf 88' lang='lat'>—-</span> <span class='ocrx_word' id='word_1_312' title='bbox 624 2076 656 2091; x_wconf 90' lang='lat' dir='ltr'>se-</span> 
     </span>
     <span class='ocr_line' id='line_1_49' title="bbox 89 2108 656 2137; baseline 0 -7"><span class='ocrx_word' id='word_1_313' title='bbox 89 2108 191 2130; x_wconf 88' lang='lat' dir='ltr'>cundnm</span> <span class='ocrx_word' id='word_1_314' title='bbox 209 2114 291 2131; x_wconf 89' lang='lat' dir='ltr'>omnes</span> <span class='ocrx_word' id='word_1_315' title='bbox 307 2114 361 2131; x_wconf 81' lang='lat' dir='ltr'>suas</span> <span class='ocrx_word' id='word_1_316' title='bbox 373 2109 486 2136; x_wconf 84' lang='lat' dir='ltr'>potentias</span> <span class='ocrx_word' id='word_1_317' title='bbox 499 2109 656 2137; x_wconf 79' lang='lat' dir='ltr'>contigui-atur</span> 
     </span>
     <span class='ocr_line' id='line_1_50' title="bbox 90 2147 656 2176; baseline 0.002 -7"><span class='ocrx_word' id='word_1_318' title='bbox 90 2147 194 2169; x_wconf 88' lang='lat' dir='ltr'>Trinitati</span> <span class='ocrx_word' id='word_1_319' title='bbox 212 2154 254 2175; x_wconf 92' lang='lat' dir='ltr'>per</span> <span class='ocrx_word' id='word_1_320' title='bbox 273 2148 423 2175; x_wconf 80' lang='lat' dir='ltr'>sapientiam,</span> <span class='ocrx_word' id='word_1_321' title='bbox 440 2148 538 2176; x_wconf 76' lang='lat' dir='ltr'>gratiam</span> <span class='ocrx_word' id='word_1_322' title='bbox 561 2152 582 2170; x_wconf 86' lang='lat' dir='ltr'>et</span> <span class='ocrx_word' id='word_1_323' title='bbox 604 2154 656 2170; x_wconf 90' lang='lat' dir='ltr'>con-</span> 
     </span>
     <span class='ocr_line' id='line_1_51' title="bbox 89 2186 656 2216; baseline 0 -7"><span class='ocrx_word' id='word_1_324' title='bbox 89 2187 194 2209; x_wconf 86' lang='lat' dir='ltr'>stantiam</span> <span class='ocrx_word' id='word_1_325' title='bbox 212 2188 257 2209; x_wconf 84' lang='grc'>312</span> <span class='ocrx_word' id='word_1_326' title='bbox 279 2186 294 2209; x_wconf 88' lang='lat' dir='ltr'>b</span> <span class='ocrx_word' id='word_1_327' title='bbox 315 2199 347 2203; x_wconf 94' lang='lat'>——</span> <span class='ocrx_word' id='word_1_328' title='bbox 363 2188 385 2209; x_wconf 94' lang='lat' dir='ltr'>ln</span> <span class='ocrx_word' id='word_1_329' title='bbox 408 2193 434 2209; x_wconf 82' lang='lat' dir='ltr'>ea</span> <span class='ocrx_word' id='word_1_330' title='bbox 457 2190 491 2209; x_wconf 88' lang='lat' dir='ltr'>est</span> <span class='ocrx_word' id='word_1_331' title='bbox 512 2188 656 2216; x_wconf 79' lang='lat' dir='ltr'>quadruplex</span> 
     </span>
     <span class='ocr_line' id='line_1_52' title="bbox 90 2226 655 2254; baseline 0 -6"><span class='ocrx_word' id='word_1_332' title='bbox 90 2226 132 2253; x_wconf 85' lang='lat' dir='ltr'>vis,</span> <span class='ocrx_word' id='word_1_333' title='bbox 150 2232 210 2254; x_wconf 85' lang='lat' dir='ltr'>quae</span> <span class='ocrx_word' id='word_1_334' title='bbox 227 2227 300 2249; x_wconf 90' lang='lat' dir='ltr'>Deum</span> <span class='ocrx_word' id='word_1_335' title='bbox 318 2228 418 2254; x_wconf 73' lang='lat' dir='ltr'>perfecte</span> <span class='ocrx_word' id='word_1_336' title='bbox 441 2230 599 2254; x_wconf 84' lang='lat' dir='ltr'>repraesentat</span> <span class='ocrx_word' id='word_1_337' title='bbox 610 2226 655 2249; x_wconf 81' lang='grc'>642</span> 
     </span>
     <span class='ocr_line' id='line_1_53' title="bbox 90 2265 657 2293; baseline 0.002 -6"><span class='ocrx_word' id='word_1_338' title='bbox 90 2265 104 2287; x_wconf 88' lang='lat' dir='ltr'>b</span> <span class='ocrx_word' id='word_1_339' title='bbox 121 2278 151 2282; x_wconf 89' lang='lat'><strong>—</strong></span> <span class='ocrx_word' id='word_1_340' title='bbox 169 2266 222 2288; x_wconf 87' lang='lat' dir='ltr'>Eius</span> <span class='ocrx_word' id='word_1_341' title='bbox 245 2266 369 2293; x_wconf 84' lang='lat' dir='ltr'>imaginem</span> <span class='ocrx_word' id='word_1_342' title='bbox 391 2266 452 2288; x_wconf 88' lang='lat' dir='ltr'>idem</span> <span class='ocrx_word' id='word_1_343' title='bbox 477 2266 529 2288; x_wconf 81' lang='lat' dir='ltr'>feeit</span> <span class='ocrx_word' id='word_1_344' title='bbox 552 2266 573 2288; x_wconf 92' lang='lat' dir='ltr'>in</span> <span class='ocrx_word' id='word_1_345' title='bbox 596 2272 657 2288; x_wconf 86' lang='lat' dir='ltr'>crea-</span> 
     </span>
    </p>
   </div>
   <div class='ocr_carea' id='block_1_3' title="bbox 89 2304 685 2333">
    <p class='ocr_par' dir='ltr' id='par_1_11' title="bbox 89 2304 685 2333">
     <span class='ocr_line' id='line_1_54' title="bbox 89 2304 685 2333; baseline 0 -7"><span class='ocrx_word' id='word_1_346' title='bbox 89 2305 158 2331; x_wconf 84' lang='lat' dir='ltr'>tione,</span> <span class='ocrx_word' id='word_1_347' title='bbox 176 2305 278 2332; x_wconf 80' lang='lat' dir='ltr'>depinxit</span> <span class='ocrx_word' id='word_1_348' title='bbox 295 2306 317 2327; x_wconf 88' lang='lat' dir='ltr'>in</span> <span class='ocrx_word' id='word_1_349' title='bbox 341 2305 461 2333; x_wconf 79' lang='lat' dir='ltr'>passione,</span> <span class='ocrx_word' id='word_1_350' title='bbox 475 2304 612 2327; x_wconf 86' lang='lat' dir='ltr'>illuminabit</span> <span class='ocrx_word' id='word_1_351' title='bbox 634 2305 656 2326; x_wconf 92' lang='lat' dir='ltr'>in</span> <span class='ocrx_word' id='word_1_352' title='bbox 682 2306 685 2308; x_wconf 76' lang='grc'>’</span> 
     </span>
    </p>
   </div>
   <div class='ocr_carea' id='block_1_4' title="bbox 89 2343 656 3035">
    <p class='ocr_par' dir='ltr' id='par_1_12' title="bbox 89 2343 656 2562">
     <span class='ocr_line' id='line_1_55' title="bbox 90 2343 655 2371; baseline 0.002 -6"><span class='ocrx_word' id='word_1_353' title='bbox 90 2344 161 2371; x_wconf 70' lang='lat' dir='ltr'>gloria</span> <span class='ocrx_word' id='word_1_354' title='bbox 180 2343 223 2366; x_wconf 85' lang='grc'>447</span> <span class='ocrx_word' id='word_1_355' title='bbox 242 2350 254 2365; x_wconf 89' lang='grc'>3</span> <span class='ocrx_word' id='word_1_356' title='bbox 273 2356 301 2359; x_wconf 82' lang='lat'>—</span> <span class='ocrx_word' id='word_1_357' title='bbox 319 2344 372 2366; x_wconf 85' lang='lat' dir='ltr'>Eius</span> <span class='ocrx_word' id='word_1_358' title='bbox 388 2344 514 2366; x_wconf 82' lang='lat' dir='ltr'>similitudo</span> <span class='ocrx_word' id='word_1_359' title='bbox 535 2344 565 2366; x_wconf 88' lang='lat' dir='ltr'>ad</span> <span class='ocrx_word' id='word_1_360' title='bbox 582 2344 655 2366; x_wconf 91' lang='lat' dir='ltr'>Deum</span> 
     </span>
     <span class='ocr_line' id='line_1_56' title="bbox 89 2383 656 2410; baseline 0.002 -6"><span class='ocrx_word' id='word_1_361' title='bbox 89 2383 192 2405; x_wconf 89' lang='lat' dir='ltr'>consistit</span> <span class='ocrx_word' id='word_1_362' title='bbox 209 2383 230 2405; x_wconf 95' lang='lat' dir='ltr'>in</span> <span class='ocrx_word' id='word_1_363' title='bbox 249 2383 366 2410; x_wconf 83' lang='lat' dir='ltr'>gratuitis,</span> <span class='ocrx_word' id='word_1_364' title='bbox 384 2383 462 2410; x_wconf 79' lang='lat' dir='ltr'>imago</span> <span class='ocrx_word' id='word_1_365' title='bbox 474 2383 496 2405; x_wconf 92' lang='lat' dir='ltr'>in</span> <span class='ocrx_word' id='word_1_366' title='bbox 515 2383 656 2405; x_wconf 87' lang='lat' dir='ltr'>naturalibus</span> 
     </span>
     <span class='ocr_line' id='line_1_57' title="bbox 90 2422 656 2450; baseline 0 -6"><span class='ocrx_word' id='word_1_367' title='bbox 90 2423 197 2450; x_wconf 85' lang='lat' dir='ltr'>potentiis</span> <span class='ocrx_word' id='word_1_368' title='bbox 219 2422 248 2445; x_wconf 86' lang='lat' dir='ltr'>ib.</span> <span class='ocrx_word' id='word_1_369' title='bbox 272 2422 287 2444; x_wconf 92' lang='lat' dir='ltr'>b</span> <span class='ocrx_word' id='word_1_370' title='bbox 311 2434 342 2438; x_wconf 91' lang='lat'>—</span> <span class='ocrx_word' id='word_1_371' title='bbox 366 2423 404 2444; x_wconf 91' lang='lat' dir='ltr'>Dei</span> <span class='ocrx_word' id='word_1_372' title='bbox 427 2423 527 2450; x_wconf 81' lang='lat' dir='ltr'>imagine</span> <span class='ocrx_word' id='word_1_373' title='bbox 550 2426 584 2445; x_wconf 92' lang='lat' dir='ltr'>est</span> <span class='ocrx_word' id='word_1_374' title='bbox 605 2423 656 2445; x_wconf 93' lang='lat' dir='ltr'>insi-</span> 
     </span>
     <span class='ocr_line' id='line_1_58' title="bbox 89 2461 655 2490; baseline 0.002 -7"><span class='ocrx_word' id='word_1_375' title='bbox 89 2461 151 2489; x_wconf 77' lang='lat' dir='ltr'>gnita</span> <span class='ocrx_word' id='word_1_376' title='bbox 170 2465 191 2483; x_wconf 91' lang='lat' dir='ltr'>et</span> <span class='ocrx_word' id='word_1_377' title='bbox 208 2462 296 2484; x_wconf 86' lang='lat' dir='ltr'>eunctis</span> <span class='ocrx_word' id='word_1_378' title='bbox 312 2461 442 2484; x_wconf 80' lang='lat' dir='ltr'>visibilibus</span> <span class='ocrx_word' id='word_1_379' title='bbox 454 2462 583 2490; x_wconf 87' lang='lat' dir='ltr'>praeposita</span> <span class='ocrx_word' id='word_1_380' title='bbox 601 2463 629 2484; x_wconf 86' lang='grc'>88</span> <span class='ocrx_word' id='word_1_381' title='bbox 643 2468 655 2484; x_wconf 88' lang='lat' dir='ltr'>a</span> 
     </span>
     <span class='ocr_line' id='line_1_59' title="bbox 89 2501 654 2529; baseline 0.002 -7"><span class='ocrx_word' id='word_1_382' title='bbox 89 2512 120 2516; x_wconf 96' lang='lat'>—</span> <span class='ocrx_word' id='word_1_383' title='bbox 137 2504 189 2528; x_wconf 87' lang='lat' dir='ltr'>apta</span> <span class='ocrx_word' id='word_1_384' title='bbox 209 2503 259 2523; x_wconf 89' lang='lat' dir='ltr'>nata</span> <span class='ocrx_word' id='word_1_385' title='bbox 276 2504 311 2523; x_wconf 84' lang='lat' dir='ltr'>est</span> <span class='ocrx_word' id='word_1_386' title='bbox 327 2501 349 2523; x_wconf 89' lang='lat' dir='ltr'>in</span> <span class='ocrx_word' id='word_1_387' title='bbox 366 2508 390 2524; x_wconf 89' lang='lat' dir='ltr'>se</span> <span class='ocrx_word' id='word_1_388' title='bbox 407 2501 457 2529; x_wconf 86' lang='lat' dir='ltr'>ipsa</span> <span class='ocrx_word' id='word_1_389' title='bbox 481 2502 560 2524; x_wconf 78' lang='lat' dir='ltr'>videre</span> <span class='ocrx_word' id='word_1_390' title='bbox 582 2502 654 2523; x_wconf 88' lang='lat' dir='ltr'>Deum</span> 
     </span>
     <span class='ocr_line' id='line_1_60' title="bbox 89 2540 167 2562; baseline 0.013 -1"><span class='ocrx_word' id='word_1_391' title='bbox 89 2540 134 2562; x_wconf 71' lang='lat'>396</span> <span class='ocrx_word' id='word_1_392' title='bbox 152 2540 167 2562; x_wconf 90' lang='lat' dir='ltr'>b</span> 
     </span>
    </p>

    <p class='ocr_par' dir='ltr' id='par_1_13' title="bbox 89 2580 656 2959">
     <span class='ocr_line' id='line_1_61' title="bbox 138 2580 656 2608; baseline 0.002 -7"><span class='ocrx_word' id='word_1_393' title='bbox 138 2592 166 2594; x_wconf 97' lang='lat'><strong>—</strong></span> <span class='ocrx_word' id='word_1_394' title='bbox 184 2580 206 2601; x_wconf 90' lang='lat' dir='ltr'>ln</span> <span class='ocrx_word' id='word_1_395' title='bbox 224 2580 300 2602; x_wconf 90' lang='lat' dir='ltr'>anima</span> <span class='ocrx_word' id='word_1_396' title='bbox 314 2580 425 2602; x_wconf 88' lang='lat' dir='ltr'>memoria</span> <span class='ocrx_word' id='word_1_397' title='bbox 437 2583 471 2602; x_wconf 83' lang='lat' dir='ltr'>est</span> <span class='ocrx_word' id='word_1_398' title='bbox 488 2581 612 2608; x_wconf 57' lang='lat' dir='ltr'>giemum,</span> <span class='ocrx_word' id='word_1_399' title='bbox 625 2581 656 2602; x_wconf 94' lang='lat' dir='ltr'>in-</span> 
     </span>
     <span class='ocr_line' id='line_1_62' title="bbox 90 2619 655 2648; baseline 0 -7"><span class='ocrx_word' id='word_1_400' title='bbox 90 2619 212 2647; x_wconf 86' lang='lat' dir='ltr'>telligentia</span> <span class='ocrx_word' id='word_1_401' title='bbox 225 2619 375 2648; x_wconf 84' lang='lat' dir='ltr'>generabilis,</span> <span class='ocrx_word' id='word_1_402' title='bbox 387 2620 493 2642; x_wconf 83' lang='lat' dir='ltr'>voluntas</span> <span class='ocrx_word' id='word_1_403' title='bbox 505 2626 530 2642; x_wconf 89' lang='lat' dir='ltr'>ex</span> <span class='ocrx_word' id='word_1_404' title='bbox 549 2620 583 2642; x_wconf 92' lang='lat' dir='ltr'>illa</span> <span class='ocrx_word' id='word_1_405' title='bbox 596 2626 655 2641; x_wconf 90' lang='lat' dir='ltr'>ema-</span> 
     </span>
     <span class='ocr_line' id='line_1_63' title="bbox 89 2659 655 2687; baseline 0.002 -7"><span class='ocrx_word' id='word_1_406' title='bbox 89 2659 172 2680; x_wconf 85' lang='lat' dir='ltr'>nabilis</span> <span class='ocrx_word' id='word_1_407' title='bbox 190 2659 234 2681; x_wconf 80' lang='grc'>447</span> <span class='ocrx_word' id='word_1_408' title='bbox 252 2665 271 2687; x_wconf 84' lang='lat' dir='ltr'>a,</span> <span class='ocrx_word' id='word_1_409' title='bbox 289 2659 304 2681; x_wconf 89' lang='lat' dir='ltr'>b</span> <span class='ocrx_word' id='word_1_410' title='bbox 320 2671 351 2675; x_wconf 89' lang='lat'><em>—</em></span> <span class='ocrx_word' id='word_1_411' title='bbox 368 2659 506 2681; x_wconf 87' lang='lat' dir='ltr'>assimilatur</span> <span class='ocrx_word' id='word_1_412' title='bbox 523 2662 597 2681; x_wconf 88' lang='lat' dir='ltr'>terrae</span> <span class='ocrx_word' id='word_1_413' title='bbox 614 2665 655 2687; x_wconf 87' lang='lat' dir='ltr'>per</span> 
     </span>
     <span class='ocr_line' id='line_1_64' title="bbox 90 2697 655 2725; baseline 0.002 -7"><span class='ocrx_word' id='word_1_414' title='bbox 90 2703 197 2723; x_wconf 82' lang='lat' dir='ltr'>sensum,</span> <span class='ocrx_word' id='word_1_415' title='bbox 215 2703 289 2725; x_wconf 81' lang='lat' dir='ltr'>aquae</span> <span class='ocrx_word' id='word_1_416' title='bbox 306 2703 347 2725; x_wconf 91' lang='lat' dir='ltr'>per</span> <span class='ocrx_word' id='word_1_417' title='bbox 364 2697 552 2725; x_wconf 84' lang='lat' dir='ltr'>imaginationem</span> <span class='ocrx_word' id='word_1_418' title='bbox 570 2700 592 2719; x_wconf 91' lang='lat' dir='ltr'>et</span> <span class='ocrx_word' id='word_1_419' title='bbox 608 2697 655 2719; x_wconf 75' lang='lat' dir='ltr'>aeri</span> 
     </span>
     <span class='ocr_line' id='line_1_65' title="bbox 91 2736 656 2763; baseline 0.002 -5"><span class='ocrx_word' id='word_1_420' title='bbox 91 2742 132 2763; x_wconf 91' lang='lat' dir='ltr'>per</span> <span class='ocrx_word' id='word_1_421' title='bbox 149 2736 261 2758; x_wconf 90' lang='lat' dir='ltr'>rationem</span> <span class='ocrx_word' id='word_1_422' title='bbox 280 2737 325 2758; x_wconf 80' lang='grc'>226</span> <span class='ocrx_word' id='word_1_423' title='bbox 348 2743 359 2758; x_wconf 82' lang='grc'>3</span> <span class='ocrx_word' id='word_1_424' title='bbox 382 2749 412 2752; x_wconf 89' lang='lat'><strong>—</strong></span> <span class='ocrx_word' id='word_1_425' title='bbox 435 2737 543 2759; x_wconf 79' lang='lat' dir='ltr'>Pei-tectio</span> <span class='ocrx_word' id='word_1_426' title='bbox 566 2737 656 2759; x_wconf 87' lang='lat' dir='ltr'>animae</span> 
     </span>
     <span class='ocr_line' id='line_1_66' title="bbox 90 2775 656 2805; baseline 0.002 -8"><span class='ocrx_word' id='word_1_427' title='bbox 90 2778 124 2797; x_wconf 88' lang='lat' dir='ltr'>est</span> <span class='ocrx_word' id='word_1_428' title='bbox 141 2775 270 2797; x_wconf 89' lang='lat' dir='ltr'>secundum</span> <span class='ocrx_word' id='word_1_429' title='bbox 293 2776 408 2803; x_wconf 86' lang='lat' dir='ltr'>duplicem</span> <span class='ocrx_word' id='word_1_430' title='bbox 426 2776 510 2804; x_wconf 83' lang='lat' dir='ltr'>vitam,</span> <span class='ocrx_word' id='word_1_431' title='bbox 528 2782 588 2805; x_wconf 86' lang='lat' dir='ltr'>quae</span> <span class='ocrx_word' id='word_1_432' title='bbox 608 2782 656 2799; x_wconf 88' lang='lat' dir='ltr'>cor-</span> 
     </span>
     <span class='ocr_line' id='line_1_67' title="bbox 90 2811 655 2843; baseline 0.002 -7"><span class='ocrx_word' id='word_1_433' title='bbox 90 2815 216 2842; x_wconf 84' lang='lat' dir='ltr'>respondet</span> <span class='ocrx_word' id='word_1_434' title='bbox 237 2811 309 2842; x_wconf 82' lang='lat' dir='ltr'>ipsins</span> <span class='ocrx_word' id='word_1_435' title='bbox 334 2815 419 2843; x_wconf 86' lang='lat' dir='ltr'>duplici</span> <span class='ocrx_word' id='word_1_436' title='bbox 441 2816 556 2843; x_wconf 88' lang='lat' dir='ltr'>potentiae</span> <span class='ocrx_word' id='word_1_437' title='bbox 578 2815 623 2838; x_wconf 81' lang='grc'>470</span> <span class='ocrx_word' id='word_1_438' title='bbox 641 2815 655 2837; x_wconf 92' lang='lat' dir='ltr'>b</span> 
     </span>
     <span class='ocr_line' id='line_1_68' title="bbox 90 2853 656 2882; baseline 0.002 -7"><span class='ocrx_word' id='word_1_439' title='bbox 90 2866 120 2870; x_wconf 93' lang='lat'>—-</span> <span class='ocrx_word' id='word_1_440' title='bbox 138 2853 207 2876; x_wconf 87' lang='lat' dir='ltr'>habet</span> <span class='ocrx_word' id='word_1_441' title='bbox 223 2858 342 2881; x_wconf 87' lang='lat' dir='ltr'>aspectum</span> <span class='ocrx_word' id='word_1_442' title='bbox 360 2855 437 2882; x_wconf 85' lang='lat' dir='ltr'>quoad</span> <span class='ocrx_word' id='word_1_443' title='bbox 454 2854 570 2877; x_wconf 86' lang='lat' dir='ltr'>sensibilia</span> <span class='ocrx_word' id='word_1_444' title='bbox 587 2858 609 2876; x_wconf 87' lang='lat' dir='ltr'>et</span> <span class='ocrx_word' id='word_1_445' title='bbox 625 2855 656 2877; x_wconf 92' lang='lat' dir='ltr'>in-</span> 
     </span>
     <span class='ocr_line' id='line_1_69' title="bbox 91 2892 656 2920; baseline 0.004 -6"><span class='ocrx_word' id='word_1_446' title='bbox 91 2892 215 2920; x_wconf 79' lang='lat' dir='ltr'>telligibilia</span> <span class='ocrx_word' id='word_1_447' title='bbox 232 2893 277 2915; x_wconf 80' lang='grc'>208</span> <span class='ocrx_word' id='word_1_448' title='bbox 295 2900 306 2915; x_wconf 84' lang='grc'>3</span> <span class='ocrx_word' id='word_1_449' title='bbox 331 2906 361 2908; x_wconf 88' lang='grc'>-</span> <span class='ocrx_word' id='word_1_450' title='bbox 383 2893 436 2915; x_wconf 87' lang='lat' dir='ltr'>Eius</span> <span class='ocrx_word' id='word_1_451' title='bbox 453 2894 514 2916; x_wconf 85' lang='lat' dir='ltr'>vires</span> <span class='ocrx_word' id='word_1_452' title='bbox 537 2894 656 2917; x_wconf 81' lang='lat' dir='ltr'>inferiores</span> 
     </span>
     <span class='ocr_line' id='line_1_70' title="bbox 91 2931 473 2959; baseline 0 -5"><span class='ocrx_word' id='word_1_453' title='bbox 91 2931 250 2959; x_wconf 81' lang='lat' dir='ltr'>superioribus</span> <span class='ocrx_word' id='word_1_454' title='bbox 267 2932 379 2954; x_wconf 88' lang='lat' dir='ltr'>obediunt</span> <span class='ocrx_word' id='word_1_455' title='bbox 395 2932 439 2954; x_wconf 85' lang='lat'>588</span> <span class='ocrx_word' id='word_1_456' title='bbox 458 2932 473 2954; x_wconf 86' lang='grc'>1)</span> 
     </span>
    </p>

    <p class='ocr_par' dir='ltr' id='par_1_14' title="bbox 92 2972 655 3035">
     <span class='ocr_line' id='line_1_71' title="bbox 137 2972 654 2999; baseline 0.004 -6"><span class='ocrx_word' id='word_1_457' title='bbox 137 2983 168 2987; x_wconf 93' lang='grc'><strong>-</strong></span> <span class='ocrx_word' id='word_1_458' title='bbox 185 2972 238 2994; x_wconf 84' lang='lat' dir='ltr'>Eius</span> <span class='ocrx_word' id='word_1_459' title='bbox 256 2972 370 2999; x_wconf 82' lang='lat' dir='ltr'>appetitus</span> <span class='ocrx_word' id='word_1_460' title='bbox 388 2975 421 2994; x_wconf 87' lang='lat' dir='ltr'>est</span> <span class='ocrx_word' id='word_1_461' title='bbox 447 2972 477 2994; x_wconf 83' lang='lat' dir='ltr'>ad</span> <span class='ocrx_word' id='word_1_462' title='bbox 502 2973 587 2995; x_wconf 81' lang='lat' dir='ltr'>infinita</span> <span class='ocrx_word' id='word_1_463' title='bbox 610 2973 654 2995; x_wconf 79' lang='lat'>388</span> 
     </span>
     <span class='ocr_line' id='line_1_72' title="bbox 92 3010 655 3035; baseline 0.004 -3"><span class='ocrx_word' id='word_1_464' title='bbox 92 3010 106 3032; x_wconf 87' lang='grc'>1)</span> <span class='ocrx_word' id='word_1_465' title='bbox 125 3023 153 3026; x_wconf 94' lang='grc'>--</span> <span class='ocrx_word' id='word_1_466' title='bbox 170 3011 231 3033; x_wconf 83' lang='grc'>1111110</span> <span class='ocrx_word' id='word_1_467' title='bbox 243 3011 287 3033; x_wconf 86' lang='lat' dir='ltr'>alio</span> <span class='ocrx_word' id='word_1_468' title='bbox 304 3011 398 3033; x_wconf 89' lang='lat' dir='ltr'>satiatur</span> <span class='ocrx_word' id='word_1_469' title='bbox 410 3011 463 3034; x_wconf 81' lang='lat' dir='ltr'>ibid.</span> <span class='ocrx_word' id='word_1_470' title='bbox 482 3011 526 3034; x_wconf 76' lang='lat'>359</span> <span class='ocrx_word' id='word_1_471' title='bbox 539 3018 551 3034; x_wconf 91' lang='lat' dir='ltr'>a</span> <span class='ocrx_word' id='word_1_472' title='bbox 568 3025 597 3027; x_wconf 97' lang='lat'><strong>—</strong></span> <span class='ocrx_word' id='word_1_473' title='bbox 610 3018 655 3035; x_wconf 87' lang='lat' dir='ltr'>non</span> 
     </span>
    </p>
   </div>
   <div class='ocr_carea' id='block_1_5' title="bbox 671 308 676 3036">
    <p class='ocr_par' dir='ltr' id='par_1_15' title="bbox 671 308 676 3036">
     <span class='ocr_line' id='line_1_73' title="bbox 671 308 676 3036; baseline 0 0"><span class='ocrx_word' id='word_1_474' title='bbox 671 308 676 3036; x_wconf 95' lang='lat' dir='ltr'> </span> 
     </span>
    </p>
   </div>
   <div class='ocr_carea' id='block_1_6' title="bbox 688 304 1258 3041">
    <p class='ocr_par' dir='ltr' id='par_1_16' title="bbox 693 304 1257 404">
     <span class='ocr_line' id='line_1_74' title="bbox 693 304 1255 333; baseline 0.004 -8"><span class='ocrx_word' id='word_1_475' title='bbox 693 304 797 332; x_wconf 77' lang='lat' dir='ltr'>quiescit,</span> <span class='ocrx_word' id='word_1_476' title='bbox 819 311 942 333; x_wconf 76' lang='lat' dir='ltr'>quousque</span> <span class='ocrx_word' id='word_1_477' title='bbox 967 304 1050 327; x_wconf 83' lang='lat' dir='ltr'>habeat</span> <span class='ocrx_word' id='word_1_478' title='bbox 1074 311 1143 327; x_wconf 85' lang='lat' dir='ltr'>omne</span> <span class='ocrx_word' id='word_1_479' title='bbox 1170 305 1255 328; x_wconf 89' lang='lat' dir='ltr'>bonum</span> 
     </span>
     <span class='ocr_line' id='line_1_75' title="bbox 693 342 1257 366; baseline 0.005 -3"><span class='ocrx_word' id='word_1_480' title='bbox 693 343 737 364; x_wconf 89' lang='lat' dir='ltr'>ti77</span> <span class='ocrx_word' id='word_1_481' title='bbox 752 342 766 365; x_wconf 88' lang='lat' dir='ltr'>b</span> <span class='ocrx_word' id='word_1_482' title='bbox 780 355 807 358; x_wconf 93' lang='lat'>——</span> <span class='ocrx_word' id='word_1_483' title='bbox 824 343 844 365; x_wconf 90' lang='lat' dir='ltr'>iu</span> <span class='ocrx_word' id='word_1_484' title='bbox 860 344 922 365; x_wconf 87' lang='lat' dir='ltr'>nullu</span> <span class='ocrx_word' id='word_1_485' title='bbox 941 343 1053 366; x_wconf 83' lang='lat' dir='ltr'>stabilitur</span> <span class='ocrx_word' id='word_1_486' title='bbox 1065 344 1107 366; x_wconf 81' lang='grc'>11151</span> <span class='ocrx_word' id='word_1_487' title='bbox 1125 344 1146 366; x_wconf 88' lang='grc'>111</span> <span class='ocrx_word' id='word_1_488' title='bbox 1163 345 1257 366; x_wconf 75' lang='lat' dir='ltr'>aeterni-</span> 
     </span>
     <span class='ocr_line' id='line_1_76' title="bbox 693 382 833 404; baseline -0.007 0"><span class='ocrx_word' id='word_1_489' title='bbox 693 385 737 404; x_wconf 86' lang='lat' dir='ltr'>tate</span> <span class='ocrx_word' id='word_1_490' title='bbox 755 382 799 403; x_wconf 75' lang='lat'>346</span> <span class='ocrx_word' id='word_1_491' title='bbox 818 382 833 404; x_wconf 91' lang='lat' dir='ltr'>b</span> 
     </span>
    </p>

    <p class='ocr_par' dir='ltr' id='par_1_17' title="bbox 690 421 1258 918">
     <span class='ocr_line' id='line_1_77' title="bbox 739 421 1256 451; baseline 0.002 -8"><span class='ocrx_word' id='word_1_492' title='bbox 739 433 768 437; x_wconf 78' lang='lat'>——</span> <span class='ocrx_word' id='word_1_493' title='bbox 782 421 835 443; x_wconf 90' lang='lat' dir='ltr'>nulli</span> <span class='ocrx_word' id='word_1_494' title='bbox 849 421 929 443; x_wconf 88' lang='lat' dir='ltr'>melius</span> <span class='ocrx_word' id='word_1_495' title='bbox 941 422 1049 444; x_wconf 82' lang='lat' dir='ltr'>convenit</span> <span class='ocrx_word' id='word_1_496' title='bbox 1059 422 1169 450; x_wconf 81' lang='lat' dir='ltr'>coniungi</span> <span class='ocrx_word' id='word_1_497' title='bbox 1186 429 1256 451; x_wconf 85' lang='lat' dir='ltr'>quam</span> 
     </span>
     <span class='ocr_line' id='line_1_78' title="bbox 692 460 1257 488; baseline 0.004 -7"><span class='ocrx_word' id='word_1_498' title='bbox 692 460 734 486; x_wconf 83' lang='lat' dir='ltr'>illi,</span> <span class='ocrx_word' id='word_1_499' title='bbox 752 460 781 482; x_wconf 89' lang='lat' dir='ltr'>ad</span> <span class='ocrx_word' id='word_1_500' title='bbox 798 460 865 482; x_wconf 69' lang='lat' dir='ltr'>(titius</span> <span class='ocrx_word' id='word_1_501' title='bbox 887 461 1011 488; x_wconf 74' lang='lat' dir='ltr'>imaginem</span> <span class='ocrx_word' id='word_1_502' title='bbox 1035 465 1068 483; x_wconf 82' lang='lat' dir='ltr'>est</span> <span class='ocrx_word' id='word_1_503' title='bbox 1092 462 1148 483; x_wconf 75' lang='lat' dir='ltr'>facta</span> <span class='ocrx_word' id='word_1_504' title='bbox 1172 461 1215 483; x_wconf 76' lang='grc'>173</span> <span class='ocrx_word' id='word_1_505' title='bbox 1235 461 1257 484; x_wconf 90' lang='grc'>1).</span> 
     </span>
     <span class='ocr_line' id='line_1_79' title="bbox 696 499 1258 528; baseline 0.005 -8"><span class='ocrx_word' id='word_1_506' title='bbox 696 499 735 520; x_wconf 80' lang='grc'>108</span> <span class='ocrx_word' id='word_1_507' title='bbox 754 506 774 521; x_wconf 86' lang='lat' dir='ltr'>a.</span> <span class='ocrx_word' id='word_1_508' title='bbox 792 499 837 521; x_wconf 66' lang='lat'>355)</span> <span class='ocrx_word' id='word_1_509' title='bbox 855 506 866 521; x_wconf 89' lang='lat' dir='ltr'>a</span> <span class='ocrx_word' id='word_1_510' title='bbox 885 512 915 516; x_wconf 97' lang='lat'><strong>—</strong></span> <span class='ocrx_word' id='word_1_511' title='bbox 933 500 990 528; x_wconf 81' lang='lat' dir='ltr'>Quia</span> <span class='ocrx_word' id='word_1_512' title='bbox 1008 504 1042 522; x_wconf 74' lang='lat' dir='ltr'>est</span> <span class='ocrx_word' id='word_1_513' title='bbox 1059 500 1137 528; x_wconf 79' lang='lat' dir='ltr'>imago</span> <span class='ocrx_word' id='word_1_514' title='bbox 1154 500 1206 527; x_wconf 84' lang='lat' dir='ltr'>Dei,</span> <span class='ocrx_word' id='word_1_515' title='bbox 1223 507 1258 523; x_wconf 87' lang='lat' dir='ltr'>ca-</span> 
     </span>
     <span class='ocr_line' id='line_1_80' title="bbox 692 538 1256 567; baseline 0.004 -8"><span class='ocrx_word' id='word_1_516' title='bbox 692 544 734 565; x_wconf 82' lang='lat' dir='ltr'>pax</span> <span class='ocrx_word' id='word_1_517' title='bbox 752 538 801 560; x_wconf 78' lang='lat' dir='ltr'>eius</span> <span class='ocrx_word' id='word_1_518' title='bbox 818 541 840 560; x_wconf 89' lang='lat' dir='ltr'>et</span> <span class='ocrx_word' id='word_1_519' title='bbox 858 538 973 566; x_wconf 75' lang='lat' dir='ltr'>particeps</span> <span class='ocrx_word' id='word_1_520' title='bbox 988 539 1182 567; x_wconf 79' lang='grc'>05501101051042</span> <span class='ocrx_word' id='word_1_521' title='bbox 1202 539 1215 561; x_wconf 88' lang='grc' dir='ltr'>Ι)</span> <span class='ocrx_word' id='word_1_522' title='bbox 1229 552 1256 555; x_wconf 82' lang='grc'>-</span> 
     </span>
     <span class='ocr_line' id='line_1_81' title="bbox 692 578 1257 606; baseline 0.004 -7"><span class='ocrx_word' id='word_1_523' title='bbox 692 583 732 605; x_wconf 92' lang='lat' dir='ltr'>per</span> <span class='ocrx_word' id='word_1_524' title='bbox 749 578 855 599; x_wconf 83' lang='lat' dir='ltr'>atl&#39;ectum</span> <span class='ocrx_word' id='word_1_525' title='bbox 874 578 993 601; x_wconf 85' lang='lat' dir='ltr'>coniuncta</span> <span class='ocrx_word' id='word_1_526' title='bbox 1009 578 1054 600; x_wconf 82' lang='lat' dir='ltr'>Deo</span> <span class='ocrx_word' id='word_1_527' title='bbox 1068 578 1088 600; x_wconf 91' lang='lat' dir='ltr'>in</span> <span class='ocrx_word' id='word_1_528' title='bbox 1102 578 1257 606; x_wconf 83' lang='lat' dir='ltr'>ipsumtrans·</span> 
     </span>
     <span class='ocr_line' id='line_1_82' title="bbox 692 616 1257 645; baseline 0.004 -7"><span class='ocrx_word' id='word_1_529' title='bbox 692 617 802 638; x_wconf 73' lang='lat' dir='ltr'>tot-matur</span> <span class='ocrx_word' id='word_1_530' title='bbox 820 616 863 638; x_wconf 77' lang='lat'>408</span> <span class='ocrx_word' id='word_1_531' title='bbox 882 623 893 638; x_wconf 92' lang='lat' dir='ltr'>a</span> <span class='ocrx_word' id='word_1_532' title='bbox 912 629 942 633; x_wconf 97' lang='lat'><strong>—</strong></span> <span class='ocrx_word' id='word_1_533' title='bbox 961 623 1001 645; x_wconf 90' lang='lat' dir='ltr'>per</span> <span class='ocrx_word' id='word_1_534' title='bbox 1024 618 1130 639; x_wconf 88' lang='lat' dir='ltr'>ardorem</span> <span class='ocrx_word' id='word_1_535' title='bbox 1155 617 1194 640; x_wconf 86' lang='lat' dir='ltr'>Dei</span> <span class='ocrx_word' id='word_1_536' title='bbox 1212 619 1257 640; x_wconf 87' lang='grc'>0111-</span> 
     </span>
     <span class='ocr_line' id='line_1_83' title="bbox 690 655 1257 684; baseline 0.004 -7"><span class='ocrx_word' id='word_1_537' title='bbox 690 655 748 677; x_wconf 87' lang='lat' dir='ltr'>citur</span> <span class='ocrx_word' id='word_1_538' title='bbox 780 655 897 678; x_wconf 85' lang='lat' dir='ltr'>deiformis</span> <span class='ocrx_word' id='word_1_539' title='bbox 927 655 972 678; x_wconf 71' lang='lat'>246</span> <span class='ocrx_word' id='word_1_540' title='bbox 1004 656 1027 678; x_wconf 84' lang='lat' dir='ltr'>b.</span> <span class='ocrx_word' id='word_1_541' title='bbox 1052 656 1096 678; x_wconf 85' lang='grc'>247</span> <span class='ocrx_word' id='word_1_542' title='bbox 1123 663 1134 678; x_wconf 86' lang='grc'>3</span> <span class='ocrx_word' id='word_1_543' title='bbox 1160 669 1190 673; x_wconf 92' lang='grc'>-</span> <span class='ocrx_word' id='word_1_544' title='bbox 1217 663 1257 684; x_wconf 89' lang='lat' dir='ltr'>per</span> 
     </span>
     <span class='ocr_line' id='line_1_84' title="bbox 690 694 1257 723; baseline 0.004 -8"><span class='ocrx_word' id='word_1_545' title='bbox 690 694 866 717; x_wconf 78' lang='lat' dir='ltr'>deiformitatem</span> <span class='ocrx_word' id='word_1_546' title='bbox 890 697 1032 723; x_wconf 81' lang='lat' dir='ltr'>superfertur</span> <span class='ocrx_word' id='word_1_547' title='bbox 1055 695 1164 718; x_wconf 84' lang='lat' dir='ltr'>omnibus</span> <span class='ocrx_word' id='word_1_548' title='bbox 1187 696 1257 718; x_wconf 84' lang='lat' dir='ltr'>robus</span> 
     </span>
     <span class='ocr_line' id='line_1_85' title="bbox 690 734 1256 762; baseline 0.004 -7"><span class='ocrx_word' id='word_1_549' title='bbox 690 734 779 761; x_wconf 84' lang='lat' dir='ltr'>creatis,</span> <span class='ocrx_word' id='word_1_550' title='bbox 802 734 825 755; x_wconf 91' lang='lat' dir='ltr'>in</span> <span class='ocrx_word' id='word_1_551' title='bbox 848 735 909 756; x_wconf 84' lang='lat' dir='ltr'>caelo</span> <span class='ocrx_word' id='word_1_552' title='bbox 935 735 1020 762; x_wconf 75' lang='lat' dir='ltr'>ligitur,</span> <span class='ocrx_word' id='word_1_553' title='bbox 1045 734 1166 762; x_wconf 86' lang='lat' dir='ltr'>stabilitur,</span> <span class='ocrx_word' id='word_1_554' title='bbox 1189 736 1256 757; x_wconf 86' lang='lat' dir='ltr'>collo-</span> 
     </span>
     <span class='ocr_line' id='line_1_86' title="bbox 690 773 1256 802; baseline 0.002 -7"><span class='ocrx_word' id='word_1_555' title='bbox 690 776 754 795; x_wconf 86' lang='lat' dir='ltr'>catur</span> <span class='ocrx_word' id='word_1_556' title='bbox 777 773 821 795; x_wconf 78' lang='grc'>440</span> <span class='ocrx_word' id='word_1_557' title='bbox 846 773 859 795; x_wconf 89' lang='lat' dir='ltr'>b</span> <span class='ocrx_word' id='word_1_558' title='bbox 881 785 912 790; x_wconf 84' lang='lat'><strong>—</strong></span> <span class='ocrx_word' id='word_1_559' title='bbox 937 774 977 796; x_wconf 89' lang='lat' dir='ltr'>lsta</span> <span class='ocrx_word' id='word_1_560' title='bbox 1003 774 1145 796; x_wconf 82' lang='lat' dir='ltr'>deiformitas</span> <span class='ocrx_word' id='word_1_561' title='bbox 1169 775 1193 796; x_wconf 83' lang='lat' dir='ltr'>tit</span> <span class='ocrx_word' id='word_1_562' title='bbox 1216 780 1256 802; x_wconf 89' lang='lat' dir='ltr'>per</span> 
     </span>
     <span class='ocr_line' id='line_1_87' title="bbox 691 812 1256 841; baseline 0.004 -7"><span class='ocrx_word' id='word_1_563' title='bbox 691 813 801 840; x_wconf 80' lang='lat' dir='ltr'>triplicem</span> <span class='ocrx_word' id='word_1_564' title='bbox 816 813 957 835; x_wconf 83' lang='lat' dir='ltr'>influentiam</span> <span class='ocrx_word' id='word_1_565' title='bbox 970 812 1024 836; x_wconf 79' lang='lat' dir='ltr'>ibid.</span> <span class='ocrx_word' id='word_1_566' title='bbox 1036 826 1066 830; x_wconf 86' lang='lat'><em>-</em></span> <span class='ocrx_word' id='word_1_567' title='bbox 1077 814 1189 836; x_wconf 81' lang='lat' dir='ltr'>Dominus</span> <span class='ocrx_word' id='word_1_568' title='bbox 1201 815 1256 841; x_wconf 84' lang='lat' dir='ltr'>vult,</span> 
     </span>
     <span class='ocr_line' id='line_1_88' title="bbox 690 852 1255 880; baseline 0.004 -7"><span class='ocrx_word' id='word_1_569' title='bbox 690 852 753 880; x_wconf 87' lang='lat' dir='ltr'>quod</span> <span class='ocrx_word' id='word_1_570' title='bbox 772 852 847 874; x_wconf 86' lang='lat' dir='ltr'>anima</span> <span class='ocrx_word' id='word_1_571' title='bbox 864 856 941 874; x_wconf 84' lang='lat' dir='ltr'>saneta</span> <span class='ocrx_word' id='word_1_572' title='bbox 964 852 992 874; x_wconf 89' lang='lat' dir='ltr'>ad</span> <span class='ocrx_word' id='word_1_573' title='bbox 1011 853 1099 875; x_wconf 89' lang='lat' dir='ltr'>nullum</span> <span class='ocrx_word' id='word_1_574' title='bbox 1119 853 1189 875; x_wconf 87' lang='lat' dir='ltr'>alium</span> <span class='ocrx_word' id='word_1_575' title='bbox 1213 853 1255 875; x_wconf 88' lang='grc'>11151</span> 
     </span>
     <span class='ocr_line' id='line_1_89' title="bbox 690 891 1034 918; baseline 0.003 -6"><span class='ocrx_word' id='word_1_576' title='bbox 690 891 718 913; x_wconf 89' lang='lat' dir='ltr'>ad</span> <span class='ocrx_word' id='word_1_577' title='bbox 738 891 813 918; x_wconf 86' lang='lat' dir='ltr'>ipsum</span> <span class='ocrx_word' id='word_1_578' title='bbox 831 891 939 918; x_wconf 84' lang='lat' dir='ltr'>respiciat</span> <span class='ocrx_word' id='word_1_579' title='bbox 956 891 1001 913; x_wconf 78' lang='grc'>520</span> <span class='ocrx_word' id='word_1_580' title='bbox 1020 891 1034 913; x_wconf 89' lang='grc'>1)</span> 
     </span>
    </p>

    <p class='ocr_par' dir='ltr' id='par_1_18' title="bbox 690 930 1257 1152">
     <span class='ocr_line' id='line_1_90' title="bbox 736 930 1256 959; baseline 0.002 -7"><span class='ocrx_word' id='word_1_581' title='bbox 736 942 767 946; x_wconf 93' lang='grc'>--</span> <span class='ocrx_word' id='word_1_582' title='bbox 784 930 878 958; x_wconf 83' lang='grc'>(11131100</span> <span class='ocrx_word' id='word_1_583' title='bbox 905 931 981 952; x_wconf 84' lang='grc'>111111111-</span> <span class='ocrx_word' id='word_1_584' title='bbox 1000 931 1045 953; x_wconf 84' lang='lat' dir='ltr'>Deo</span> <span class='ocrx_word' id='word_1_585' title='bbox 1071 934 1175 959; x_wconf 79' lang='lat' dir='ltr'>aeterno,</span> <span class='ocrx_word' id='word_1_586' title='bbox 1199 937 1256 958; x_wconf 89' lang='lat' dir='ltr'>pura</span> 
     </span>
     <span class='ocr_line' id='line_1_91' title="bbox 690 969 1257 996; baseline 0.002 -5"><span class='ocrx_word' id='word_1_587' title='bbox 690 969 787 991; x_wconf 81' lang='lat' dir='ltr'>efficitur</span> <span class='ocrx_word' id='word_1_588' title='bbox 804 969 844 991; x_wconf 77' lang='lat'>58!</span> <span class='ocrx_word' id='word_1_589' title='bbox 867 969 882 991; x_wconf 89' lang='lat' dir='ltr'>b</span> <span class='ocrx_word' id='word_1_590' title='bbox 899 982 929 986; x_wconf 89' lang='lat'><strong>—</strong></span> <span class='ocrx_word' id='word_1_591' title='bbox 946 972 980 992; x_wconf 88' lang='lat' dir='ltr'>est</span> <span class='ocrx_word' id='word_1_592' title='bbox 998 976 1050 996; x_wconf 88' lang='lat' dir='ltr'>una,</span> <span class='ocrx_word' id='word_1_593' title='bbox 1067 970 1085 992; x_wconf 84' lang='lat' dir='ltr'>si</span> <span class='ocrx_word' id='word_1_594' title='bbox 1104 970 1257 992; x_wconf 75' lang='grc' dir='ltr'>1013111011οη-</span> 
     </span>
     <span class='ocr_line' id='line_1_92' title="bbox 690 1009 1256 1037; baseline 0.002 -7"><span class='ocrx_word' id='word_1_595' title='bbox 690 1009 724 1030; x_wconf 88' lang='lat' dir='ltr'>dit</span> <span class='ocrx_word' id='word_1_596' title='bbox 741 1009 762 1030; x_wconf 93' lang='lat' dir='ltr'>in</span> <span class='ocrx_word' id='word_1_597' title='bbox 782 1009 866 1037; x_wconf 70' lang='lat' dir='ltr'>Deum,</span> <span class='ocrx_word' id='word_1_598' title='bbox 884 1015 908 1031; x_wconf 92' lang='lat' dir='ltr'>se</span> <span class='ocrx_word' id='word_1_599' title='bbox 927 1009 1002 1036; x_wconf 87' lang='lat' dir='ltr'>ipsum</span> <span class='ocrx_word' id='word_1_600' title='bbox 1021 1012 1043 1031; x_wconf 86' lang='lat' dir='ltr'>et</span> <span class='ocrx_word' id='word_1_601' title='bbox 1060 1010 1190 1037; x_wconf 79' lang='lat' dir='ltr'>proximum</span> <span class='ocrx_word' id='word_1_602' title='bbox 1212 1009 1256 1031; x_wconf 89' lang='grc'>407</span> 
     </span>
     <span class='ocr_line' id='line_1_93' title="bbox 690 1048 1257 1070; baseline 0.002 -1"><span class='ocrx_word' id='word_1_603' title='bbox 690 1054 702 1069; x_wconf 90' lang='grc'>3</span> <span class='ocrx_word' id='word_1_604' title='bbox 719 1060 750 1063; x_wconf 85' lang='lat'>—</span> <span class='ocrx_word' id='word_1_605' title='bbox 775 1048 839 1070; x_wconf 85' lang='lat' dir='ltr'>Circa</span> <span class='ocrx_word' id='word_1_606' title='bbox 862 1048 962 1070; x_wconf 87' lang='lat' dir='ltr'>animam</span> <span class='ocrx_word' id='word_1_607' title='bbox 989 1054 1042 1070; x_wconf 90' lang='lat' dir='ltr'>cum</span> <span class='ocrx_word' id='word_1_608' title='bbox 1065 1049 1111 1070; x_wconf 89' lang='lat' dir='ltr'>Deo</span> <span class='ocrx_word' id='word_1_609' title='bbox 1132 1048 1257 1070; x_wconf 78' lang='lat' dir='ltr'>convivare</span> 
     </span>
     <span class='ocr_line' id='line_1_94' title="bbox 692 1087 1256 1116; baseline 0.002 -7"><span class='ocrx_word' id='word_1_610' title='bbox 692 1087 804 1109; x_wconf 78' lang='lat' dir='ltr'>volentem</span> <span class='ocrx_word' id='word_1_611' title='bbox 823 1090 931 1109; x_wconf 84' lang='lat' dir='ltr'>notantur</span> <span class='ocrx_word' id='word_1_612' title='bbox 947 1087 1090 1114; x_wconf 86' lang='lat' dir='ltr'>innocentia,</span> <span class='ocrx_word' id='word_1_613' title='bbox 1110 1088 1256 1116; x_wconf 77' lang='lat' dir='ltr'>simplicitas,</span> 
     </span>
     <span class='ocr_line' id='line_1_95' title="bbox 691 1126 1010 1152; baseline 0 -4"><span class='ocrx_word' id='word_1_614' title='bbox 691 1127 806 1152; x_wconf 88' lang='lat' dir='ltr'>suavitas,</span> <span class='ocrx_word' id='word_1_615' title='bbox 823 1127 915 1148; x_wconf 78' lang='lat' dir='ltr'>satietas</span> <span class='ocrx_word' id='word_1_616' title='bbox 933 1126 977 1149; x_wconf 85' lang='grc'>234</span> <span class='ocrx_word' id='word_1_617' title='bbox 996 1126 1010 1148; x_wconf 94' lang='grc'>1)</span> 
     </span>
    </p>

    <p class='ocr_par' dir='ltr' id='par_1_19' title="bbox 691 1165 1258 1580">
     <span class='ocr_line' id='line_1_96' title="bbox 738 1165 1257 1194; baseline 0.002 -7"><span class='ocrx_word' id='word_1_618' title='bbox 738 1179 768 1181; x_wconf 88' lang='grc'>-</span> <span class='ocrx_word' id='word_1_619' title='bbox 785 1165 888 1188; x_wconf 85' lang='lat' dir='ltr'>Christus</span> <span class='ocrx_word' id='word_1_620' title='bbox 906 1165 993 1188; x_wconf 87' lang='lat' dir='ltr'>habitat</span> <span class='ocrx_word' id='word_1_621' title='bbox 1012 1166 1033 1188; x_wconf 94' lang='lat' dir='ltr'>in</span> <span class='ocrx_word' id='word_1_622' title='bbox 1056 1166 1131 1188; x_wconf 86' lang='lat' dir='ltr'>anima</span> <span class='ocrx_word' id='word_1_623' title='bbox 1153 1166 1257 1194; x_wconf 85' lang='lat' dir='ltr'>spiritua-</span> 
     </span>
     <span class='ocr_line' id='line_1_97' title="bbox 692 1205 1257 1233; baseline 0.002 -7"><span class='ocrx_word' id='word_1_624' title='bbox 692 1205 742 1226; x_wconf 84' lang='lat' dir='ltr'>liter</span> <span class='ocrx_word' id='word_1_625' title='bbox 764 1205 804 1226; x_wconf 73' lang='lat'>152</span> <span class='ocrx_word' id='word_1_626' title='bbox 823 1211 833 1226; x_wconf 89' lang='lat' dir='ltr'>a</span> <span class='ocrx_word' id='word_1_627' title='bbox 847 1218 877 1221; x_wconf 92' lang='lat'><em>-</em></span> <span class='ocrx_word' id='word_1_628' title='bbox 888 1205 921 1227; x_wconf 76' lang='lat' dir='ltr'>Act</span> <span class='ocrx_word' id='word_1_629' title='bbox 940 1206 984 1227; x_wconf 88' lang='lat' dir='ltr'>hoc</span> <span class='ocrx_word' id='word_1_630' title='bbox 1001 1208 1036 1227; x_wconf 87' lang='lat' dir='ltr'>est</span> <span class='ocrx_word' id='word_1_631' title='bbox 1047 1205 1199 1228; x_wconf 87' lang='lat' dir='ltr'>construenda</span> <span class='ocrx_word' id='word_1_632' title='bbox 1216 1211 1257 1233; x_wconf 88' lang='lat' dir='ltr'>per</span> 
     </span>
     <span class='ocr_line' id='line_1_98' title="bbox 692 1244 1257 1272; baseline 0.002 -6"><span class='ocrx_word' id='word_1_633' title='bbox 692 1244 813 1271; x_wconf 81' lang='lat' dir='ltr'>iustitiam,</span> <span class='ocrx_word' id='word_1_634' title='bbox 831 1244 979 1272; x_wconf 80' lang='lat' dir='ltr'>pudicitiam,</span> <span class='ocrx_word' id='word_1_635' title='bbox 1003 1245 1164 1267; x_wconf 80' lang='lat' dir='ltr'>confidentiam</span> <span class='ocrx_word' id='word_1_636' title='bbox 1183 1248 1205 1267; x_wconf 90' lang='lat' dir='ltr'>et</span> <span class='ocrx_word' id='word_1_637' title='bbox 1226 1245 1257 1267; x_wconf 89' lang='lat' dir='ltr'>di-</span> 
     </span>
     <span class='ocr_line' id='line_1_99' title="bbox 691 1283 1258 1311; baseline 0.002 -6"><span class='ocrx_word' id='word_1_638' title='bbox 691 1283 811 1311; x_wconf 86' lang='lat' dir='ltr'>seiplinam</span> <span class='ocrx_word' id='word_1_639' title='bbox 829 1283 858 1306; x_wconf 88' lang='lat' dir='ltr'>ib.</span> <span class='ocrx_word' id='word_1_640' title='bbox 875 1289 896 1310; x_wconf 90' lang='lat' dir='ltr'>a,</span> <span class='ocrx_word' id='word_1_641' title='bbox 908 1283 923 1305; x_wconf 86' lang='lat' dir='ltr'>b</span> <span class='ocrx_word' id='word_1_642' title='bbox 933 1296 963 1299; x_wconf 71' lang='lat'>—-</span> <span class='ocrx_word' id='word_1_643' title='bbox 972 1287 1006 1306; x_wconf 90' lang='lat' dir='ltr'>est</span> <span class='ocrx_word' id='word_1_644' title='bbox 1017 1284 1167 1306; x_wconf 86' lang='lat' dir='ltr'>custodienda</span> <span class='ocrx_word' id='word_1_645' title='bbox 1181 1290 1222 1311; x_wconf 91' lang='lat' dir='ltr'>per</span> <span class='ocrx_word' id='word_1_646' title='bbox 1234 1284 1258 1306; x_wconf 92' lang='lat' dir='ltr'>ti-</span> 
     </span>
     <span class='ocr_line' id='line_1_100' title="bbox 691 1323 1256 1351; baseline 0.002 -7"><span class='ocrx_word' id='word_1_647' title='bbox 691 1328 792 1351; x_wconf 73' lang='lat' dir='ltr'>morem,</span> <span class='ocrx_word' id='word_1_648' title='bbox 808 1323 935 1350; x_wconf 82' lang='lat' dir='ltr'>pudorem,</span> <span class='ocrx_word' id='word_1_649' title='bbox 947 1323 1049 1345; x_wconf 85' lang='lat' dir='ltr'>dolorem</span> <span class='ocrx_word' id='word_1_650' title='bbox 1063 1326 1084 1345; x_wconf 91' lang='lat' dir='ltr'>et</span> <span class='ocrx_word' id='word_1_651' title='bbox 1096 1329 1198 1345; x_wconf 85' lang='lat' dir='ltr'>amorem</span> <span class='ocrx_word' id='word_1_652' title='bbox 1213 1323 1256 1345; x_wconf 73' lang='grc'>153</span> 
     </span>
     <span class='ocr_line' id='line_1_101' title="bbox 691 1361 1257 1390; baseline 0.002 -7"><span class='ocrx_word' id='word_1_653' title='bbox 691 1368 711 1389; x_wconf 86' lang='lat' dir='ltr'>a,</span> <span class='ocrx_word' id='word_1_654' title='bbox 721 1361 736 1383; x_wconf 90' lang='grc'>1)</span> <span class='ocrx_word' id='word_1_655' title='bbox 745 1374 775 1378; x_wconf 96' lang='grc'><strong>-</strong></span> <span class='ocrx_word' id='word_1_656' title='bbox 785 1365 819 1384; x_wconf 85' lang='grc'>051</span> <span class='ocrx_word' id='word_1_657' title='bbox 830 1362 973 1384; x_wconf 81' lang='lat' dir='ltr'>discutienda</span> <span class='ocrx_word' id='word_1_658' title='bbox 986 1368 1027 1390; x_wconf 87' lang='lat' dir='ltr'>per</span> <span class='ocrx_word' id='word_1_659' title='bbox 1039 1362 1197 1389; x_wconf 80' lang='lat' dir='ltr'>intentionem,</span> <span class='ocrx_word' id='word_1_660' title='bbox 1207 1368 1257 1384; x_wconf 87' lang='lat' dir='ltr'>con-</span> 
     </span>
     <span class='ocr_line' id='line_1_102' title="bbox 691 1401 1256 1430; baseline 0.002 -7"><span class='ocrx_word' id='word_1_661' title='bbox 691 1401 866 1428; x_wconf 81' lang='lat' dir='ltr'>siderationem,</span> <span class='ocrx_word' id='word_1_662' title='bbox 878 1402 1020 1424; x_wconf 85' lang='lat' dir='ltr'>affectionem</span> <span class='ocrx_word' id='word_1_663' title='bbox 1028 1418 1033 1428; x_wconf 88' lang='lat'>‚</span> <span class='ocrx_word' id='word_1_664' title='bbox 1046 1402 1216 1430; x_wconf 80' lang='lat' dir='ltr'>inquisitionem</span> <span class='ocrx_word' id='word_1_665' title='bbox 1227 1401 1256 1424; x_wconf 83' lang='lat' dir='ltr'>ib.</span> 
     </span>
     <span class='ocr_line' id='line_1_103' title="bbox 692 1440 1257 1468; baseline 0 -6"><span class='ocrx_word' id='word_1_666' title='bbox 692 1440 706 1462; x_wconf 87' lang='grc'>1)</span> <span class='ocrx_word' id='word_1_667' title='bbox 723 1452 754 1456; x_wconf 94' lang='grc'><strong>-</strong></span> <span class='ocrx_word' id='word_1_668' title='bbox 772 1441 799 1463; x_wconf 90' lang='lat' dir='ltr'>Ut</span> <span class='ocrx_word' id='word_1_669' title='bbox 815 1441 844 1462; x_wconf 88' lang='lat' dir='ltr'>sit</span> <span class='ocrx_word' id='word_1_670' title='bbox 861 1441 918 1462; x_wconf 83' lang='lat' dir='ltr'>inter</span> <span class='ocrx_word' id='word_1_671' title='bbox 936 1441 1009 1468; x_wconf 86' lang='lat' dir='ltr'>ipsam</span> <span class='ocrx_word' id='word_1_672' title='bbox 1034 1443 1055 1462; x_wconf 89' lang='lat' dir='ltr'>et</span> <span class='ocrx_word' id='word_1_673' title='bbox 1078 1441 1192 1462; x_wconf 78' lang='lat' dir='ltr'>Christum</span> <span class='ocrx_word' id='word_1_674' title='bbox 1211 1441 1257 1462; x_wconf 90' lang='lat' dir='ltr'>vin-</span> 
     </span>
     <span class='ocr_line' id='line_1_104' title="bbox 691 1479 1257 1508; baseline 0.002 -7"><span class='ocrx_word' id='word_1_675' title='bbox 691 1480 768 1502; x_wconf 89' lang='lat' dir='ltr'>culum</span> <span class='ocrx_word' id='word_1_676' title='bbox 787 1479 952 1507; x_wconf 83' lang='lat' dir='ltr'>indissolubile,</span> <span class='ocrx_word' id='word_1_677' title='bbox 968 1480 1116 1508; x_wconf 85' lang='lat' dir='ltr'>requiruntur</span> <span class='ocrx_word' id='word_1_678' title='bbox 1131 1480 1172 1502; x_wconf 89' lang='lat' dir='ltr'>tria</span> <span class='ocrx_word' id='word_1_679' title='bbox 1185 1480 1229 1502; x_wconf 85' lang='lat'>507</span> <span class='ocrx_word' id='word_1_680' title='bbox 1242 1480 1257 1502; x_wconf 88' lang='lat' dir='ltr'>b</span> 
     </span>
     <span class='ocr_line' id='line_1_105' title="bbox 691 1519 1257 1547; baseline 0.002 -7"><span class='ocrx_word' id='word_1_681' title='bbox 691 1531 721 1535; x_wconf 97' lang='lat'><strong>—</strong></span> <span class='ocrx_word' id='word_1_682' title='bbox 747 1519 822 1541; x_wconf 75' lang='lat' dir='ltr'>Solius</span> <span class='ocrx_word' id='word_1_683' title='bbox 850 1519 933 1542; x_wconf 83' lang='lat' dir='ltr'>Christi</span> <span class='ocrx_word' id='word_1_684' title='bbox 958 1519 1103 1547; x_wconf 71' lang='lat' dir='ltr'>amplexibus</span> <span class='ocrx_word' id='word_1_685' title='bbox 1131 1526 1156 1541; x_wconf 85' lang='lat' dir='ltr'>se</span> <span class='ocrx_word' id='word_1_686' title='bbox 1180 1523 1257 1541; x_wconf 80' lang='lat' dir='ltr'>servet</span> 
     </span>
     <span class='ocr_line' id='line_1_106' title="bbox 691 1558 769 1580; baseline 0.013 -1"><span class='ocrx_word' id='word_1_687' title='bbox 691 1558 736 1580; x_wconf 75' lang='grc'>694-</span> <span class='ocrx_word' id='word_1_688' title='bbox 754 1558 769 1580; x_wconf 96' lang='grc'>1)</span> 
     </span>
    </p>

    <p class='ocr_par' dir='ltr' id='par_1_20' title="bbox 690 1597 1257 1863">
     <span class='ocr_line' id='line_1_107' title="bbox 739 1597 1257 1627; baseline 0.004 -8"><span class='ocrx_word' id='word_1_689' title='bbox 739 1610 767 1613; x_wconf 83' lang='lat'>—</span> <span class='ocrx_word' id='word_1_690' title='bbox 785 1597 853 1620; x_wconf 85' lang='lat' dir='ltr'>debet</span> <span class='ocrx_word' id='word_1_691' title='bbox 871 1604 921 1620; x_wconf 85' lang='lat' dir='ltr'>esse</span> <span class='ocrx_word' id='word_1_692' title='bbox 938 1599 1004 1627; x_wconf 86' lang='lat' dir='ltr'>quasi</span> <span class='ocrx_word' id='word_1_693' title='bbox 1022 1599 1103 1621; x_wconf 83' lang='lat' dir='ltr'>Christi</span> <span class='ocrx_word' id='word_1_694' title='bbox 1123 1605 1189 1621; x_wconf 86' lang='lat' dir='ltr'>soror</span> <span class='ocrx_word' id='word_1_695' title='bbox 1207 1605 1257 1626; x_wconf 85' lang='lat' dir='ltr'>pro-</span> 
     </span>
     <span class='ocr_line' id='line_1_108' title="bbox 691 1638 1256 1666; baseline 0.004 -8"><span class='ocrx_word' id='word_1_696' title='bbox 691 1640 741 1665; x_wconf 84' lang='lat' dir='ltr'>pter</span> <span class='ocrx_word' id='word_1_697' title='bbox 759 1638 953 1665; x_wconf 77' lang='lat' dir='ltr'>contorinitatem,</span> <span class='ocrx_word' id='word_1_698' title='bbox 971 1638 1043 1660; x_wconf 85' lang='lat' dir='ltr'>amica</span> <span class='ocrx_word' id='word_1_699' title='bbox 1068 1644 1108 1666; x_wconf 84' lang='lat' dir='ltr'>per</span> <span class='ocrx_word' id='word_1_700' title='bbox 1125 1639 1256 1666; x_wconf 83' lang='lat' dir='ltr'>caritatem,</span> 
     </span>
     <span class='ocr_line' id='line_1_109' title="bbox 690 1676 1256 1704; baseline 0.002 -6"><span class='ocrx_word' id='word_1_701' title='bbox 690 1676 796 1698; x_wconf 87' lang='lat' dir='ltr'>columba</span> <span class='ocrx_word' id='word_1_702' title='bbox 824 1680 918 1704; x_wconf 89' lang='lat' dir='ltr'>propter</span> <span class='ocrx_word' id='word_1_703' title='bbox 942 1677 1123 1704; x_wconf 80' lang='lat' dir='ltr'>simplicitatem,</span> <span class='ocrx_word' id='word_1_704' title='bbox 1144 1678 1256 1699; x_wconf 84' lang='lat' dir='ltr'>immacu-</span> 
     </span>
     <span class='ocr_line' id='line_1_110' title="bbox 691 1716 1257 1743; baseline 0.002 -6"><span class='ocrx_word' id='word_1_705' title='bbox 691 1716 732 1737; x_wconf 87' lang='lat' dir='ltr'>lata</span> <span class='ocrx_word' id='word_1_706' title='bbox 751 1719 845 1743; x_wconf 83' lang='lat' dir='ltr'>propter</span> <span class='ocrx_word' id='word_1_707' title='bbox 861 1716 987 1738; x_wconf 84' lang='lat' dir='ltr'>castitatem</span> <span class='ocrx_word' id='word_1_708' title='bbox 1005 1717 1009 1737; x_wconf 93' lang='lat' dir='ltr'>l</span> <span class='ocrx_word' id='word_1_709' title='bbox 1021 1717 1045 1737; x_wconf 75' lang='lat'>18</span> <span class='ocrx_word' id='word_1_710' title='bbox 1058 1722 1069 1738; x_wconf 88' lang='lat' dir='ltr'>a</span> <span class='ocrx_word' id='word_1_711' title='bbox 1083 1729 1113 1732; x_wconf 97' lang='lat'><strong>—</strong></span> <span class='ocrx_word' id='word_1_712' title='bbox 1125 1716 1157 1738; x_wconf 87' lang='lat' dir='ltr'>sic</span> <span class='ocrx_word' id='word_1_713' title='bbox 1169 1717 1197 1738; x_wconf 91' lang='lat' dir='ltr'>sit</span> <span class='ocrx_word' id='word_1_714' title='bbox 1206 1722 1257 1738; x_wconf 90' lang='lat' dir='ltr'>con-</span> 
     </span>
     <span class='ocr_line' id='line_1_111' title="bbox 690 1755 1256 1783; baseline 0.002 -7"><span class='ocrx_word' id='word_1_715' title='bbox 690 1755 787 1782; x_wconf 82' lang='lat' dir='ltr'>figurata</span> <span class='ocrx_word' id='word_1_716' title='bbox 807 1756 884 1783; x_wconf 64' lang='lat' dir='ltr'>agno,</span> <span class='ocrx_word' id='word_1_717' title='bbox 902 1759 926 1777; x_wconf 94' lang='lat' dir='ltr'>ut</span> <span class='ocrx_word' id='word_1_718' title='bbox 948 1756 1002 1777; x_wconf 90' lang='lat' dir='ltr'>velit</span> <span class='ocrx_word' id='word_1_719' title='bbox 1024 1756 1127 1777; x_wconf 78' lang='lat' dir='ltr'>Christus</span> <span class='ocrx_word' id='word_1_720' title='bbox 1144 1762 1194 1777; x_wconf 92' lang='lat' dir='ltr'>eam</span> <span class='ocrx_word' id='word_1_721' title='bbox 1219 1761 1256 1777; x_wconf 88' lang='lat' dir='ltr'>vo-</span> 
     </span>
     <span class='ocr_line' id='line_1_112' title="bbox 690 1794 1256 1823; baseline 0 -6"><span class='ocrx_word' id='word_1_722' title='bbox 690 1800 743 1817; x_wconf 86' lang='lat' dir='ltr'>care</span> <span class='ocrx_word' id='word_1_723' title='bbox 754 1800 857 1817; x_wconf 84' lang='lat' dir='ltr'>sororem</span> <span class='ocrx_word' id='word_1_724' title='bbox 872 1795 915 1817; x_wconf 79' lang='lat'>507</span> <span class='ocrx_word' id='word_1_725' title='bbox 928 1801 940 1816; x_wconf 89' lang='lat' dir='ltr'>a</span> <span class='ocrx_word' id='word_1_726' title='bbox 953 1808 983 1810; x_wconf 97' lang='lat'><strong>—</strong></span> <span class='ocrx_word' id='word_1_727' title='bbox 996 1795 1079 1817; x_wconf 83' lang='lat' dir='ltr'>dicitur</span> <span class='ocrx_word' id='word_1_728' title='bbox 1091 1801 1156 1817; x_wconf 91' lang='lat' dir='ltr'>soror</span> <span class='ocrx_word' id='word_1_729' title='bbox 1166 1794 1256 1823; x_wconf 86' lang='lat' dir='ltr'>Christi,</span> 
     </span>
     <span class='ocr_line' id='line_1_113' title="bbox 690 1833 1256 1863; baseline 0 -7"><span class='ocrx_word' id='word_1_730' title='bbox 690 1834 785 1863; x_wconf 85' lang='lat' dir='ltr'>qnando</span> <span class='ocrx_word' id='word_1_731' title='bbox 802 1837 865 1856; x_wconf 82' lang='lat' dir='ltr'>caste</span> <span class='ocrx_word' id='word_1_732' title='bbox 882 1837 904 1856; x_wconf 87' lang='lat' dir='ltr'>et</span> <span class='ocrx_word' id='word_1_733' title='bbox 921 1835 1008 1857; x_wconf 86' lang='lat' dir='ltr'>munde</span> <span class='ocrx_word' id='word_1_734' title='bbox 1025 1841 1049 1856; x_wconf 87' lang='lat' dir='ltr'>se</span> <span class='ocrx_word' id='word_1_735' title='bbox 1062 1834 1161 1856; x_wconf 81' lang='lat' dir='ltr'>custodit</span> <span class='ocrx_word' id='word_1_736' title='bbox 1179 1835 1223 1856; x_wconf 87' lang='grc'>212</span> <span class='ocrx_word' id='word_1_737' title='bbox 1241 1833 1256 1856; x_wconf 90' lang='grc'>1)</span> 
     </span>
    </p>

    <p class='ocr_par' dir='ltr' id='par_1_21' title="bbox 689 1874 1256 2296">
     <span class='ocr_line' id='line_1_114' title="bbox 737 1874 1256 1901; baseline 0 -6"><span class='ocrx_word' id='word_1_738' title='bbox 737 1886 767 1890; x_wconf 92' lang='grc'>-</span> <span class='ocrx_word' id='word_1_739' title='bbox 785 1874 868 1896; x_wconf 87' lang='lat' dir='ltr'>dicitur</span> <span class='ocrx_word' id='word_1_740' title='bbox 885 1880 969 1901; x_wconf 85' lang='lat' dir='ltr'>sponsa</span> <span class='ocrx_word' id='word_1_741' title='bbox 985 1874 1068 1901; x_wconf 82' lang='lat' dir='ltr'>Sponsi</span> <span class='ocrx_word' id='word_1_742' title='bbox 1080 1874 1123 1896; x_wconf 84' lang='lat'>506</span> <span class='ocrx_word' id='word_1_743' title='bbox 1137 1880 1149 1895; x_wconf 91' lang='lat' dir='ltr'>a</span> <span class='ocrx_word' id='word_1_744' title='bbox 1161 1886 1192 1890; x_wconf 88' lang='grc'><strong>-</strong></span> <span class='ocrx_word' id='word_1_745' title='bbox 1204 1874 1256 1896; x_wconf 82' lang='lat' dir='ltr'>Tria</span> 
     </span>
     <span class='ocr_line' id='line_1_115' title="bbox 690 1913 1256 1941; baseline 0 -6"><span class='ocrx_word' id='word_1_746' title='bbox 690 1913 738 1935; x_wconf 78' lang='lat' dir='ltr'>vult</span> <span class='ocrx_word' id='word_1_747' title='bbox 756 1913 859 1940; x_wconf 85' lang='lat' dir='ltr'>Sponsus</span> <span class='ocrx_word' id='word_1_748' title='bbox 876 1913 961 1935; x_wconf 88' lang='lat' dir='ltr'>habere</span> <span class='ocrx_word' id='word_1_749' title='bbox 979 1913 999 1935; x_wconf 91' lang='lat' dir='ltr'>in</span> <span class='ocrx_word' id='word_1_750' title='bbox 1018 1919 1058 1935; x_wconf 89' lang='lat' dir='ltr'>sua</span> <span class='ocrx_word' id='word_1_751' title='bbox 1076 1920 1161 1941; x_wconf 85' lang='lat' dir='ltr'>sponsa</span> <span class='ocrx_word' id='word_1_752' title='bbox 1179 1914 1223 1936; x_wconf 82' lang='lat'>558</span> <span class='ocrx_word' id='word_1_753' title='bbox 1242 1913 1256 1935; x_wconf 91' lang='lat' dir='ltr'>b</span> 
     </span>
     <span class='ocr_line' id='line_1_116' title="bbox 690 1953 1256 1981; baseline 0 -6"><span class='ocrx_word' id='word_1_754' title='bbox 690 1965 719 1969; x_wconf 89' lang='lat'>—</span> <span class='ocrx_word' id='word_1_755' title='bbox 732 1953 825 1981; x_wconf 88' lang='lat' dir='ltr'>qnando</span> <span class='ocrx_word' id='word_1_756' title='bbox 843 1953 958 1976; x_wconf 90' lang='lat' dir='ltr'>Christum</span> <span class='ocrx_word' id='word_1_757' title='bbox 971 1954 1085 1975; x_wconf 77' lang='lat' dir='ltr'>ferventer</span> <span class='ocrx_word' id='word_1_758' title='bbox 1097 1953 1178 1981; x_wconf 79' lang='lat' dir='ltr'>diligit,</span> <span class='ocrx_word' id='word_1_759' title='bbox 1190 1953 1256 1975; x_wconf 78' lang='lat' dir='ltr'>effici·</span> 
     </span>
     <span class='ocr_line' id='line_1_117' title="bbox 691 1992 1256 2020; baseline 0.002 -6"><span class='ocrx_word' id='word_1_760' title='bbox 691 1995 725 2014; x_wconf 91' lang='lat' dir='ltr'>tur</span> <span class='ocrx_word' id='word_1_761' title='bbox 738 1992 820 2015; x_wconf 82' lang='lat' dir='ltr'>Christi</span> <span class='ocrx_word' id='word_1_762' title='bbox 837 1998 922 2020; x_wconf 86' lang='lat' dir='ltr'>sponsa</span> <span class='ocrx_word' id='word_1_763' title='bbox 940 1996 962 2014; x_wconf 92' lang='lat' dir='ltr'>et</span> <span class='ocrx_word' id='word_1_764' title='bbox 978 1993 1057 2020; x_wconf 82' lang='lat' dir='ltr'>regina</span> <span class='ocrx_word' id='word_1_765' title='bbox 1071 1992 1124 2015; x_wconf 83' lang='lat' dir='ltr'>ibid.</span> <span class='ocrx_word' id='word_1_766' title='bbox 1136 2006 1166 2008; x_wconf 97' lang='lat'><strong>—</strong></span> <span class='ocrx_word' id='word_1_767' title='bbox 1178 1993 1213 2015; x_wconf 87' lang='grc'>0111</span> <span class='ocrx_word' id='word_1_768' title='bbox 1227 1993 1256 2015; x_wconf 88' lang='lat' dir='ltr'>lo-</span> 
     </span>
     <span class='ocr_line' id='line_1_118' title="bbox 689 2032 1255 2061; baseline 0 -7"><span class='ocrx_word' id='word_1_769' title='bbox 689 2032 767 2061; x_wconf 87' lang='lat' dir='ltr'>quitur</span> <span class='ocrx_word' id='word_1_770' title='bbox 779 2038 889 2060; x_wconf 84' lang='lat' dir='ltr'>sponsus,</span> <span class='ocrx_word' id='word_1_771' title='bbox 902 2035 997 2054; x_wconf 77' lang='lat' dir='ltr'>vocatur</span> <span class='ocrx_word' id='word_1_772' title='bbox 1009 2038 1082 2059; x_wconf 84' lang='lat' dir='ltr'>soror,</span> <span class='ocrx_word' id='word_1_773' title='bbox 1095 2032 1147 2060; x_wconf 83' lang='lat' dir='ltr'>filia,</span> <span class='ocrx_word' id='word_1_774' title='bbox 1163 2039 1255 2060; x_wconf 87' lang='lat' dir='ltr'>sponsa,</span> 
     </span>
     <span class='ocr_line' id='line_1_119' title="bbox 689 2071 1255 2099; baseline 0.002 -6"><span class='ocrx_word' id='word_1_775' title='bbox 689 2072 763 2094; x_wconf 87' lang='lat' dir='ltr'>amica</span> <span class='ocrx_word' id='word_1_776' title='bbox 781 2071 825 2093; x_wconf 82' lang='lat'>506</span> <span class='ocrx_word' id='word_1_777' title='bbox 844 2077 856 2093; x_wconf 91' lang='lat' dir='ltr'>a</span> <span class='ocrx_word' id='word_1_778' title='bbox 874 2084 903 2087; x_wconf 98' lang='lat'><strong>—</strong></span> <span class='ocrx_word' id='word_1_779' title='bbox 920 2072 1042 2099; x_wconf 79' lang='lat' dir='ltr'>Explicatio</span> <span class='ocrx_word' id='word_1_780' title='bbox 1060 2071 1114 2094; x_wconf 81' lang='lat' dir='ltr'>ibid.</span> <span class='ocrx_word' id='word_1_781' title='bbox 1130 2072 1174 2094; x_wconf 77' lang='lat'>510</span> <span class='ocrx_word' id='word_1_782' title='bbox 1192 2072 1207 2094; x_wconf 88' lang='grc'>1)</span> <span class='ocrx_word' id='word_1_783' title='bbox 1224 2085 1255 2087; x_wconf 90' lang='grc'><strong>-</strong></span> 
     </span>
     <span class='ocr_line' id='line_1_120' title="bbox 690 2110 1256 2138; baseline 0.002 -6"><span class='ocrx_word' id='word_1_784' title='bbox 690 2111 749 2133; x_wconf 89' lang='grc'>1111113</span> <span class='ocrx_word' id='word_1_785' title='bbox 768 2111 844 2133; x_wconf 90' lang='lat' dir='ltr'>unitur</span> <span class='ocrx_word' id='word_1_786' title='bbox 862 2110 951 2133; x_wconf 86' lang='lat' dir='ltr'>Christo</span> <span class='ocrx_word' id='word_1_787' title='bbox 969 2114 993 2133; x_wconf 86' lang='lat' dir='ltr'>ut</span> <span class='ocrx_word' id='word_1_788' title='bbox 1010 2117 1103 2138; x_wconf 87' lang='lat' dir='ltr'>sponso,</span> <span class='ocrx_word' id='word_1_789' title='bbox 1116 2111 1157 2133; x_wconf 82' lang='lat' dir='ltr'>nisi</span> <span class='ocrx_word' id='word_1_790' title='bbox 1173 2111 1256 2133; x_wconf 88' lang='lat' dir='ltr'>habeat</span> 
     </span>
     <span class='ocr_line' id='line_1_121' title="bbox 689 2150 1255 2173; baseline -0.002 0"><span class='ocrx_word' id='word_1_791' title='bbox 689 2151 876 2173; x_wconf 85' lang='lat' dir='ltr'>candidationem</span> <span class='ocrx_word' id='word_1_792' title='bbox 894 2150 976 2172; x_wconf 88' lang='lat' dir='ltr'>mentis</span> <span class='ocrx_word' id='word_1_793' title='bbox 997 2154 1019 2172; x_wconf 90' lang='lat' dir='ltr'>et</span> <span class='ocrx_word' id='word_1_794' title='bbox 1040 2151 1115 2173; x_wconf 83' lang='lat' dir='ltr'>carnis</span> <span class='ocrx_word' id='word_1_795' title='bbox 1136 2152 1176 2172; x_wconf 83' lang='grc'>126</span> <span class='ocrx_word' id='word_1_796' title='bbox 1195 2157 1206 2172; x_wconf 92' lang='grc'>3</span> <span class='ocrx_word' id='word_1_797' title='bbox 1225 2163 1255 2167; x_wconf 85' lang='grc'><strong>-</strong></span> 
     </span>
     <span class='ocr_line' id='line_1_122' title="bbox 689 2189 1255 2218; baseline 0 -6"><span class='ocrx_word' id='word_1_798' title='bbox 689 2196 749 2218; x_wconf 82' lang='lat' dir='ltr'>quae</span> <span class='ocrx_word' id='word_1_799' title='bbox 773 2189 857 2211; x_wconf 82' lang='lat' dir='ltr'>habent</span> <span class='ocrx_word' id='word_1_800' title='bbox 878 2192 1001 2218; x_wconf 81' lang='lat' dir='ltr'>utramque</span> <span class='ocrx_word' id='word_1_801' title='bbox 1023 2190 1208 2212; x_wconf 84' lang='lat' dir='ltr'>candidationem</span> <span class='ocrx_word' id='word_1_802' title='bbox 1229 2191 1255 2212; x_wconf 90' lang='lat' dir='ltr'>si-</span> 
     </span>
     <span class='ocr_line' id='line_1_123' title="bbox 691 2229 1255 2258; baseline 0.004 -8"><span class='ocrx_word' id='word_1_803' title='bbox 691 2229 755 2251; x_wconf 88' lang='lat' dir='ltr'>miles</span> <span class='ocrx_word' id='word_1_804' title='bbox 777 2232 831 2251; x_wconf 87' lang='lat' dir='ltr'>sunt</span> <span class='ocrx_word' id='word_1_805' title='bbox 854 2229 1008 2256; x_wconf 87' lang='lat' dir='ltr'>prudentibus</span> <span class='ocrx_word' id='word_1_806' title='bbox 1029 2229 1174 2256; x_wconf 71' lang='lat' dir='ltr'>virginibus3</span> <span class='ocrx_word' id='word_1_807' title='bbox 1195 2236 1255 2258; x_wconf 88' lang='lat' dir='ltr'>qnae</span> 
     </span>
     <span class='ocr_line' id='line_1_124' title="bbox 691 2267 1153 2296; baseline 0.002 -7"><span class='ocrx_word' id='word_1_808' title='bbox 691 2271 777 2290; x_wconf 89' lang='lat' dir='ltr'>tantum</span> <span class='ocrx_word' id='word_1_809' title='bbox 796 2268 877 2296; x_wconf 76' lang='lat' dir='ltr'>carnis,</span> <span class='ocrx_word' id='word_1_810' title='bbox 896 2267 1082 2295; x_wconf 82' lang='lat' dir='ltr'>imprudentibus</span> <span class='ocrx_word' id='word_1_811' title='bbox 1099 2267 1153 2290; x_wconf 74' lang='lat' dir='ltr'>ibid.</span> 
     </span>
    </p>

    <p class='ocr_par' dir='ltr' id='par_1_22' title="bbox 688 2307 1257 2650">
     <span class='ocr_line' id='line_1_125' title="bbox 737 2307 1256 2334; baseline 0.002 -6"><span class='ocrx_word' id='word_1_812' title='bbox 737 2319 767 2323; x_wconf 89' lang='lat'>—</span> <span class='ocrx_word' id='word_1_813' title='bbox 786 2307 868 2329; x_wconf 86' lang='lat' dir='ltr'>habeat</span> <span class='ocrx_word' id='word_1_814' title='bbox 884 2307 912 2328; x_wconf 88' lang='lat' dir='ltr'>ad</span> <span class='ocrx_word' id='word_1_815' title='bbox 932 2307 1048 2334; x_wconf 78' lang='lat' dir='ltr'>Sponsum</span> <span class='ocrx_word' id='word_1_816' title='bbox 1066 2313 1134 2329; x_wconf 88' lang='lat' dir='ltr'>suum</span> <span class='ocrx_word' id='word_1_817' title='bbox 1151 2307 1256 2329; x_wconf 87' lang='lat' dir='ltr'>sollicitu-</span> 
     </span>
     <span class='ocr_line' id='line_1_126' title="bbox 690 2346 1255 2369; baseline -0.002 -1"><span class='ocrx_word' id='word_1_818' title='bbox 690 2346 769 2369; x_wconf 86' lang='lat' dir='ltr'>dinem</span> <span class='ocrx_word' id='word_1_819' title='bbox 787 2349 806 2368; x_wconf 84' lang='lat' dir='ltr'>et</span> <span class='ocrx_word' id='word_1_820' title='bbox 826 2347 951 2368; x_wconf 81' lang='lat' dir='ltr'>ferventem</span> <span class='ocrx_word' id='word_1_821' title='bbox 974 2352 1077 2368; x_wconf 85' lang='lat' dir='ltr'>amorem</span> <span class='ocrx_word' id='word_1_822' title='bbox 1100 2346 1145 2367; x_wconf 77' lang='lat'>500</span> <span class='ocrx_word' id='word_1_823' title='bbox 1163 2352 1175 2368; x_wconf 90' lang='lat' dir='ltr'>a</span> <span class='ocrx_word' id='word_1_824' title='bbox 1195 2358 1226 2362; x_wconf 93' lang='lat'>—</span> <span class='ocrx_word' id='word_1_825' title='bbox 1243 2352 1255 2368; x_wconf 89' lang='lat' dir='ltr'>a</span> 
     </span>
     <span class='ocr_line' id='line_1_127' title="bbox 690 2384 1256 2413; baseline -0.002 -5"><span class='ocrx_word' id='word_1_826' title='bbox 690 2392 775 2413; x_wconf 86' lang='lat' dir='ltr'>sponso</span> <span class='ocrx_word' id='word_1_827' title='bbox 792 2385 892 2413; x_wconf 78' lang='lat' dir='ltr'>diligitur</span> <span class='ocrx_word' id='word_1_828' title='bbox 910 2386 1014 2413; x_wconf 80' lang='lat' dir='ltr'>zelotype</span> <span class='ocrx_word' id='word_1_829' title='bbox 1026 2384 1080 2408; x_wconf 77' lang='lat' dir='ltr'>ibid.</span> <span class='ocrx_word' id='word_1_830' title='bbox 1091 2397 1121 2401; x_wconf 97' lang='lat'><strong>—</strong></span> <span class='ocrx_word' id='word_1_831' title='bbox 1134 2385 1256 2413; x_wconf 87' lang='lat' dir='ltr'>adoptatur</span> 
     </span>
     <span class='ocr_line' id='line_1_128' title="bbox 690 2424 1257 2452; baseline -0.002 -5"><span class='ocrx_word' id='word_1_832' title='bbox 690 2425 713 2447; x_wconf 88' lang='lat' dir='ltr'>in</span> <span class='ocrx_word' id='word_1_833' title='bbox 730 2425 798 2447; x_wconf 78' lang='lat' dir='ltr'>tiliam</span> <span class='ocrx_word' id='word_1_834' title='bbox 817 2424 897 2447; x_wconf 86' lang='lat' dir='ltr'>Christi</span> <span class='ocrx_word' id='word_1_835' title='bbox 916 2428 1010 2452; x_wconf 87' lang='lat' dir='ltr'>propter</span> <span class='ocrx_word' id='word_1_836' title='bbox 1027 2425 1174 2452; x_wconf 86' lang='lat' dir='ltr'>splendorem</span> <span class='ocrx_word' id='word_1_837' title='bbox 1195 2425 1257 2446; x_wconf 88' lang='lat' dir='ltr'>intel-</span> 
     </span>
     <span class='ocr_line' id='line_1_129' title="bbox 689 2464 1256 2493; baseline 0 -7"><span class='ocrx_word' id='word_1_838' title='bbox 689 2465 807 2493; x_wconf 82' lang='lat' dir='ltr'>ligentiae,</span> <span class='ocrx_word' id='word_1_839' title='bbox 826 2464 934 2486; x_wconf 82' lang='lat' dir='ltr'>decorem</span> <span class='ocrx_word' id='word_1_840' title='bbox 951 2464 1070 2490; x_wconf 84' lang='lat' dir='ltr'>castitatis,</span> <span class='ocrx_word' id='word_1_841' title='bbox 1088 2464 1194 2486; x_wconf 86' lang='lat' dir='ltr'>timorem</span> <span class='ocrx_word' id='word_1_842' title='bbox 1217 2465 1256 2486; x_wconf 88' lang='lat' dir='ltr'>hu-</span> 
     </span>
     <span class='ocr_line' id='line_1_130' title="bbox 690 2503 1257 2531; baseline -0.002 -6"><span class='ocrx_word' id='word_1_843' title='bbox 690 2504 790 2526; x_wconf 87' lang='lat' dir='ltr'>militatis</span> <span class='ocrx_word' id='word_1_844' title='bbox 808 2504 852 2526; x_wconf 76' lang='grc'>450</span> <span class='ocrx_word' id='word_1_845' title='bbox 870 2503 885 2525; x_wconf 90' lang='grc'>1)</span> <span class='ocrx_word' id='word_1_846' title='bbox 903 2516 933 2520; x_wconf 85' lang='grc'>-</span> <span class='ocrx_word' id='word_1_847' title='bbox 945 2506 979 2525; x_wconf 84' lang='grc'>051</span> <span class='ocrx_word' id='word_1_848' title='bbox 995 2503 1040 2525; x_wconf 87' lang='grc'>11113</span> <span class='ocrx_word' id='word_1_849' title='bbox 1058 2503 1141 2526; x_wconf 90' lang='lat' dir='ltr'>Christi</span> <span class='ocrx_word' id='word_1_850' title='bbox 1153 2510 1194 2531; x_wconf 87' lang='lat' dir='ltr'>per</span> <span class='ocrx_word' id='word_1_851' title='bbox 1207 2503 1257 2525; x_wconf 88' lang='lat' dir='ltr'>imi-</span> 
     </span>
     <span class='ocr_line' id='line_1_131' title="bbox 689 2542 1257 2571; baseline -0.002 -6"><span class='ocrx_word' id='word_1_852' title='bbox 689 2543 798 2566; x_wconf 88' lang='lat' dir='ltr'>tationem</span> <span class='ocrx_word' id='word_1_853' title='bbox 817 2543 967 2570; x_wconf 86' lang='lat' dir='ltr'>paupertatis,</span> <span class='ocrx_word' id='word_1_854' title='bbox 979 2543 1094 2571; x_wconf 78' lang='lat' dir='ltr'>castitatis,</span> <span class='ocrx_word' id='word_1_855' title='bbox 1112 2542 1257 2565; x_wconf 84' lang='lat' dir='ltr'>obedientiae</span> 
     </span>
     <span class='ocr_line' id='line_1_132' title="bbox 688 2581 1257 2610; baseline -0.002 -6"><span class='ocrx_word' id='word_1_856' title='bbox 688 2581 718 2605; x_wconf 81' lang='lat' dir='ltr'>ib.</span> <span class='ocrx_word' id='word_1_857' title='bbox 737 2589 748 2604; x_wconf 89' lang='lat' dir='ltr'>a</span> <span class='ocrx_word' id='word_1_858' title='bbox 767 2594 797 2598; x_wconf 89' lang='lat'>—</span> <span class='ocrx_word' id='word_1_859' title='bbox 814 2582 898 2604; x_wconf 83' lang='lat' dir='ltr'>dicitur</span> <span class='ocrx_word' id='word_1_860' title='bbox 910 2582 983 2604; x_wconf 87' lang='lat' dir='ltr'>amica</span> <span class='ocrx_word' id='word_1_861' title='bbox 1002 2581 1084 2604; x_wconf 82' lang='lat' dir='ltr'>Christi</span> <span class='ocrx_word' id='word_1_862' title='bbox 1096 2584 1191 2610; x_wconf 86' lang='lat' dir='ltr'>propter</span> <span class='ocrx_word' id='word_1_863' title='bbox 1203 2588 1257 2610; x_wconf 87' lang='lat' dir='ltr'>qua-</span> 
     </span>
     <span class='ocr_line' id='line_1_133' title="bbox 689 2620 1116 2650; baseline 0 -7"><span class='ocrx_word' id='word_1_864' title='bbox 689 2621 818 2650; x_wconf 59' lang='lat' dir='ltr'>druplicen‘i</span> <span class='ocrx_word' id='word_1_865' title='bbox 836 2621 1021 2643; x_wconf 84' lang='lat' dir='ltr'>benevolentiam</span> <span class='ocrx_word' id='word_1_866' title='bbox 1039 2622 1083 2644; x_wconf 82' lang='lat'>508</span> <span class='ocrx_word' id='word_1_867' title='bbox 1102 2620 1116 2643; x_wconf 82' lang='lat' dir='ltr'>b</span> 
     </span>
    </p>

    <p class='ocr_par' dir='ltr' id='par_1_23' title="bbox 689 2660 1256 2884">
     <span class='ocr_line' id='line_1_134' title="bbox 735 2660 1256 2689; baseline 0 -6"><span class='ocrx_word' id='word_1_868' title='bbox 735 2673 766 2677; x_wconf 96' lang='lat'>—</span> <span class='ocrx_word' id='word_1_869' title='bbox 783 2664 818 2683; x_wconf 84' lang='lat' dir='ltr'>est</span> <span class='ocrx_word' id='word_1_870' title='bbox 834 2660 923 2683; x_wconf 71' lang='grc'>01111510</span> <span class='ocrx_word' id='word_1_871' title='bbox 936 2661 1071 2688; x_wconf 81' lang='lat' dir='ltr'>conformis,</span> <span class='ocrx_word' id='word_1_872' title='bbox 1088 2661 1106 2683; x_wconf 87' lang='lat' dir='ltr'>si</span> <span class='ocrx_word' id='word_1_873' title='bbox 1120 2660 1188 2683; x_wconf 88' lang='lat' dir='ltr'>habet</span> <span class='ocrx_word' id='word_1_874' title='bbox 1200 2667 1256 2689; x_wconf 86' lang='lat' dir='ltr'>qua-</span> 
     </span>
     <span class='ocr_line' id='line_1_135' title="bbox 690 2699 1255 2728; baseline 0 -6"><span class='ocrx_word' id='word_1_875' title='bbox 690 2703 741 2723; x_wconf 86' lang='lat' dir='ltr'>tuor</span> <span class='ocrx_word' id='word_1_876' title='bbox 760 2701 803 2723; x_wconf 80' lang='grc'>506</span> <span class='ocrx_word' id='word_1_877' title='bbox 822 2706 833 2722; x_wconf 87' lang='grc'>3</span> <span class='ocrx_word' id='word_1_878' title='bbox 852 2712 882 2716; x_wconf 87' lang='grc'>-</span> <span class='ocrx_word' id='word_1_879' title='bbox 894 2700 1037 2728; x_wconf 79' lang='lat' dir='ltr'>configurata</span> <span class='ocrx_word' id='word_1_880' title='bbox 1049 2699 1138 2722; x_wconf 87' lang='lat' dir='ltr'>Christo</span> <span class='ocrx_word' id='word_1_881' title='bbox 1150 2706 1191 2728; x_wconf 82' lang='lat' dir='ltr'>per</span> <span class='ocrx_word' id='word_1_882' title='bbox 1204 2706 1255 2728; x_wconf 78' lang='lat' dir='ltr'>gra-</span> 
     </span>
     <span class='ocr_line' id='line_1_136' title="bbox 689 2739 1255 2767; baseline 0 -6"><span class='ocrx_word' id='word_1_883' title='bbox 689 2740 743 2761; x_wconf 91' lang='lat' dir='ltr'>tiam</span> <span class='ocrx_word' id='word_1_884' title='bbox 761 2742 783 2761; x_wconf 89' lang='lat' dir='ltr'>et</span> <span class='ocrx_word' id='word_1_885' title='bbox 801 2745 841 2767; x_wconf 90' lang='lat' dir='ltr'>per</span> <span class='ocrx_word' id='word_1_886' title='bbox 859 2739 951 2761; x_wconf 87' lang='lat' dir='ltr'>habitus</span> <span class='ocrx_word' id='word_1_887' title='bbox 968 2739 1079 2761; x_wconf 82' lang='lat' dir='ltr'>virtutum</span> <span class='ocrx_word' id='word_1_888' title='bbox 1098 2742 1120 2761; x_wconf 89' lang='lat' dir='ltr'>et</span> <span class='ocrx_word' id='word_1_889' title='bbox 1141 2740 1255 2761; x_wconf 87' lang='lat' dir='ltr'>donorum</span> 
     </span>
     <span class='ocr_line' id='line_1_137' title="bbox 689 2778 1256 2806; baseline 0 -6"><span class='ocrx_word' id='word_1_890' title='bbox 689 2782 722 2800; x_wconf 87' lang='lat' dir='ltr'>est</span> <span class='ocrx_word' id='word_1_891' title='bbox 745 2779 823 2806; x_wconf 88' lang='lat' dir='ltr'>pulcra</span> <span class='ocrx_word' id='word_1_892' title='bbox 842 2779 886 2800; x_wconf 74' lang='lat'>508</span> <span class='ocrx_word' id='word_1_893' title='bbox 911 2778 925 2800; x_wconf 91' lang='lat' dir='ltr'>b</span> <span class='ocrx_word' id='word_1_894' title='bbox 948 2791 976 2793; x_wconf 97' lang='lat'>—-</span> <span class='ocrx_word' id='word_1_895' title='bbox 998 2779 1109 2800; x_wconf 83' lang='lat' dir='ltr'>recedens</span> <span class='ocrx_word' id='word_1_896' title='bbox 1132 2785 1143 2800; x_wconf 86' lang='lat' dir='ltr'>a</span> <span class='ocrx_word' id='word_1_897' title='bbox 1167 2778 1256 2801; x_wconf 89' lang='lat' dir='ltr'>Christo</span> 
     </span>
     <span class='ocr_line' id='line_1_138' title="bbox 689 2817 1256 2840; baseline 0 -1"><span class='ocrx_word' id='word_1_898' title='bbox 689 2818 818 2840; x_wconf 83' lang='lat' dir='ltr'>infirmatur</span> <span class='ocrx_word' id='word_1_899' title='bbox 830 2818 875 2839; x_wconf 87' lang='grc'>302</span> <span class='ocrx_word' id='word_1_900' title='bbox 893 2817 908 2839; x_wconf 89' lang='grc'>1)</span> <span class='ocrx_word' id='word_1_901' title='bbox 920 2830 950 2833; x_wconf 88' lang='lat'>—</span> <span class='ocrx_word' id='word_1_902' title='bbox 963 2818 1041 2839; x_wconf 81' lang='lat' dir='ltr'>Soluto</span> <span class='ocrx_word' id='word_1_903' title='bbox 1059 2818 1149 2839; x_wconf 88' lang='lat' dir='ltr'>vinculo</span> <span class='ocrx_word' id='word_1_904' title='bbox 1166 2818 1256 2839; x_wconf 87' lang='lat' dir='ltr'>animae</span> 
     </span>
     <span class='ocr_line' id='line_1_139' title="bbox 689 2856 1213 2884; baseline 0 -6"><span class='ocrx_word' id='word_1_905' title='bbox 689 2863 741 2879; x_wconf 89' lang='lat' dir='ltr'>cnm</span> <span class='ocrx_word' id='word_1_906' title='bbox 761 2856 860 2884; x_wconf 88' lang='lat' dir='ltr'>Christo,</span> <span class='ocrx_word' id='word_1_907' title='bbox 878 2856 971 2879; x_wconf 80' lang='lat' dir='ltr'>advenit</span> <span class='ocrx_word' id='word_1_908' title='bbox 988 2856 1037 2878; x_wconf 87' lang='lat' dir='ltr'>eius</span> <span class='ocrx_word' id='word_1_909' title='bbox 1055 2862 1117 2878; x_wconf 87' lang='lat' dir='ltr'>mors</span> <span class='ocrx_word' id='word_1_910' title='bbox 1135 2857 1179 2879; x_wconf 79' lang='lat'>558</span> <span class='ocrx_word' id='word_1_911' title='bbox 1198 2856 1213 2878; x_wconf 90' lang='lat' dir='ltr'>b</span> 
     </span>
    </p>

    <p class='ocr_par' dir='ltr' id='par_1_24' title="bbox 689 2896 1257 3041">
     <span class='ocr_line' id='line_1_140' title="bbox 738 2896 1255 2923; baseline 0 -6"><span class='ocrx_word' id='word_1_912' title='bbox 738 2909 766 2911; x_wconf 97' lang='lat'><strong>—</strong></span> <span class='ocrx_word' id='word_1_913' title='bbox 777 2896 851 2918; x_wconf 81' lang='lat' dir='ltr'>tidelis</span> <span class='ocrx_word' id='word_1_914' title='bbox 860 2899 956 2918; x_wconf 90' lang='lat' dir='ltr'>vocatur</span> <span class='ocrx_word' id='word_1_915' title='bbox 966 2896 1077 2923; x_wconf 86' lang='lat' dir='ltr'>templum</span> <span class='ocrx_word' id='word_1_916' title='bbox 1089 2896 1133 2917; x_wconf 75' lang='lat'>652</span> <span class='ocrx_word' id='word_1_917' title='bbox 1143 2902 1155 2917; x_wconf 91' lang='lat' dir='ltr'>a</span> <span class='ocrx_word' id='word_1_918' title='bbox 1166 2896 1255 2917; x_wconf 85' lang='lat' dir='ltr'>—insti</span> 
     </span>
     <span class='ocr_line' id='line_1_141' title="bbox 689 2935 1256 2957; baseline -0.002 0"><span class='ocrx_word' id='word_1_919' title='bbox 689 2935 756 2957; x_wconf 83' lang='lat' dir='ltr'>sedes</span> <span class='ocrx_word' id='word_1_920' title='bbox 774 2935 813 2957; x_wconf 87' lang='lat' dir='ltr'>Dei</span> <span class='ocrx_word' id='word_1_921' title='bbox 832 2938 866 2957; x_wconf 87' lang='lat' dir='ltr'>est</span> <span class='ocrx_word' id='word_1_922' title='bbox 882 2935 927 2957; x_wconf 67' lang='lat'>354</span> <span class='ocrx_word' id='word_1_923' title='bbox 950 2941 962 2956; x_wconf 91' lang='lat' dir='ltr'>a</span> <span class='ocrx_word' id='word_1_924' title='bbox 981 2947 1010 2950; x_wconf 84' lang='lat'>——</span> <span class='ocrx_word' id='word_1_925' title='bbox 1032 2935 1106 2957; x_wconf 80' lang='lat' dir='ltr'>fidelis</span> <span class='ocrx_word' id='word_1_926' title='bbox 1128 2935 1256 2957; x_wconf 85' lang='lat' dir='ltr'>secundum</span> 
     </span>
     <span class='ocr_line' id='line_1_142' title="bbox 691 2973 1257 2996; baseline 0 -1"><span class='ocrx_word' id='word_1_927' title='bbox 691 2974 830 2996; x_wconf 83' lang='lat' dir='ltr'>intellectum</span> <span class='ocrx_word' id='word_1_928' title='bbox 847 2975 959 2996; x_wconf 89' lang='lat' dir='ltr'>moralem</span> <span class='ocrx_word' id='word_1_929' title='bbox 977 2977 1011 2996; x_wconf 84' lang='lat' dir='ltr'>est</span> <span class='ocrx_word' id='word_1_930' title='bbox 1026 2973 1182 2996; x_wconf 85' lang='lat' dir='ltr'>habitaculum</span> <span class='ocrx_word' id='word_1_931' title='bbox 1200 2974 1257 2996; x_wconf 91' lang='lat' dir='ltr'>divi-</span> 
     </span>
     <span class='ocr_line' id='line_1_143' title="bbox 689 3013 1255 3041; baseline 0 -6"><span class='ocrx_word' id='word_1_932' title='bbox 689 3019 744 3035; x_wconf 93' lang='lat' dir='ltr'>num</span> <span class='ocrx_word' id='word_1_933' title='bbox 763 3014 803 3035; x_wconf 87' lang='grc'>671</span> <span class='ocrx_word' id='word_1_934' title='bbox 826 3013 841 3035; x_wconf 91' lang='grc'>1)</span> <span class='ocrx_word' id='word_1_935' title='bbox 858 3025 889 3029; x_wconf 94' lang='grc'>-</span> <span class='ocrx_word' id='word_1_936' title='bbox 906 3013 930 3035; x_wconf 83' lang='grc'>111</span> <span class='ocrx_word' id='word_1_937' title='bbox 947 3013 1031 3035; x_wconf 85' lang='grc'>(10111115</span> <span class='ocrx_word' id='word_1_938' title='bbox 1049 3013 1088 3035; x_wconf 86' lang='lat' dir='ltr'>Dei</span> <span class='ocrx_word' id='word_1_939' title='bbox 1106 3019 1147 3041; x_wconf 87' lang='lat' dir='ltr'>per</span> <span class='ocrx_word' id='word_1_940' title='bbox 1159 3013 1255 3040; x_wconf 77' lang='lat' dir='ltr'>gratiam</span> 
     </span>
    </p>
   </div>
   <div class='ocr_carea' id='block_1_7' title="bbox 1270 315 1278 3033">
    <p class='ocr_par' dir='ltr' id='par_1_25' title="bbox 1270 315 1278 3033">
     <span class='ocr_line' id='line_1_144' title="bbox 1270 315 1278 3033; baseline 0 0"><span class='ocrx_word' id='word_1_941' title='bbox 1270 315 1278 3033; x_wconf 95' lang='lat' dir='ltr'> </span> 
     </span>
    </p>
   </div>
   <div class='ocr_carea' id='block_1_8' title="bbox 1289 271 1857 2023">
    <p class='ocr_par' dir='ltr' id='par_1_26' title="bbox 1561 271 1604 293">
     <span class='ocr_line' id='line_1_145' title="bbox 1561 271 1604 293; baseline 0.023 -1"><span class='ocrx_word' id='word_1_942' title='bbox 1561 271 1604 293; x_wconf 84' lang='grc' dir='ltr'>ΛΝΙ</span> 
     </span>
    </p>

    <p class='ocr_par' dir='ltr' id='par_1_27' title="bbox 1290 307 1857 767">
     <span class='ocr_line' id='line_1_146' title="bbox 1291 307 1856 334; baseline 0.012 -7"><span class='ocrx_word' id='word_1_943' title='bbox 1291 307 1335 328; x_wconf 75' lang='grc'>324</span> <span class='ocrx_word' id='word_1_944' title='bbox 1354 314 1365 328; x_wconf 92' lang='lat' dir='ltr'>a</span> <span class='ocrx_word' id='word_1_945' title='bbox 1393 320 1420 323; x_wconf 76' lang='lat'>-</span> <span class='ocrx_word' id='word_1_946' title='bbox 1447 309 1561 331; x_wconf 80' lang='lat' dir='ltr'>inanima</span> <span class='ocrx_word' id='word_1_947' title='bbox 1585 310 1722 332; x_wconf 73' lang='lat' dir='ltr'>sanctiticata</span> <span class='ocrx_word' id='word_1_948' title='bbox 1746 312 1769 333; x_wconf 90' lang='lat' dir='ltr'>tlt</span> <span class='ocrx_word' id='word_1_949' title='bbox 1786 312 1856 334; x_wconf 84' lang='lat' dir='ltr'>altare</span> 
     </span>
     <span class='ocr_line' id='line_1_147' title="bbox 1292 346 1856 375; baseline 0.011 -8"><span class='ocrx_word' id='word_1_950' title='bbox 1292 346 1338 372; x_wconf 84' lang='lat' dir='ltr'>Dei,</span> <span class='ocrx_word' id='word_1_951' title='bbox 1356 346 1377 368; x_wconf 93' lang='lat' dir='ltr'>in</span> <span class='ocrx_word' id='word_1_952' title='bbox 1390 353 1437 375; x_wconf 90' lang='lat' dir='ltr'>quo</span> <span class='ocrx_word' id='word_1_953' title='bbox 1455 348 1592 370; x_wconf 73' lang='lat' dir='ltr'>saci-ilicium</span> <span class='ocrx_word' id='word_1_954' title='bbox 1605 350 1749 372; x_wconf 81' lang='lat' dir='ltr'>otlerendum</span> <span class='ocrx_word' id='word_1_955' title='bbox 1764 354 1797 372; x_wconf 75' lang='lat' dir='ltr'>est</span> <span class='ocrx_word' id='word_1_956' title='bbox 1810 351 1856 374; x_wconf 83' lang='lat' dir='ltr'>Deo</span> 
     </span>
     <span class='ocr_line' id='line_1_148' title="bbox 1290 384 1855 417; baseline 0.009 -11"><span class='ocrx_word' id='word_1_957' title='bbox 1290 384 1320 407; x_wconf 86' lang='lat' dir='ltr'>z&#39;b.</span> <span class='ocrx_word' id='word_1_958' title='bbox 1344 384 1358 406; x_wconf 93' lang='grc'>1)</span> <span class='ocrx_word' id='word_1_959' title='bbox 1381 397 1410 402; x_wconf 87' lang='lat'>-—</span> <span class='ocrx_word' id='word_1_960' title='bbox 1433 392 1492 414; x_wconf 80' lang='lat' dir='ltr'>quat·</span> <span class='ocrx_word' id='word_1_961' title='bbox 1518 390 1549 409; x_wconf 82' lang='lat' dir='ltr'>est</span> <span class='ocrx_word' id='word_1_962' title='bbox 1574 388 1684 415; x_wconf 90' lang='lat' dir='ltr'>templum</span> <span class='ocrx_word' id='word_1_963' title='bbox 1706 389 1803 415; x_wconf 66' lang='lat' dir='ltr'>Spiritus</span> <span class='ocrx_word' id='word_1_964' title='bbox 1825 390 1855 417; x_wconf 68' lang='lat' dir='ltr'>S„</span> 
     </span>
     <span class='ocr_line' id='line_1_149' title="bbox 1291 425 1857 454; baseline 0.011 -9"><span class='ocrx_word' id='word_1_965' title='bbox 1291 427 1394 446; x_wconf 81' lang='lat' dir='ltr'>venustat</span> <span class='ocrx_word' id='word_1_966' title='bbox 1415 425 1537 447; x_wconf 72' lang='lat' dir='ltr'>Ecclesiam</span> <span class='ocrx_word' id='word_1_967' title='bbox 1556 427 1736 454; x_wconf 86' lang='lat' dir='ltr'>triumphantem</span> <span class='ocrx_word' id='word_1_968' title='bbox 1762 433 1784 450; x_wconf 83' lang='lat' dir='ltr'>et</span> <span class='ocrx_word' id='word_1_969' title='bbox 1801 429 1857 451; x_wconf 89' lang='lat' dir='ltr'>mili-</span> 
     </span>
     <span class='ocr_line' id='line_1_150' title="bbox 1292 465 1855 493; baseline 0.009 -9"><span class='ocrx_word' id='word_1_970' title='bbox 1292 466 1375 484; x_wconf 85' lang='lat' dir='ltr'>tantem</span> <span class='ocrx_word' id='word_1_971' title='bbox 1398 466 1420 486; x_wconf 87' lang='lat' dir='ltr'>et</span> <span class='ocrx_word' id='word_1_972' title='bbox 1449 465 1517 487; x_wconf 84' lang='lat' dir='ltr'>trahit</span> <span class='ocrx_word' id='word_1_973' title='bbox 1540 465 1654 493; x_wconf 83' lang='lat' dir='ltr'>Sponsum</span> <span class='ocrx_word' id='word_1_974' title='bbox 1683 467 1802 489; x_wconf 73' lang='lat' dir='ltr'>caelestem</span> <span class='ocrx_word' id='word_1_975' title='bbox 1826 469 1855 489; x_wconf 84' lang='lat' dir='ltr'>ad</span> 
     </span>
     <span class='ocr_line' id='line_1_151' title="bbox 1291 502 1856 534; baseline 0.012 -12"><span class='ocrx_word' id='word_1_976' title='bbox 1291 508 1315 523; x_wconf 84' lang='lat' dir='ltr'>se</span> <span class='ocrx_word' id='word_1_977' title='bbox 1333 502 1377 523; x_wconf 75' lang='lat'>503</span> <span class='ocrx_word' id='word_1_978' title='bbox 1401 509 1413 524; x_wconf 88' lang='lat' dir='ltr'>a</span> <span class='ocrx_word' id='word_1_979' title='bbox 1431 515 1459 519; x_wconf 42' lang='lat' dir='ltr'><em>m</em></span> <span class='ocrx_word' id='word_1_980' title='bbox 1483 509 1543 532; x_wconf 88' lang='lat' dir='ltr'>quae</span> <span class='ocrx_word' id='word_1_981' title='bbox 1565 508 1599 526; x_wconf 89' lang='lat' dir='ltr'>est</span> <span class='ocrx_word' id='word_1_982' title='bbox 1622 506 1731 532; x_wconf 90' lang='lat' dir='ltr'>templum</span> <span class='ocrx_word' id='word_1_983' title='bbox 1758 507 1856 534; x_wconf 60' lang='lat' dir='ltr'>Spiritus</span> 
     </span>
     <span class='ocr_line' id='line_1_152' title="bbox 1291 541 1855 573; baseline 0.007 -10"><span class='ocrx_word' id='word_1_984' title='bbox 1291 542 1322 567; x_wconf 82' lang='lat' dir='ltr'>S.,</span> <span class='ocrx_word' id='word_1_985' title='bbox 1338 541 1406 563; x_wconf 87' lang='lat' dir='ltr'>habet</span> <span class='ocrx_word' id='word_1_986' title='bbox 1424 543 1613 569; x_wconf 69' lang='lat' dir='ltr'>complacentiam</span> <span class='ocrx_word' id='word_1_987' title='bbox 1631 542 1654 565; x_wconf 87' lang='lat' dir='ltr'>in</span> <span class='ocrx_word' id='word_1_988' title='bbox 1673 548 1749 566; x_wconf 83' lang='lat' dir='ltr'>mente</span> <span class='ocrx_word' id='word_1_989' title='bbox 1766 545 1855 573; x_wconf 84' lang='lat' dir='ltr'>divina,</span> 
     </span>
     <span class='ocr_line' id='line_1_153' title="bbox 1291 580 1854 612; baseline 0.007 -10"><span class='ocrx_word' id='word_1_990' title='bbox 1291 580 1320 602; x_wconf 86' lang='lat' dir='ltr'>ita</span> <span class='ocrx_word' id='word_1_991' title='bbox 1344 583 1368 602; x_wconf 92' lang='lat' dir='ltr'>ut</span> <span class='ocrx_word' id='word_1_992' title='bbox 1394 584 1437 603; x_wconf 87' lang='lat' dir='ltr'>tota</span> <span class='ocrx_word' id='word_1_993' title='bbox 1462 581 1561 603; x_wconf 81' lang='lat' dir='ltr'>Trinitas</span> <span class='ocrx_word' id='word_1_994' title='bbox 1589 583 1714 606; x_wconf 85' lang='lat' dir='ltr'>descendat</span> <span class='ocrx_word' id='word_1_995' title='bbox 1736 584 1757 606; x_wconf 91' lang='lat' dir='ltr'>in</span> <span class='ocrx_word' id='word_1_996' title='bbox 1781 585 1854 612; x_wconf 77' lang='lat' dir='ltr'>ipsam</span> 
     </span>
     <span class='ocr_line' id='line_1_154' title="bbox 1290 618 1856 651; baseline 0.007 -10"><span class='ocrx_word' id='word_1_997' title='bbox 1290 618 1344 642; x_wconf 76' lang='lat' dir='ltr'>ibid.</span> <span class='ocrx_word' id='word_1_998' title='bbox 1361 633 1391 635; x_wconf 97' lang='lat'><strong>—</strong></span> <span class='ocrx_word' id='word_1_999' title='bbox 1409 623 1433 642; x_wconf 90' lang='lat' dir='ltr'>ut</span> <span class='ocrx_word' id='word_1_1000' title='bbox 1450 621 1474 642; x_wconf 88' lang='lat' dir='ltr'>sit</span> <span class='ocrx_word' id='word_1_1001' title='bbox 1495 622 1606 649; x_wconf 87' lang='lat' dir='ltr'>templum</span> <span class='ocrx_word' id='word_1_1002' title='bbox 1625 622 1723 649; x_wconf 80' lang='lat' dir='ltr'>Spiritus</span> <span class='ocrx_word' id='word_1_1003' title='bbox 1740 624 1770 651; x_wconf 67' lang='grc'>8.,</span> <span class='ocrx_word' id='word_1_1004' title='bbox 1787 623 1856 646; x_wconf 84' lang='lat' dir='ltr'>debet</span> 
     </span>
     <span class='ocr_line' id='line_1_155' title="bbox 1290 658 1856 687; baseline 0.007 -7"><span class='ocrx_word' id='word_1_1005' title='bbox 1290 658 1375 681; x_wconf 86' lang='lat' dir='ltr'>habere</span> <span class='ocrx_word' id='word_1_1006' title='bbox 1387 659 1562 687; x_wconf 83' lang='lat' dir='ltr'>quadruplicem</span> <span class='ocrx_word' id='word_1_1007' title='bbox 1580 661 1723 684; x_wconf 85' lang='lat' dir='ltr'>sanctitatem</span> <span class='ocrx_word' id='word_1_1008' title='bbox 1736 662 1781 684; x_wconf 83' lang='grc'>643</span> <span class='ocrx_word' id='word_1_1009' title='bbox 1799 669 1810 684; x_wconf 85' lang='lat' dir='ltr'>a</span> <span class='ocrx_word' id='word_1_1010' title='bbox 1825 674 1856 679; x_wconf 92' lang='lat'>-—</span> 
     </span>
     <span class='ocr_line' id='line_1_156' title="bbox 1290 698 1856 728; baseline 0.009 -9"><span class='ocrx_word' id='word_1_1011' title='bbox 1290 704 1342 719; x_wconf 81' lang='lat' dir='ltr'>cum</span> <span class='ocrx_word' id='word_1_1012' title='bbox 1361 698 1389 720; x_wconf 82' lang='lat' dir='ltr'>sit</span> <span class='ocrx_word' id='word_1_1013' title='bbox 1407 700 1463 721; x_wconf 82' lang='lat' dir='ltr'>facta</span> <span class='ocrx_word' id='word_1_1014' title='bbox 1480 700 1591 727; x_wconf 82' lang='lat' dir='ltr'>templum</span> <span class='ocrx_word' id='word_1_1015' title='bbox 1609 700 1707 728; x_wconf 80' lang='lat' dir='ltr'>Spiritus</span> <span class='ocrx_word' id='word_1_1016' title='bbox 1720 703 1749 728; x_wconf 66' lang='grc'>5.,</span> <span class='ocrx_word' id='word_1_1017' title='bbox 1762 708 1805 724; x_wconf 90' lang='grc'>11011</span> <span class='ocrx_word' id='word_1_1018' title='bbox 1819 702 1856 724; x_wconf 84' lang='grc'>(10-</span> 
     </span>
     <span class='ocr_line' id='line_1_157' title="bbox 1290 736 1760 767; baseline 0.009 -9"><span class='ocrx_word' id='word_1_1019' title='bbox 1290 736 1328 759; x_wconf 86' lang='grc' dir='ltr'>1)οῑ</span> <span class='ocrx_word' id='word_1_1020' title='bbox 1345 738 1446 765; x_wconf 82' lang='lat' dir='ltr'>cogitare</span> <span class='ocrx_word' id='word_1_1021' title='bbox 1463 738 1556 767; x_wconf 90' lang='lat' dir='ltr'>aliquod</span> <span class='ocrx_word' id='word_1_1022' title='bbox 1576 739 1668 761; x_wconf 89' lang='lat' dir='ltr'>foedum</span> <span class='ocrx_word' id='word_1_1023' title='bbox 1687 740 1731 762; x_wconf 74' lang='lat'>503</span> <span class='ocrx_word' id='word_1_1024' title='bbox 1749 747 1760 762; x_wconf 94' lang='lat' dir='ltr'>a</span> 
     </span>
    </p>

    <p class='ocr_par' dir='ltr' id='par_1_28' title="bbox 1289 777 1857 1553">
     <span class='ocr_line' id='line_1_158' title="bbox 1337 777 1856 807; baseline 0.008 -9"><span class='ocrx_word' id='word_1_1025' title='bbox 1337 789 1366 793; x_wconf 89' lang='lat'><strong>—</strong></span> <span class='ocrx_word' id='word_1_1026' title='bbox 1384 777 1437 799; x_wconf 80' lang='lat' dir='ltr'>Eius</span> <span class='ocrx_word' id='word_1_1027' title='bbox 1448 778 1576 800; x_wconf 78' lang='lat' dir='ltr'>excellentia</span> <span class='ocrx_word' id='word_1_1028' title='bbox 1589 783 1697 801; x_wconf 84' lang='lat' dir='ltr'>causatur</span> <span class='ocrx_word' id='word_1_1029' title='bbox 1709 783 1730 801; x_wconf 91' lang='lat' dir='ltr'>et</span> <span class='ocrx_word' id='word_1_1030' title='bbox 1743 780 1856 807; x_wconf 74' lang='lat' dir='ltr'>colligitur</span> 
     </span>
     <span class='ocr_line' id='line_1_159' title="bbox 1290 815 1856 845; baseline 0.011 -9"><span class='ocrx_word' id='word_1_1031' title='bbox 1290 821 1315 837; x_wconf 81' lang='lat' dir='ltr'>cx</span> <span class='ocrx_word' id='word_1_1032' title='bbox 1334 815 1407 839; x_wconf 86' lang='lat' dir='ltr'>tribus</span> <span class='ocrx_word' id='word_1_1033' title='bbox 1426 816 1469 838; x_wconf 79' lang='lat'>450</span> <span class='ocrx_word' id='word_1_1034' title='bbox 1487 823 1499 838; x_wconf 92' lang='lat' dir='ltr'>a</span> <span class='ocrx_word' id='word_1_1035' title='bbox 1516 829 1547 833; x_wconf 95' lang='lat'>—</span> <span class='ocrx_word' id='word_1_1036' title='bbox 1560 824 1601 845; x_wconf 84' lang='lat' dir='ltr'>per</span> <span class='ocrx_word' id='word_1_1037' title='bbox 1618 818 1715 845; x_wconf 76' lang='lat' dir='ltr'>gratiam</span> <span class='ocrx_word' id='word_1_1038' title='bbox 1733 819 1856 842; x_wconf 88' lang='lat' dir='ltr'>decoratur</span> 
     </span>
     <span class='ocr_line' id='line_1_160' title="bbox 1290 855 1855 887; baseline 0.007 -11"><span class='ocrx_word' id='word_1_1039' title='bbox 1290 855 1318 876; x_wconf 81' lang='grc'>29</span> <span class='ocrx_word' id='word_1_1040' title='bbox 1337 861 1348 876; x_wconf 90' lang='grc'>3</span> <span class='ocrx_word' id='word_1_1041' title='bbox 1367 868 1396 871; x_wconf 87' lang='lat'>—-</span> <span class='ocrx_word' id='word_1_1042' title='bbox 1414 862 1425 877; x_wconf 94' lang='lat' dir='ltr'>a</span> <span class='ocrx_word' id='word_1_1043' title='bbox 1446 856 1491 877; x_wconf 86' lang='lat' dir='ltr'>Deo</span> <span class='ocrx_word' id='word_1_1044' title='bbox 1509 856 1577 878; x_wconf 90' lang='lat' dir='ltr'>habet</span> <span class='ocrx_word' id='word_1_1045' title='bbox 1594 856 1719 884; x_wconf 87' lang='lat' dir='ltr'>nobilitari,</span> <span class='ocrx_word' id='word_1_1046' title='bbox 1737 858 1855 887; x_wconf 84' lang='lat' dir='ltr'>roborari,</span> 
     </span>
     <span class='ocr_line' id='line_1_161' title="bbox 1289 894 1855 925; baseline 0.009 -10"><span class='ocrx_word' id='word_1_1047' title='bbox 1289 894 1364 921; x_wconf 78' lang='lat' dir='ltr'>refici,</span> <span class='ocrx_word' id='word_1_1048' title='bbox 1383 895 1502 917; x_wconf 88' lang='lat' dir='ltr'>illuminari</span> <span class='ocrx_word' id='word_1_1049' title='bbox 1521 896 1565 917; x_wconf 79' lang='grc'>236</span> <span class='ocrx_word' id='word_1_1050' title='bbox 1584 895 1598 917; x_wconf 87' lang='grc'>1)</span> <span class='ocrx_word' id='word_1_1051' title='bbox 1615 903 1701 919; x_wconf 90' lang='lat' dir='ltr'>—non</span> <span class='ocrx_word' id='word_1_1052' title='bbox 1720 900 1754 919; x_wconf 86' lang='lat' dir='ltr'>est</span> <span class='ocrx_word' id='word_1_1053' title='bbox 1770 901 1855 925; x_wconf 84' lang='lat' dir='ltr'>sancta,</span> 
     </span>
     <span class='ocr_line' id='line_1_162' title="bbox 1290 934 1854 963; baseline 0.009 -8"><span class='ocrx_word' id='word_1_1054' title='bbox 1290 936 1350 955; x_wconf 86' lang='lat' dir='ltr'>casta</span> <span class='ocrx_word' id='word_1_1055' title='bbox 1368 936 1390 956; x_wconf 91' lang='lat' dir='ltr'>et</span> <span class='ocrx_word' id='word_1_1056' title='bbox 1408 934 1486 961; x_wconf 85' lang='lat' dir='ltr'>pulcra</span> <span class='ocrx_word' id='word_1_1057' title='bbox 1504 941 1515 956; x_wconf 90' lang='lat' dir='ltr'>a</span> <span class='ocrx_word' id='word_1_1058' title='bbox 1534 941 1565 963; x_wconf 86' lang='lat' dir='ltr'>se,</span> <span class='ocrx_word' id='word_1_1059' title='bbox 1583 935 1623 957; x_wconf 77' lang='lat' dir='ltr'>sed</span> <span class='ocrx_word' id='word_1_1060' title='bbox 1641 942 1652 957; x_wconf 90' lang='lat' dir='ltr'>a</span> <span class='ocrx_word' id='word_1_1061' title='bbox 1673 936 1762 963; x_wconf 84' lang='lat' dir='ltr'>Sponso</span> <span class='ocrx_word' id='word_1_1062' title='bbox 1780 937 1825 959; x_wconf 76' lang='lat'>550</span> <span class='ocrx_word' id='word_1_1063' title='bbox 1842 944 1854 960; x_wconf 90' lang='lat' dir='ltr'>a</span> 
     </span>
     <span class='ocr_line' id='line_1_163' title="bbox 1289 974 1855 1005; baseline 0.007 -11"><span class='ocrx_word' id='word_1_1064' title='bbox 1289 984 1319 988; x_wconf 91' lang='lat'>—</span> <span class='ocrx_word' id='word_1_1065' title='bbox 1337 975 1361 994; x_wconf 92' lang='lat' dir='ltr'>ut</span> <span class='ocrx_word' id='word_1_1066' title='bbox 1379 974 1450 1000; x_wconf 84' lang='grc'>1105511</span> <span class='ocrx_word' id='word_1_1067' title='bbox 1467 980 1581 1001; x_wconf 86' lang='lat' dir='ltr'>apparere</span> <span class='ocrx_word' id='word_1_1068' title='bbox 1594 975 1614 996; x_wconf 88' lang='lat' dir='ltr'>in</span> <span class='ocrx_word' id='word_1_1069' title='bbox 1628 979 1752 1002; x_wconf 82' lang='lat' dir='ltr'>conspectu</span> <span class='ocrx_word' id='word_1_1070' title='bbox 1766 976 1855 1005; x_wconf 80' lang='lat' dir='ltr'>Christi,</span> 
     </span>
     <span class='ocr_line' id='line_1_164' title="bbox 1290 1012 1855 1043; baseline 0.009 -10"><span class='ocrx_word' id='word_1_1071' title='bbox 1290 1014 1324 1033; x_wconf 88' lang='lat' dir='ltr'>est</span> <span class='ocrx_word' id='word_1_1072' title='bbox 1340 1012 1495 1040; x_wconf 76' lang='lat' dir='ltr'>purificanda,</span> <span class='ocrx_word' id='word_1_1073' title='bbox 1508 1013 1654 1040; x_wconf 85' lang='lat' dir='ltr'>adornanda,</span> <span class='ocrx_word' id='word_1_1074' title='bbox 1667 1014 1855 1043; x_wconf 85' lang='lat' dir='ltr'>demonstranda,</span> 
     </span>
     <span class='ocr_line' id='line_1_165' title="bbox 1289 1051 1855 1082; baseline 0.009 -10"><span class='ocrx_word' id='word_1_1075' title='bbox 1289 1051 1436 1073; x_wconf 78' lang='lat' dir='ltr'>exhilaranda</span> <span class='ocrx_word' id='word_1_1076' title='bbox 1454 1052 1499 1073; x_wconf 86' lang='grc'>220</span> <span class='ocrx_word' id='word_1_1077' title='bbox 1517 1058 1528 1073; x_wconf 82' lang='lat' dir='ltr'>a</span> <span class='ocrx_word' id='word_1_1078' title='bbox 1541 1065 1572 1068; x_wconf 97' lang='lat'><strong>—</strong></span> <span class='ocrx_word' id='word_1_1079' title='bbox 1585 1056 1609 1075; x_wconf 92' lang='lat' dir='ltr'>nt</span> <span class='ocrx_word' id='word_1_1080' title='bbox 1621 1054 1693 1081; x_wconf 87' lang='lat' dir='ltr'>possit</span> <span class='ocrx_word' id='word_1_1081' title='bbox 1708 1055 1855 1082; x_wconf 87' lang='lat' dir='ltr'>resplendere</span> 
     </span>
     <span class='ocr_line' id='line_1_166' title="bbox 1290 1090 1856 1122; baseline 0.009 -10"><span class='ocrx_word' id='word_1_1082' title='bbox 1290 1090 1359 1112; x_wconf 87' lang='lat' dir='ltr'>instar</span> <span class='ocrx_word' id='word_1_1083' title='bbox 1376 1091 1440 1113; x_wconf 90' lang='lat' dir='ltr'>faciei</span> <span class='ocrx_word' id='word_1_1084' title='bbox 1458 1091 1547 1119; x_wconf 79' lang='lat' dir='ltr'>Christi,</span> <span class='ocrx_word' id='word_1_1085' title='bbox 1561 1092 1631 1114; x_wconf 86' lang='lat' dir='ltr'>debet</span> <span class='ocrx_word' id='word_1_1086' title='bbox 1647 1099 1696 1115; x_wconf 87' lang='lat' dir='ltr'>esse</span> <span class='ocrx_word' id='word_1_1087' title='bbox 1714 1094 1796 1116; x_wconf 88' lang='lat' dir='ltr'>decora</span> <span class='ocrx_word' id='word_1_1088' title='bbox 1815 1101 1856 1122; x_wconf 88' lang='lat' dir='ltr'>per</span> 
     </span>
     <span class='ocr_line' id='line_1_167' title="bbox 1290 1130 1855 1158; baseline 0.007 -7"><span class='ocrx_word' id='word_1_1089' title='bbox 1290 1130 1493 1158; x_wconf 85' lang='lat' dir='ltr'>compunctionem</span> <span class='ocrx_word' id='word_1_1090' title='bbox 1511 1134 1533 1152; x_wconf 88' lang='lat' dir='ltr'>et</span> <span class='ocrx_word' id='word_1_1091' title='bbox 1549 1132 1716 1154; x_wconf 89' lang='lat' dir='ltr'>confessionem</span> <span class='ocrx_word' id='word_1_1092' title='bbox 1736 1134 1775 1155; x_wconf 82' lang='grc'>221</span> <span class='ocrx_word' id='word_1_1093' title='bbox 1799 1133 1813 1155; x_wconf 89' lang='grc'>1)</span> <span class='ocrx_word' id='word_1_1094' title='bbox 1825 1146 1855 1150; x_wconf 93' lang='grc'>-</span> 
     </span>
     <span class='ocr_line' id='line_1_168' title="bbox 1290 1169 1857 1198; baseline 0.007 -7"><span class='ocrx_word' id='word_1_1095' title='bbox 1290 1169 1360 1191; x_wconf 75' lang='lat' dir='ltr'>debet</span> <span class='ocrx_word' id='word_1_1096' title='bbox 1377 1175 1426 1192; x_wconf 87' lang='lat' dir='ltr'>esse</span> <span class='ocrx_word' id='word_1_1097' title='bbox 1444 1170 1531 1197; x_wconf 80' lang='lat' dir='ltr'>fulgida</span> <span class='ocrx_word' id='word_1_1098' title='bbox 1549 1177 1590 1198; x_wconf 90' lang='lat' dir='ltr'>per</span> <span class='ocrx_word' id='word_1_1099' title='bbox 1607 1171 1726 1193; x_wconf 88' lang='lat' dir='ltr'>lectionem</span> <span class='ocrx_word' id='word_1_1100' title='bbox 1745 1176 1767 1194; x_wconf 91' lang='lat' dir='ltr'>et</span> <span class='ocrx_word' id='word_1_1101' title='bbox 1784 1173 1857 1195; x_wconf 88' lang='lat' dir='ltr'>medi-</span> 
     </span>
     <span class='ocr_line' id='line_1_169' title="bbox 1292 1208 1855 1240; baseline 0.007 -10"><span class='ocrx_word' id='word_1_1102' title='bbox 1292 1210 1397 1231; x_wconf 85' lang='lat' dir='ltr'>tationem</span> <span class='ocrx_word' id='word_1_1103' title='bbox 1419 1208 1472 1231; x_wconf 70' lang='lat' dir='ltr'>ibid.</span> <span class='ocrx_word' id='word_1_1104' title='bbox 1492 1222 1518 1225; x_wconf 40' lang='lat'>*—</span> <span class='ocrx_word' id='word_1_1105' title='bbox 1538 1210 1606 1232; x_wconf 79' lang='lat' dir='ltr'>debet</span> <span class='ocrx_word' id='word_1_1106' title='bbox 1623 1217 1673 1233; x_wconf 79' lang='lat' dir='ltr'>esse</span> <span class='ocrx_word' id='word_1_1107' title='bbox 1690 1211 1789 1233; x_wconf 87' lang='lat' dir='ltr'>iucunda</span> <span class='ocrx_word' id='word_1_1108' title='bbox 1815 1218 1855 1240; x_wconf 87' lang='lat' dir='ltr'>per</span> 
     </span>
     <span class='ocr_line' id='line_1_170' title="bbox 1290 1248 1856 1278; baseline 0.005 -8"><span class='ocrx_word' id='word_1_1109' title='bbox 1290 1248 1438 1270; x_wconf 81' lang='lat' dir='ltr'>devotionem</span> <span class='ocrx_word' id='word_1_1110' title='bbox 1457 1251 1478 1270; x_wconf 87' lang='lat' dir='ltr'>et</span> <span class='ocrx_word' id='word_1_1111' title='bbox 1495 1249 1639 1271; x_wconf 80' lang='lat' dir='ltr'>dilectionem</span> <span class='ocrx_word' id='word_1_1112' title='bbox 1657 1249 1711 1272; x_wconf 72' lang='lat' dir='ltr'>ibid.</span> <span class='ocrx_word' id='word_1_1113' title='bbox 1729 1262 1759 1266; x_wconf 93' lang='lat'>—</span> <span class='ocrx_word' id='word_1_1114' title='bbox 1780 1251 1856 1278; x_wconf 79' lang='lat' dir='ltr'>Splen-</span> 
     </span>
     <span class='ocr_line' id='line_1_171' title="bbox 1291 1287 1855 1316; baseline 0.005 -7"><span class='ocrx_word' id='word_1_1115' title='bbox 1291 1287 1334 1309; x_wconf 89' lang='lat' dir='ltr'>dor</span> <span class='ocrx_word' id='word_1_1116' title='bbox 1350 1287 1441 1309; x_wconf 88' lang='lat' dir='ltr'>animae</span> <span class='ocrx_word' id='word_1_1117' title='bbox 1460 1288 1541 1309; x_wconf 83' lang='lat' dir='ltr'>similis</span> <span class='ocrx_word' id='word_1_1118' title='bbox 1557 1291 1591 1310; x_wconf 77' lang='lat' dir='ltr'>est</span> <span class='ocrx_word' id='word_1_1119' title='bbox 1608 1289 1724 1316; x_wconf 88' lang='lat' dir='ltr'>splendori</span> <span class='ocrx_word' id='word_1_1120' title='bbox 1743 1290 1810 1312; x_wconf 87' lang='lat' dir='ltr'>solari</span> <span class='ocrx_word' id='word_1_1121' title='bbox 1828 1296 1855 1312; x_wconf 79' lang='lat' dir='ltr'>ex</span> 
     </span>
     <span class='ocr_line' id='line_1_172' title="bbox 1290 1326 1854 1355; baseline 0.005 -7"><span class='ocrx_word' id='word_1_1122' title='bbox 1290 1326 1436 1355; x_wconf 86' lang='lat' dir='ltr'>quadruplici</span> <span class='ocrx_word' id='word_1_1123' title='bbox 1455 1328 1542 1349; x_wconf 88' lang='lat' dir='ltr'>ratione</span> <span class='ocrx_word' id='word_1_1124' title='bbox 1560 1328 1604 1349; x_wconf 83' lang='grc'>220</span> <span class='ocrx_word' id='word_1_1125' title='bbox 1628 1334 1639 1350; x_wconf 90' lang='lat' dir='ltr'>a</span> <span class='ocrx_word' id='word_1_1126' title='bbox 1657 1340 1687 1344; x_wconf 93' lang='lat'>—</span> <span class='ocrx_word' id='word_1_1127' title='bbox 1704 1328 1773 1351; x_wconf 85' lang='lat' dir='ltr'>debet</span> <span class='ocrx_word' id='word_1_1128' title='bbox 1791 1329 1854 1351; x_wconf 88' lang='lat' dir='ltr'>indui</span> 
     </span>
     <span class='ocr_line' id='line_1_173' title="bbox 1290 1367 1854 1395; baseline 0.005 -8"><span class='ocrx_word' id='word_1_1129' title='bbox 1290 1369 1379 1394; x_wconf 81' lang='lat' dir='ltr'>septem</span> <span class='ocrx_word' id='word_1_1130' title='bbox 1396 1367 1540 1388; x_wconf 80' lang='lat' dir='ltr'>vestimentis</span> <span class='ocrx_word' id='word_1_1131' title='bbox 1560 1367 1599 1389; x_wconf 76' lang='lat'>511</span> <span class='ocrx_word' id='word_1_1132' title='bbox 1618 1367 1632 1389; x_wconf 89' lang='lat' dir='ltr'>h</span> <span class='ocrx_word' id='word_1_1133' title='bbox 1644 1379 1674 1383; x_wconf 91' lang='lat'><strong>—</strong></span> <span class='ocrx_word' id='word_1_1134' title='bbox 1688 1368 1757 1390; x_wconf 88' lang='lat' dir='ltr'>eiecta</span> <span class='ocrx_word' id='word_1_1135' title='bbox 1774 1369 1854 1395; x_wconf 88' lang='lat' dir='ltr'>triplici</span> 
     </span>
     <span class='ocr_line' id='line_1_174' title="bbox 1291 1405 1855 1433; baseline 0.005 -6"><span class='ocrx_word' id='word_1_1136' title='bbox 1291 1405 1370 1431; x_wconf 84' lang='lat' dir='ltr'>turba,</span> <span class='ocrx_word' id='word_1_1137' title='bbox 1392 1406 1475 1433; x_wconf 81' lang='lat' dir='ltr'>accipit</span> <span class='ocrx_word' id='word_1_1138' title='bbox 1500 1406 1540 1427; x_wconf 89' lang='lat' dir='ltr'>tria</span> <span class='ocrx_word' id='word_1_1139' title='bbox 1558 1406 1619 1428; x_wconf 89' lang='lat' dir='ltr'>dona</span> <span class='ocrx_word' id='word_1_1140' title='bbox 1637 1406 1680 1428; x_wconf 80' lang='grc'>453</span> <span class='ocrx_word' id='word_1_1141' title='bbox 1703 1413 1714 1429; x_wconf 88' lang='grc'>3</span> <span class='ocrx_word' id='word_1_1142' title='bbox 1738 1420 1768 1424; x_wconf 87' lang='grc'><strong>-</strong></span> <span class='ocrx_word' id='word_1_1143' title='bbox 1790 1408 1855 1430; x_wconf 88' lang='lat' dir='ltr'>Tunc</span> 
     </span>
     <span class='ocr_line' id='line_1_175' title="bbox 1290 1445 1855 1473; baseline 0.005 -7"><span class='ocrx_word' id='word_1_1144' title='bbox 1290 1445 1339 1467; x_wconf 78' lang='lat' dir='ltr'>cius</span> <span class='ocrx_word' id='word_1_1145' title='bbox 1356 1445 1402 1467; x_wconf 89' lang='lat' dir='ltr'>vita</span> <span class='ocrx_word' id='word_1_1146' title='bbox 1421 1445 1444 1467; x_wconf 84' lang='lat' dir='ltr'>fit</span> <span class='ocrx_word' id='word_1_1147' title='bbox 1461 1445 1567 1473; x_wconf 84' lang='lat' dir='ltr'>religiosa</span> <span class='ocrx_word' id='word_1_1148' title='bbox 1586 1446 1703 1472; x_wconf 82' lang='lat' dir='ltr'>tripliciter</span> <span class='ocrx_word' id='word_1_1149' title='bbox 1720 1445 1749 1469; x_wconf 79' lang='lat' dir='ltr'>ib.</span> <span class='ocrx_word' id='word_1_1150' title='bbox 1764 1453 1784 1473; x_wconf 90' lang='lat' dir='ltr'>a,</span> <span class='ocrx_word' id='word_1_1151' title='bbox 1797 1447 1812 1469; x_wconf 87' lang='lat' dir='ltr'>b</span> <span class='ocrx_word' id='word_1_1152' title='bbox 1824 1460 1855 1463; x_wconf 87' lang='lat'><strong>—</strong></span> 
     </span>
     <span class='ocr_line' id='line_1_176' title="bbox 1290 1485 1854 1513; baseline 0.004 -7"><span class='ocrx_word' id='word_1_1153' title='bbox 1290 1485 1350 1507; x_wconf 85' lang='lat' dir='ltr'>Stola</span> <span class='ocrx_word' id='word_1_1154' title='bbox 1368 1485 1457 1507; x_wconf 87' lang='lat' dir='ltr'>animae</span> <span class='ocrx_word' id='word_1_1155' title='bbox 1474 1485 1578 1507; x_wconf 81' lang='lat' dir='ltr'>consistit</span> <span class='ocrx_word' id='word_1_1156' title='bbox 1590 1485 1610 1507; x_wconf 93' lang='lat' dir='ltr'>in</span> <span class='ocrx_word' id='word_1_1157' title='bbox 1624 1486 1712 1508; x_wconf 81' lang='lat' dir='ltr'>visione</span> <span class='ocrx_word' id='word_1_1158' title='bbox 1729 1486 1796 1513; x_wconf 70' lang='lat' dir='ltr'>clara,</span> <span class='ocrx_word' id='word_1_1159' title='bbox 1810 1490 1854 1508; x_wconf 91' lang='lat' dir='ltr'>ten-</span> 
     </span>
     <span class='ocr_line' id='line_1_177' title="bbox 1291 1524 1763 1553; baseline 0.002 -7"><span class='ocrx_word' id='word_1_1160' title='bbox 1291 1524 1350 1546; x_wconf 87' lang='lat' dir='ltr'>tione</span> <span class='ocrx_word' id='word_1_1161' title='bbox 1367 1530 1455 1551; x_wconf 85' lang='lat' dir='ltr'>secura,</span> <span class='ocrx_word' id='word_1_1162' title='bbox 1474 1525 1579 1547; x_wconf 75' lang='lat' dir='ltr'>fruitione</span> <span class='ocrx_word' id='word_1_1163' title='bbox 1595 1525 1670 1553; x_wconf 80' lang='lat' dir='ltr'>quieta</span> <span class='ocrx_word' id='word_1_1164' title='bbox 1690 1525 1734 1547; x_wconf 81' lang='lat'>333</span> <span class='ocrx_word' id='word_1_1165' title='bbox 1752 1532 1763 1547; x_wconf 93' lang='lat' dir='ltr'>a</span> 
     </span>
    </p>

    <p class='ocr_par' dir='ltr' id='par_1_29' title="bbox 1290 1555 1856 2023">
     <span class='ocr_line' id='line_1_178' title="bbox 1338 1555 1854 1591; baseline 0.004 -6"><span class='ocrx_word' id='word_1_1166' title='bbox 1338 1577 1366 1579; x_wconf 97' lang='lat'><strong>—</strong></span> <span class='ocrx_word' id='word_1_1167' title='bbox 1385 1570 1425 1591; x_wconf 90' lang='lat' dir='ltr'>per</span> <span class='ocrx_word' id='word_1_1168' title='bbox 1442 1555 1561 1586; x_wconf 75' lang='lat' dir='ltr'>excessum</span> <span class='ocrx_word' id='word_1_1169' title='bbox 1579 1564 1734 1586; x_wconf 81' lang='lat' dir='ltr'>exsultationis</span> <span class='ocrx_word' id='word_1_1170' title='bbox 1751 1568 1812 1586; x_wconf 80' lang='lat' dir='ltr'>extra</span> <span class='ocrx_word' id='word_1_1171' title='bbox 1829 1571 1854 1587; x_wconf 89' lang='lat' dir='ltr'>se</span> 
     </span>
     <span class='ocr_line' id='line_1_179' title="bbox 1290 1603 1855 1632; baseline 0.004 -8"><span class='ocrx_word' id='word_1_1172' title='bbox 1290 1603 1377 1631; x_wconf 87' lang='lat' dir='ltr'>rapitur</span> <span class='ocrx_word' id='word_1_1173' title='bbox 1394 1606 1416 1625; x_wconf 92' lang='lat' dir='ltr'>et</span> <span class='ocrx_word' id='word_1_1174' title='bbox 1432 1603 1499 1632; x_wconf 89' lang='grc'>(111351</span> <span class='ocrx_word' id='word_1_1175' title='bbox 1516 1606 1561 1625; x_wconf 87' lang='grc'>1013</span> <span class='ocrx_word' id='word_1_1176' title='bbox 1578 1603 1601 1625; x_wconf 83' lang='grc'>111</span> <span class='ocrx_word' id='word_1_1177' title='bbox 1620 1604 1691 1625; x_wconf 88' lang='lat' dir='ltr'>Deum</span> <span class='ocrx_word' id='word_1_1178' title='bbox 1717 1603 1855 1626; x_wconf 84' lang='lat' dir='ltr'>absorbetur</span> 
     </span>
     <span class='ocr_line' id='line_1_180' title="bbox 1290 1642 1856 1670; baseline 0.002 -6"><span class='ocrx_word' id='word_1_1179' title='bbox 1290 1642 1334 1664; x_wconf 86' lang='grc'>326</span> <span class='ocrx_word' id='word_1_1180' title='bbox 1353 1648 1373 1670; x_wconf 85' lang='grc'>3,</span> <span class='ocrx_word' id='word_1_1181' title='bbox 1390 1642 1405 1664; x_wconf 85' lang='grc'>1)</span> <span class='ocrx_word' id='word_1_1182' title='bbox 1421 1655 1453 1658; x_wconf 91' lang='grc'>-</span> <span class='ocrx_word' id='word_1_1183' title='bbox 1471 1645 1567 1670; x_wconf 77' lang='lat' dir='ltr'>purgata</span> <span class='ocrx_word' id='word_1_1184' title='bbox 1586 1649 1597 1664; x_wconf 92' lang='lat' dir='ltr'>a</span> <span class='ocrx_word' id='word_1_1185' title='bbox 1616 1643 1715 1670; x_wconf 85' lang='lat' dir='ltr'>peccatis</span> <span class='ocrx_word' id='word_1_1186' title='bbox 1732 1646 1754 1665; x_wconf 88' lang='lat' dir='ltr'>et</span> <span class='ocrx_word' id='word_1_1187' title='bbox 1771 1642 1856 1665; x_wconf 85' lang='lat' dir='ltr'>abstra-</span> 
     </span>
     <span class='ocr_line' id='line_1_181' title="bbox 1290 1681 1854 1709; baseline 0.002 -6"><span class='ocrx_word' id='word_1_1188' title='bbox 1290 1684 1323 1704; x_wconf 89' lang='lat' dir='ltr'>cta</span> <span class='ocrx_word' id='word_1_1189' title='bbox 1346 1687 1358 1703; x_wconf 88' lang='lat' dir='ltr'>a</span> <span class='ocrx_word' id='word_1_1190' title='bbox 1383 1681 1530 1704; x_wconf 67' lang='lat' dir='ltr'>sensibilibus</span> <span class='ocrx_word' id='word_1_1191' title='bbox 1555 1682 1684 1709; x_wconf 80' lang='lat' dir='ltr'>experietur</span> <span class='ocrx_word' id='word_1_1192' title='bbox 1709 1682 1854 1704; x_wconf 87' lang='lat' dir='ltr'>dulcedinem</span> 
     </span>
     <span class='ocr_line' id='line_1_182' title="bbox 1290 1721 1855 1749; baseline 0.002 -7"><span class='ocrx_word' id='word_1_1193' title='bbox 1290 1721 1393 1743; x_wconf 84' lang='lat' dir='ltr'>divinam</span> <span class='ocrx_word' id='word_1_1194' title='bbox 1410 1721 1451 1742; x_wconf 80' lang='grc'>291</span> <span class='ocrx_word' id='word_1_1195' title='bbox 1473 1727 1484 1743; x_wconf 84' lang='lat' dir='ltr'>a</span> <span class='ocrx_word' id='word_1_1196' title='bbox 1510 1734 1538 1736; x_wconf 97' lang='lat'><strong>—</strong></span> <span class='ocrx_word' id='word_1_1197' title='bbox 1561 1721 1716 1749; x_wconf 74' lang='lat' dir='ltr'>pult-riticatur</span> <span class='ocrx_word' id='word_1_1198' title='bbox 1739 1728 1780 1749; x_wconf 90' lang='lat' dir='ltr'>per</span> <span class='ocrx_word' id='word_1_1199' title='bbox 1801 1728 1855 1743; x_wconf 82' lang='lat' dir='ltr'>con-</span> 
     </span>
     <span class='ocr_line' id='line_1_183' title="bbox 1290 1760 1855 1788; baseline 0.002 -7"><span class='ocrx_word' id='word_1_1200' title='bbox 1290 1760 1462 1787; x_wconf 85' lang='lat' dir='ltr'>templationem</span> <span class='ocrx_word' id='word_1_1201' title='bbox 1481 1760 1662 1788; x_wconf 84' lang='lat' dir='ltr'>quadrupliciter</span> <span class='ocrx_word' id='word_1_1202' title='bbox 1680 1760 1760 1782; x_wconf 61' lang='lat'>5091).</span> <span class='ocrx_word' id='word_1_1203' title='bbox 1778 1761 1822 1782; x_wconf 81' lang='grc'>510</span> <span class='ocrx_word' id='word_1_1204' title='bbox 1835 1767 1855 1788; x_wconf 91' lang='grc'>3,</span> 
     </span>
     <span class='ocr_line' id='line_1_184' title="bbox 1290 1798 1855 1827; baseline 0 -6"><span class='ocrx_word' id='word_1_1205' title='bbox 1290 1798 1305 1821; x_wconf 86' lang='lat' dir='ltr'>b</span> <span class='ocrx_word' id='word_1_1206' title='bbox 1322 1811 1349 1815; x_wconf 85' lang='lat'>-—</span> <span class='ocrx_word' id='word_1_1207' title='bbox 1369 1799 1487 1827; x_wconf 85' lang='lat' dir='ltr'>quomodo</span> <span class='ocrx_word' id='word_1_1208' title='bbox 1510 1799 1549 1821; x_wconf 82' lang='lat' dir='ltr'>[lat</span> <span class='ocrx_word' id='word_1_1209' title='bbox 1571 1805 1613 1826; x_wconf 88' lang='lat' dir='ltr'>per</span> <span class='ocrx_word' id='word_1_1210' title='bbox 1637 1800 1855 1827; x_wconf 83' lang='lat' dir='ltr'>contemplationem</span> 
     </span>
     <span class='ocr_line' id='line_1_185' title="bbox 1290 1838 1855 1867; baseline 0 -7"><span class='ocrx_word' id='word_1_1211' title='bbox 1290 1838 1356 1867; x_wconf 81' lang='lat' dir='ltr'>quasi</span> <span class='ocrx_word' id='word_1_1212' title='bbox 1374 1844 1457 1860; x_wconf 88' lang='lat' dir='ltr'>aurora</span> <span class='ocrx_word' id='word_1_1213' title='bbox 1474 1844 1617 1866; x_wconf 81' lang='lat' dir='ltr'>consurgens</span> <span class='ocrx_word' id='word_1_1214' title='bbox 1628 1841 1671 1860; x_wconf 90' lang='lat' dir='ltr'>etc.</span> <span class='ocrx_word' id='word_1_1215' title='bbox 1684 1838 1728 1860; x_wconf 80' lang='lat'>510</span> <span class='ocrx_word' id='word_1_1216' title='bbox 1746 1845 1758 1860; x_wconf 92' lang='lat' dir='ltr'>a</span> <span class='ocrx_word' id='word_1_1217' title='bbox 1771 1851 1801 1854; x_wconf 97' lang='lat'><strong>—</strong></span> <span class='ocrx_word' id='word_1_1218' title='bbox 1814 1844 1855 1866; x_wconf 90' lang='lat' dir='ltr'>per</span> 
     </span>
     <span class='ocr_line' id='line_1_186' title="bbox 1290 1877 1856 1906; baseline 0 -7"><span class='ocrx_word' id='word_1_1219' title='bbox 1290 1877 1415 1900; x_wconf 86' lang='lat' dir='ltr'>duodecim</span> <span class='ocrx_word' id='word_1_1220' title='bbox 1433 1877 1587 1899; x_wconf 89' lang='lat' dir='ltr'>immissiones</span> <span class='ocrx_word' id='word_1_1221' title='bbox 1608 1877 1710 1899; x_wconf 89' lang='lat' dir='ltr'>elevatur</span> <span class='ocrx_word' id='word_1_1222' title='bbox 1733 1877 1856 1906; x_wconf 84' lang='lat' dir='ltr'>quintupli-</span> 
     </span>
     <span class='ocr_line' id='line_1_187' title="bbox 1290 1916 1856 1939; baseline -0.002 0"><span class='ocrx_word' id='word_1_1223' title='bbox 1290 1917 1345 1939; x_wconf 88' lang='lat' dir='ltr'>citer</span> <span class='ocrx_word' id='word_1_1224' title='bbox 1362 1917 1391 1939; x_wconf 87' lang='lat' dir='ltr'>ad</span> <span class='ocrx_word' id='word_1_1225' title='bbox 1408 1923 1527 1939; x_wconf 85' lang='lat' dir='ltr'>summum</span> <span class='ocrx_word' id='word_1_1226' title='bbox 1550 1916 1639 1939; x_wconf 86' lang='lat' dir='ltr'>bonum</span> <span class='ocrx_word' id='word_1_1227' title='bbox 1663 1916 1706 1938; x_wconf 80' lang='grc'>468</span> <span class='ocrx_word' id='word_1_1228' title='bbox 1725 1916 1739 1939; x_wconf 89' lang='lat' dir='ltr'>b</span> <span class='ocrx_word' id='word_1_1229' title='bbox 1763 1929 1792 1932; x_wconf 86' lang='lat'>—</span> <span class='ocrx_word' id='word_1_1230' title='bbox 1810 1917 1856 1939; x_wconf 86' lang='lat' dir='ltr'>illu-</span> 
     </span>
     <span class='ocr_line' id='line_1_188' title="bbox 1290 1956 1856 1985; baseline 0 -7"><span class='ocrx_word' id='word_1_1231' title='bbox 1290 1957 1389 1979; x_wconf 86' lang='lat' dir='ltr'>minatur</span> <span class='ocrx_word' id='word_1_1232' title='bbox 1406 1963 1448 1984; x_wconf 87' lang='lat' dir='ltr'>per</span> <span class='ocrx_word' id='word_1_1233' title='bbox 1464 1957 1568 1985; x_wconf 81' lang='lat' dir='ltr'>quinque</span> <span class='ocrx_word' id='word_1_1234' title='bbox 1586 1959 1650 1978; x_wconf 87' lang='lat' dir='ltr'>actus</span> <span class='ocrx_word' id='word_1_1235' title='bbox 1667 1962 1776 1978; x_wconf 87' lang='lat' dir='ltr'>sensuum</span> <span class='ocrx_word' id='word_1_1236' title='bbox 1789 1956 1856 1983; x_wconf 81' lang='lat' dir='ltr'>spiri-</span> 
     </span>
     <span class='ocr_line' id='line_1_189' title="bbox 1290 1995 1856 2023; baseline -0.002 -5"><span class='ocrx_word' id='word_1_1237' title='bbox 1290 1996 1385 2018; x_wconf 87' lang='lat' dir='ltr'>tualium</span> <span class='ocrx_word' id='word_1_1238' title='bbox 1405 1996 1447 2017; x_wconf 81' lang='grc'>168</span> <span class='ocrx_word' id='word_1_1239' title='bbox 1466 1995 1488 2017; x_wconf 90' lang='lat' dir='ltr'>b.</span> <span class='ocrx_word' id='word_1_1240' title='bbox 1511 1996 1551 2017; x_wconf 81' lang='grc'>169</span> <span class='ocrx_word' id='word_1_1241' title='bbox 1569 2002 1581 2017; x_wconf 89' lang='grc'>3</span> <span class='ocrx_word' id='word_1_1242' title='bbox 1604 2008 1635 2011; x_wconf 92' lang='grc'>-</span> <span class='ocrx_word' id='word_1_1243' title='bbox 1652 1995 1780 2023; x_wconf 82' lang='lat' dir='ltr'>Explicatur</span> <span class='ocrx_word' id='word_1_1244' title='bbox 1805 2001 1856 2023; x_wconf 85' lang='lat' dir='ltr'>pro-</span> 
     </span>
    </p>
   </div>
   <div class='ocr_carea' id='block_1_9' title="bbox 1271 2034 1856 2062">
    <p class='ocr_par' dir='ltr' id='par_1_30' title="bbox 1271 2034 1856 2062">
     <span class='ocr_line' id='line_1_190' title="bbox 1271 2034 1856 2062; baseline -0.003 -4"><span class='ocrx_word' id='word_1_1245' title='bbox 1271 2041 1368 2058; x_wconf 64' lang='lat' dir='ltr'>,cessus</span> <span class='ocrx_word' id='word_1_1246' title='bbox 1388 2035 1479 2057; x_wconf 70' lang='grc' dir='ltr'>ίΙΠῙΠἸὶὶΘ</span> <span class='ocrx_word' id='word_1_1247' title='bbox 1501 2041 1541 2062; x_wconf 71' lang='lat' dir='ltr'>Del*</span> <span class='ocrx_word' id='word_1_1248' title='bbox 1566 2036 1644 2057; x_wconf 50' lang='lat' dir='ltr'>vasi-OS</span> <span class='ocrx_word' id='word_1_1249' title='bbox 1669 2034 1756 2062; x_wconf 70' lang='lat' dir='ltr'>gradUS</span> <span class='ocrx_word' id='word_1_1250' title='bbox 1779 2041 1856 2056; x_wconf 68' lang='lat' dir='ltr'>ascen-</span> 
     </span>
    </p>
   </div>
   <div class='ocr_carea' id='block_1_10' title="bbox 1289 2073 1856 3042">
    <p class='ocr_par' dir='ltr' id='par_1_31' title="bbox 1289 2073 1856 2331">
     <span class='ocr_line' id='line_1_191' title="bbox 1289 2073 1855 2102; baseline -0.002 -6"><span class='ocrx_word' id='word_1_1251' title='bbox 1289 2074 1364 2097; x_wconf 89' lang='lat' dir='ltr'>dentis</span> <span class='ocrx_word' id='word_1_1252' title='bbox 1381 2074 1411 2096; x_wconf 88' lang='lat' dir='ltr'>ad</span> <span class='ocrx_word' id='word_1_1253' title='bbox 1432 2074 1567 2102; x_wconf 86' lang='lat' dir='ltr'>sapientiam</span> <span class='ocrx_word' id='word_1_1254' title='bbox 1594 2074 1638 2096; x_wconf 77' lang='lat' dir='ltr'>28ss</span> <span class='ocrx_word' id='word_1_1255' title='bbox 1666 2073 1680 2095; x_wconf 92' lang='lat' dir='ltr'>b</span> <span class='ocrx_word' id='word_1_1256' title='bbox 1704 2086 1735 2090; x_wconf 89' lang='lat'><strong>—</strong></span> <span class='ocrx_word' id='word_1_1257' title='bbox 1760 2074 1855 2102; x_wconf 87' lang='lat' dir='ltr'>quando</span> 
     </span>
     <span class='ocr_line' id='line_1_192' title="bbox 1289 2113 1854 2141; baseline -0.002 -6"><span class='ocrx_word' id='word_1_1258' title='bbox 1289 2114 1391 2136; x_wconf 78' lang='lat' dir='ltr'>elevatur</span> <span class='ocrx_word' id='word_1_1259' title='bbox 1408 2114 1437 2136; x_wconf 86' lang='lat' dir='ltr'>ad</span> <span class='ocrx_word' id='word_1_1260' title='bbox 1456 2114 1541 2141; x_wconf 84' lang='lat' dir='ltr'>Deum,</span> <span class='ocrx_word' id='word_1_1261' title='bbox 1559 2119 1652 2135; x_wconf 88' lang='lat' dir='ltr'>necesse</span> <span class='ocrx_word' id='word_1_1262' title='bbox 1674 2115 1719 2140; x_wconf 82' lang='lat' dir='ltr'>est,</span> <span class='ocrx_word' id='word_1_1263' title='bbox 1742 2116 1767 2135; x_wconf 89' lang='lat' dir='ltr'>ut</span> <span class='ocrx_word' id='word_1_1264' title='bbox 1789 2113 1810 2134; x_wconf 92' lang='lat' dir='ltr'>in</span> <span class='ocrx_word' id='word_1_1265' title='bbox 1829 2118 1854 2134; x_wconf 87' lang='lat' dir='ltr'>ea</span> 
     </span>
     <span class='ocr_line' id='line_1_193' title="bbox 1289 2151 1855 2175; baseline -0.004 0"><span class='ocrx_word' id='word_1_1266' title='bbox 1289 2153 1317 2175; x_wconf 92' lang='lat' dir='ltr'>sit</span> <span class='ocrx_word' id='word_1_1267' title='bbox 1341 2153 1471 2175; x_wconf 81' lang='lat' dir='ltr'>amaritudo</span> <span class='ocrx_word' id='word_1_1268' title='bbox 1495 2153 1535 2175; x_wconf 81' lang='lat'>581</span> <span class='ocrx_word' id='word_1_1269' title='bbox 1562 2152 1577 2174; x_wconf 86' lang='grc'>1)</span> <span class='ocrx_word' id='word_1_1270' title='bbox 1602 2165 1632 2168; x_wconf 94' lang='grc'><strong>-</strong></span> <span class='ocrx_word' id='word_1_1271' title='bbox 1658 2151 1727 2174; x_wconf 88' lang='lat' dir='ltr'>debet</span> <span class='ocrx_word' id='word_1_1272' title='bbox 1749 2152 1855 2174; x_wconf 87' lang='lat' dir='ltr'>deserere</span> 
     </span>
     <span class='ocr_line' id='line_1_194' title="bbox 1289 2190 1856 2214; baseline -0.004 0"><span class='ocrx_word' id='word_1_1273' title='bbox 1289 2195 1422 2214; x_wconf 90' lang='lat' dir='ltr'>ornamenta</span> <span class='ocrx_word' id='word_1_1274' title='bbox 1440 2192 1564 2213; x_wconf 81' lang='lat' dir='ltr'>saecularia</span> <span class='ocrx_word' id='word_1_1275' title='bbox 1582 2195 1604 2213; x_wconf 87' lang='lat' dir='ltr'>et</span> <span class='ocrx_word' id='word_1_1276' title='bbox 1621 2197 1704 2213; x_wconf 82' lang='lat' dir='ltr'>vacare</span> <span class='ocrx_word' id='word_1_1277' title='bbox 1721 2190 1765 2213; x_wconf 89' lang='lat' dir='ltr'>sibi</span> <span class='ocrx_word' id='word_1_1278' title='bbox 1781 2191 1821 2213; x_wconf 92' lang='lat' dir='ltr'>soli</span> <span class='ocrx_word' id='word_1_1279' title='bbox 1833 2194 1856 2212; x_wconf 86' lang='lat' dir='ltr'>et</span> 
     </span>
     <span class='ocr_line' id='line_1_195' title="bbox 1289 2230 1854 2258; baseline -0.002 -5"><span class='ocrx_word' id='word_1_1280' title='bbox 1289 2232 1336 2253; x_wconf 90' lang='lat' dir='ltr'>Deo</span> <span class='ocrx_word' id='word_1_1281' title='bbox 1350 2231 1394 2253; x_wconf 72' lang='lat'>‘287</span> <span class='ocrx_word' id='word_1_1282' title='bbox 1412 2237 1423 2252; x_wconf 91' lang='lat' dir='ltr'>a</span> <span class='ocrx_word' id='word_1_1283' title='bbox 1443 2242 1471 2246; x_wconf 90' lang='lat'><em>—</em></span> <span class='ocrx_word' id='word_1_1284' title='bbox 1490 2231 1555 2253; x_wconf 87' lang='lat' dir='ltr'>Tune</span> <span class='ocrx_word' id='word_1_1285' title='bbox 1571 2230 1701 2258; x_wconf 80' lang='lat' dir='ltr'>experietur</span> <span class='ocrx_word' id='word_1_1286' title='bbox 1717 2230 1854 2252; x_wconf 78' lang='lat' dir='ltr'>ineffabilem</span> 
     </span>
     <span class='ocr_line' id='line_1_196' title="bbox 1290 2269 1856 2297; baseline -0.002 -5"><span class='ocrx_word' id='word_1_1287' title='bbox 1290 2270 1434 2292; x_wconf 80' lang='lat' dir='ltr'>dulcedinem</span> <span class='ocrx_word' id='word_1_1288' title='bbox 1453 2269 1506 2292; x_wconf 81' lang='lat' dir='ltr'>ibid.</span> <span class='ocrx_word' id='word_1_1289' title='bbox 1532 2282 1562 2285; x_wconf 97' lang='lat'><strong>—</strong></span> <span class='ocrx_word' id='word_1_1290' title='bbox 1587 2269 1615 2291; x_wconf 90' lang='lat' dir='ltr'>ad</span> <span class='ocrx_word' id='word_1_1291' title='bbox 1642 2270 1730 2291; x_wconf 82' lang='lat' dir='ltr'>caelum</span> <span class='ocrx_word' id='word_1_1292' title='bbox 1755 2269 1856 2297; x_wconf 85' lang='lat' dir='ltr'>suspirat</span> 
     </span>
     <span class='ocr_line' id='line_1_197' title="bbox 1290 2309 1597 2331; baseline -0.003 0"><span class='ocrx_word' id='word_1_1293' title='bbox 1290 2310 1390 2331; x_wconf 89' lang='lat' dir='ltr'>clamore</span> <span class='ocrx_word' id='word_1_1294' title='bbox 1407 2309 1504 2331; x_wconf 84' lang='lat' dir='ltr'>triformi</span> <span class='ocrx_word' id='word_1_1295' title='bbox 1522 2309 1566 2330; x_wconf 81' lang='grc'>214</span> <span class='ocrx_word' id='word_1_1296' title='bbox 1585 2315 1597 2330; x_wconf 88' lang='grc'>3</span> 
     </span>
    </p>

    <p class='ocr_par' dir='ltr' id='par_1_32' title="bbox 1290 2347 1855 2566">
     <span class='ocr_line' id='line_1_198' title="bbox 1338 2347 1854 2370; baseline -0.002 0"><span class='ocrx_word' id='word_1_1297' title='bbox 1338 2360 1367 2363; x_wconf 83' lang='grc'>-</span> <span class='ocrx_word' id='word_1_1298' title='bbox 1381 2348 1434 2370; x_wconf 83' lang='lat' dir='ltr'>Eius</span> <span class='ocrx_word' id='word_1_1299' title='bbox 1452 2347 1517 2370; x_wconf 85' lang='lat' dir='ltr'>cibus</span> <span class='ocrx_word' id='word_1_1300' title='bbox 1535 2351 1569 2369; x_wconf 90' lang='lat' dir='ltr'>est</span> <span class='ocrx_word' id='word_1_1301' title='bbox 1585 2347 1711 2369; x_wconf 90' lang='lat' dir='ltr'>intellectus</span> <span class='ocrx_word' id='word_1_1302' title='bbox 1729 2348 1773 2370; x_wconf 70' lang='lat'>695</span> <span class='ocrx_word' id='word_1_1303' title='bbox 1791 2347 1806 2369; x_wconf 83' lang='grc'>1)</span> <span class='ocrx_word' id='word_1_1304' title='bbox 1824 2359 1854 2363; x_wconf 92' lang='lat'>—-</span> 
     </span>
     <span class='ocr_line' id='line_1_199' title="bbox 1290 2386 1855 2414; baseline -0.002 -5"><span class='ocrx_word' id='word_1_1305' title='bbox 1290 2387 1343 2409; x_wconf 87' lang='lat' dir='ltr'>Eius</span> <span class='ocrx_word' id='word_1_1306' title='bbox 1361 2390 1428 2414; x_wconf 90' lang='lat' dir='ltr'>potus</span> <span class='ocrx_word' id='word_1_1307' title='bbox 1444 2391 1478 2409; x_wconf 89' lang='lat' dir='ltr'>est</span> <span class='ocrx_word' id='word_1_1308' title='bbox 1494 2387 1597 2409; x_wconf 88' lang='lat' dir='ltr'>suavitas</span> <span class='ocrx_word' id='word_1_1309' title='bbox 1614 2389 1724 2414; x_wconf 87' lang='lat' dir='ltr'>concepta</span> <span class='ocrx_word' id='word_1_1310' title='bbox 1742 2393 1769 2408; x_wconf 78' lang='lat' dir='ltr'>ex</span> <span class='ocrx_word' id='word_1_1311' title='bbox 1786 2386 1855 2408; x_wconf 89' lang='lat' dir='ltr'>devo-</span> 
     </span>
     <span class='ocr_line' id='line_1_200' title="bbox 1291 2425 1855 2454; baseline -0.002 -6"><span class='ocrx_word' id='word_1_1312' title='bbox 1291 2427 1351 2448; x_wconf 89' lang='lat' dir='ltr'>tione</span> <span class='ocrx_word' id='word_1_1313' title='bbox 1363 2425 1415 2448; x_wconf 80' lang='lat' dir='ltr'>ibid.</span> <span class='ocrx_word' id='word_1_1314' title='bbox 1430 2439 1457 2441; x_wconf 97' lang='lat'><strong>—</strong></span> <span class='ocrx_word' id='word_1_1315' title='bbox 1473 2428 1551 2448; x_wconf 84' lang='lat' dir='ltr'>sancta</span> <span class='ocrx_word' id='word_1_1316' title='bbox 1564 2426 1688 2454; x_wconf 83' lang='lat' dir='ltr'>purissimo</span> <span class='ocrx_word' id='word_1_1317' title='bbox 1700 2431 1772 2453; x_wconf 83' lang='lat' dir='ltr'>grano</span> <span class='ocrx_word' id='word_1_1318' title='bbox 1785 2425 1855 2447; x_wconf 87' lang='lat' dir='ltr'>vesci-</span> 
     </span>
     <span class='ocr_line' id='line_1_201' title="bbox 1291 2464 1854 2487; baseline -0.002 0"><span class='ocrx_word' id='word_1_1319' title='bbox 1291 2469 1327 2487; x_wconf 93' lang='lat' dir='ltr'>tur</span> <span class='ocrx_word' id='word_1_1320' title='bbox 1350 2465 1394 2487; x_wconf 81' lang='grc'>570</span> <span class='ocrx_word' id='word_1_1321' title='bbox 1417 2464 1431 2487; x_wconf 88' lang='lat' dir='ltr'>b</span> <span class='ocrx_word' id='word_1_1322' title='bbox 1454 2478 1484 2480; x_wconf 97' lang='lat'><strong>—</strong></span> <span class='ocrx_word' id='word_1_1323' title='bbox 1506 2465 1631 2487; x_wconf 86' lang='lat' dir='ltr'>delectatur</span> <span class='ocrx_word' id='word_1_1324' title='bbox 1654 2465 1675 2486; x_wconf 92' lang='lat' dir='ltr'>in</span> <span class='ocrx_word' id='word_1_1325' title='bbox 1699 2464 1771 2486; x_wconf 88' lang='lat' dir='ltr'>verbo</span> <span class='ocrx_word' id='word_1_1326' title='bbox 1794 2464 1854 2486; x_wconf 90' lang='lat' dir='ltr'>vitae</span> 
     </span>
     <span class='ocr_line' id='line_1_202' title="bbox 1291 2504 1854 2532; baseline -0.002 -6"><span class='ocrx_word' id='word_1_1327' title='bbox 1291 2505 1335 2527; x_wconf 90' lang='grc'>210</span> <span class='ocrx_word' id='word_1_1328' title='bbox 1348 2511 1360 2526; x_wconf 92' lang='grc'>3</span> <span class='ocrx_word' id='word_1_1329' title='bbox 1372 2518 1403 2520; x_wconf 87' lang='grc'>-</span> <span class='ocrx_word' id='word_1_1330' title='bbox 1420 2505 1519 2527; x_wconf 89' lang='lat' dir='ltr'>nutritur</span> <span class='ocrx_word' id='word_1_1331' title='bbox 1536 2510 1596 2532; x_wconf 88' lang='lat' dir='ltr'>pane</span> <span class='ocrx_word' id='word_1_1332' title='bbox 1613 2504 1673 2526; x_wconf 86' lang='lat' dir='ltr'>vitae</span> <span class='ocrx_word' id='word_1_1333' title='bbox 1690 2506 1712 2526; x_wconf 85' lang='lat' dir='ltr'>et</span> <span class='ocrx_word' id='word_1_1334' title='bbox 1729 2504 1854 2526; x_wconf 87' lang='lat' dir='ltr'>intellectus</span> 
     </span>
     <span class='ocr_line' id='line_1_203' title="bbox 1291 2543 1367 2566; baseline -0.013 0"><span class='ocrx_word' id='word_1_1335' title='bbox 1291 2544 1334 2566; x_wconf 88' lang='grc'>400</span> <span class='ocrx_word' id='word_1_1336' title='bbox 1353 2543 1367 2565; x_wconf 82' lang='lat' dir='ltr'>h</span> 
     </span>
    </p>

    <p class='ocr_par' dir='ltr' id='par_1_33' title="bbox 1289 2582 1855 2963">
     <span class='ocr_line' id='line_1_204' title="bbox 1336 2582 1854 2609; baseline -0.002 -5"><span class='ocrx_word' id='word_1_1337' title='bbox 1336 2595 1367 2599; x_wconf 92' lang='lat'>—-</span> <span class='ocrx_word' id='word_1_1338' title='bbox 1384 2583 1504 2605; x_wconf 86' lang='lat' dir='ltr'>ducendae</span> <span class='ocrx_word' id='word_1_1339' title='bbox 1522 2586 1575 2604; x_wconf 90' lang='lat' dir='ltr'>sunt</span> <span class='ocrx_word' id='word_1_1340' title='bbox 1592 2582 1614 2604; x_wconf 88' lang='lat' dir='ltr'>in</span> <span class='ocrx_word' id='word_1_1341' title='bbox 1632 2583 1701 2604; x_wconf 88' lang='lat' dir='ltr'>altum</span> <span class='ocrx_word' id='word_1_1342' title='bbox 1722 2582 1854 2609; x_wconf 86' lang='lat' dir='ltr'>maiestatis,</span> 
     </span>
     <span class='ocr_line' id='line_1_205' title="bbox 1289 2620 1853 2649; baseline -0.002 -5"><span class='ocrx_word' id='word_1_1343' title='bbox 1289 2622 1409 2649; x_wconf 84' lang='lat' dir='ltr'>claritatis,</span> <span class='ocrx_word' id='word_1_1344' title='bbox 1426 2622 1558 2648; x_wconf 84' lang='lat' dir='ltr'>suavitatis,</span> <span class='ocrx_word' id='word_1_1345' title='bbox 1576 2621 1715 2644; x_wconf 85' lang='lat' dir='ltr'>aeternitatis</span> <span class='ocrx_word' id='word_1_1346' title='bbox 1735 2621 1780 2643; x_wconf 77' lang='lat'>375</span> <span class='ocrx_word' id='word_1_1347' title='bbox 1798 2627 1819 2649; x_wconf 90' lang='lat' dir='ltr'>a,</span> <span class='ocrx_word' id='word_1_1348' title='bbox 1838 2620 1853 2643; x_wconf 84' lang='lat' dir='ltr'>b</span> 
     </span>
     <span class='ocr_line' id='line_1_206' title="bbox 1290 2660 1854 2683; baseline -0.002 0"><span class='ocrx_word' id='word_1_1349' title='bbox 1290 2674 1319 2677; x_wconf 97' lang='lat'><strong>—</strong></span> <span class='ocrx_word' id='word_1_1350' title='bbox 1338 2660 1406 2683; x_wconf 88' lang='lat' dir='ltr'>debet</span> <span class='ocrx_word' id='word_1_1351' title='bbox 1423 2667 1514 2683; x_wconf 85' lang='lat' dir='ltr'>sursum</span> <span class='ocrx_word' id='word_1_1352' title='bbox 1534 2661 1585 2682; x_wconf 86' lang='lat' dir='ltr'>ferri</span> <span class='ocrx_word' id='word_1_1353' title='bbox 1603 2661 1625 2682; x_wconf 89' lang='lat' dir='ltr'>in</span> <span class='ocrx_word' id='word_1_1354' title='bbox 1639 2661 1712 2682; x_wconf 87' lang='lat' dir='ltr'>Deum</span> <span class='ocrx_word' id='word_1_1355' title='bbox 1724 2660 1854 2683; x_wconf 83' lang='lat' dir='ltr'>secundum</span> 
     </span>
     <span class='ocr_line' id='line_1_207' title="bbox 1291 2699 1854 2723; baseline -0.002 -1"><span class='ocrx_word' id='word_1_1356' title='bbox 1291 2701 1415 2723; x_wconf 88' lang='lat' dir='ltr'>motionem</span> <span class='ocrx_word' id='word_1_1357' title='bbox 1437 2700 1540 2722; x_wconf 87' lang='lat' dir='ltr'>omnium</span> <span class='ocrx_word' id='word_1_1358' title='bbox 1559 2700 1643 2722; x_wconf 78' lang='lat' dir='ltr'>virium</span> <span class='ocrx_word' id='word_1_1359' title='bbox 1662 2700 1690 2721; x_wconf 90' lang='grc'>40</span> <span class='ocrx_word' id='word_1_1360' title='bbox 1708 2705 1720 2721; x_wconf 87' lang='grc'>3</span> <span class='ocrx_word' id='word_1_1361' title='bbox 1738 2712 1768 2715; x_wconf 87' lang='lat'>—</span> <span class='ocrx_word' id='word_1_1362' title='bbox 1786 2699 1854 2721; x_wconf 87' lang='lat' dir='ltr'>debet</span> 
     </span>
     <span class='ocr_line' id='line_1_208' title="bbox 1290 2739 1855 2767; baseline -0.004 -5"><span class='ocrx_word' id='word_1_1363' title='bbox 1290 2740 1384 2762; x_wconf 88' lang='lat' dir='ltr'>tendere</span> <span class='ocrx_word' id='word_1_1364' title='bbox 1400 2739 1423 2761; x_wconf 91' lang='lat' dir='ltr'>in</span> <span class='ocrx_word' id='word_1_1365' title='bbox 1446 2745 1471 2761; x_wconf 85' lang='lat' dir='ltr'>se</span> <span class='ocrx_word' id='word_1_1366' title='bbox 1488 2739 1561 2767; x_wconf 86' lang='lat' dir='ltr'>ipsam</span> <span class='ocrx_word' id='word_1_1367' title='bbox 1580 2745 1620 2767; x_wconf 87' lang='lat' dir='ltr'>per</span> <span class='ocrx_word' id='word_1_1368' title='bbox 1638 2739 1801 2765; x_wconf 81' lang='lat' dir='ltr'>humilitatem,</span> <span class='ocrx_word' id='word_1_1369' title='bbox 1823 2739 1855 2760; x_wconf 91' lang='lat' dir='ltr'>vi-</span> 
     </span>
     <span class='ocr_line' id='line_1_209' title="bbox 1290 2777 1855 2807; baseline -0.002 -6"><span class='ocrx_word' id='word_1_1370' title='bbox 1290 2779 1402 2807; x_wconf 81' lang='lat' dir='ltr'>rilitatem,</span> <span class='ocrx_word' id='word_1_1371' title='bbox 1419 2779 1616 2806; x_wconf 78' lang='lat' dir='ltr'>longanimitatem</span> <span class='ocrx_word' id='word_1_1372' title='bbox 1640 2778 1683 2800; x_wconf 85' lang='lat'>407</span> <span class='ocrx_word' id='word_1_1373' title='bbox 1701 2777 1715 2800; x_wconf 84' lang='lat' dir='ltr'>b</span> <span class='ocrx_word' id='word_1_1374' title='bbox 1732 2790 1763 2794; x_wconf 97' lang='lat'><strong>—</strong></span> <span class='ocrx_word' id='word_1_1375' title='bbox 1785 2777 1855 2800; x_wconf 80' lang='lat' dir='ltr'>debet</span> 
     </span>
     <span class='ocr_line' id='line_1_210' title="bbox 1291 2817 1852 2846; baseline -0.002 -6"><span class='ocrx_word' id='word_1_1376' title='bbox 1291 2819 1387 2846; x_wconf 81' lang='lat' dir='ltr'>gloriam</span> <span class='ocrx_word' id='word_1_1377' title='bbox 1405 2824 1471 2840; x_wconf 80' lang='lat' dir='ltr'>suam</span> <span class='ocrx_word' id='word_1_1378' title='bbox 1489 2824 1601 2846; x_wconf 81' lang='lat' dir='ltr'>quaerere</span> <span class='ocrx_word' id='word_1_1379' title='bbox 1618 2824 1663 2840; x_wconf 93' lang='lat' dir='ltr'>non</span> <span class='ocrx_word' id='word_1_1380' title='bbox 1682 2817 1712 2840; x_wconf 92' lang='lat' dir='ltr'>de</span> <span class='ocrx_word' id='word_1_1381' title='bbox 1730 2817 1796 2844; x_wconf 87' lang='lat' dir='ltr'>soris,</span> <span class='ocrx_word' id='word_1_1382' title='bbox 1813 2818 1852 2839; x_wconf 89' lang='lat' dir='ltr'>sed</span> 
     </span>
     <span class='ocr_line' id='line_1_211' title="bbox 1289 2856 1855 2885; baseline -0.002 -6"><span class='ocrx_word' id='word_1_1383' title='bbox 1289 2857 1319 2879; x_wconf 87' lang='lat' dir='ltr'>ab</span> <span class='ocrx_word' id='word_1_1384' title='bbox 1337 2857 1410 2885; x_wconf 80' lang='lat' dir='ltr'>intus⁷</span> <span class='ocrx_word' id='word_1_1385' title='bbox 1428 2857 1449 2879; x_wconf 92' lang='lat' dir='ltr'>in</span> <span class='ocrx_word' id='word_1_1386' title='bbox 1468 2856 1564 2879; x_wconf 77' lang='lat' dir='ltr'>fimbriis</span> <span class='ocrx_word' id='word_1_1387' title='bbox 1581 2857 1664 2883; x_wconf 85' lang='lat' dir='ltr'>aureis,</span> <span class='ocrx_word' id='word_1_1388' title='bbox 1676 2859 1698 2878; x_wconf 91' lang='lat' dir='ltr'>et</span> <span class='ocrx_word' id='word_1_1389' title='bbox 1714 2857 1742 2879; x_wconf 86' lang='lat' dir='ltr'>sit</span> <span class='ocrx_word' id='word_1_1390' title='bbox 1759 2857 1855 2879; x_wconf 88' lang='lat' dir='ltr'>circum-</span> 
     </span>
     <span class='ocr_line' id='line_1_212' title="bbox 1290 2895 1855 2918; baseline -0.002 0"><span class='ocrx_word' id='word_1_1391' title='bbox 1290 2896 1371 2918; x_wconf 86' lang='lat' dir='ltr'>amicta</span> <span class='ocrx_word' id='word_1_1392' title='bbox 1395 2895 1543 2918; x_wconf 83' lang='lat' dir='ltr'>varietatibus</span> <span class='ocrx_word' id='word_1_1393' title='bbox 1566 2895 1610 2918; x_wconf 70' lang='lat'>450</span> <span class='ocrx_word' id='word_1_1394' title='bbox 1637 2896 1659 2918; x_wconf 87' lang='lat' dir='ltr'>b.</span> <span class='ocrx_word' id='word_1_1395' title='bbox 1677 2896 1716 2918; x_wconf 84' lang='grc'>451</span> <span class='ocrx_word' id='word_1_1396' title='bbox 1738 2902 1750 2917; x_wconf 86' lang='grc'>3</span> <span class='ocrx_word' id='word_1_1397' title='bbox 1768 2909 1798 2912; x_wconf 82' lang='grc'>-</span> <span class='ocrx_word' id='word_1_1398' title='bbox 1817 2897 1855 2918; x_wconf 77' lang='lat' dir='ltr'>Ex-</span> 
     </span>
     <span class='ocr_line' id='line_1_213' title="bbox 1290 2934 1453 2963; baseline 0 -6"><span class='ocrx_word' id='word_1_1399' title='bbox 1290 2935 1382 2963; x_wconf 87' lang='lat' dir='ltr'>plicatio</span> <span class='ocrx_word' id='word_1_1400' title='bbox 1399 2934 1453 2957; x_wconf 77' lang='lat' dir='ltr'>ibid.</span> 
     </span>
    </p>

    <p class='ocr_par' dir='ltr' id='par_1_34' title="bbox 1290 2974 1854 3042">
     <span class='ocr_line' id='line_1_214' title="bbox 1337 2974 1854 3002; baseline -0.002 -5"><span class='ocrx_word' id='word_1_1401' title='bbox 1337 2987 1368 2990; x_wconf 91' lang='lat'>—</span> <span class='ocrx_word' id='word_1_1402' title='bbox 1385 2975 1453 2997; x_wconf 82' lang='lat' dir='ltr'>Multa</span> <span class='ocrx_word' id='word_1_1403' title='bbox 1465 2974 1578 2997; x_wconf 82' lang='lat' dir='ltr'>debemus</span> <span class='ocrx_word' id='word_1_1404' title='bbox 1595 2974 1642 3002; x_wconf 86' lang='lat' dir='ltr'>pati</span> <span class='ocrx_word' id='word_1_1405' title='bbox 1655 2981 1697 3002; x_wconf 89' lang='lat' dir='ltr'>pro</span> <span class='ocrx_word' id='word_1_1406' title='bbox 1709 2974 1785 2996; x_wconf 87' lang='lat' dir='ltr'>anima</span> <span class='ocrx_word' id='word_1_1407' title='bbox 1798 2980 1854 2996; x_wconf 91' lang='lat' dir='ltr'>nun-</span> 
     </span>
     <span class='ocr_line' id='line_1_215' title="bbox 1290 3013 1854 3042; baseline 0 -7"><span class='ocrx_word' id='word_1_1408' title='bbox 1290 3020 1360 3042; x_wconf 88' lang='lat' dir='ltr'>qnam</span> <span class='ocrx_word' id='word_1_1409' title='bbox 1379 3014 1489 3035; x_wconf 89' lang='lat' dir='ltr'>moritura</span> <span class='ocrx_word' id='word_1_1410' title='bbox 1507 3014 1551 3035; x_wconf 75' lang='lat'>513</span> <span class='ocrx_word' id='word_1_1411' title='bbox 1570 3013 1584 3035; x_wconf 88' lang='lat' dir='ltr'>b</span> <span class='ocrx_word' id='word_1_1412' title='bbox 1596 3026 1627 3029; x_wconf 85' lang='lat'><em>—</em></span> <span class='ocrx_word' id='word_1_1413' title='bbox 1640 3014 1691 3036; x_wconf 77' lang='lat' dir='ltr'>Plus</span> <span class='ocrx_word' id='word_1_1414' title='bbox 1704 3020 1812 3036; x_wconf 86' lang='lat' dir='ltr'>curamus</span> <span class='ocrx_word' id='word_1_1415' title='bbox 1824 3014 1854 3036; x_wconf 89' lang='lat' dir='ltr'>de</span> 
     </span>
    </p>
   </div>
  </div>
 </body>
</html>
