2269 3448
406 195 461 223 174

655 233 702 255 'rai

404 272 528 295 duodecim
546 272 691 300 acceptiones
703 272 759 294 caeli
777 272 862 295 scilicet
876 272 934 295 sicut
946 272 967 294 in

403 312 509 340 vestigio⁷
528 311 635 339 imagine,
647 311 767 339 signaculo
779 314 801 334 et
812 312 871 334 sicut
884 312 904 333 in
918 318 968 339 pro-

403 352 453 379 pria
475 351 551 379 specie
574 350 693 373 ibid-354
711 357 722 372 a
743 362 773 367 —
792 357 817 373 se
839 351 969 373 manifestat

404 390 558 418 multipliciter
574 390 596 412 in
614 393 672 412 terra
691 396 732 417 per
749 390 904 412 testimonium
926 390 967 412 ssu-

403 430 484 456 minis,
501 429 614 456 flaminis,
631 429 750 457 sauguinis
767 429 812 451 355
827 428 849 451 h.
863 429 906 451 356
919 434 940 457 a,
952 428 967 450 b

402 481 433 485 —
450 468 536 491 Omnes
550 469 585 491 isti
598 468 661 491 modi
678 468 858 496 appropriantur
871 467 968 495 singulis

403 508 509 536 personis
527 507 571 530 352
589 507 669 530 11-356
688 507 703 529 b

451 560 479 563 -
498 548 558 569 Deus
578 547 724 574 intelligendo
749 552 774 568 se
791 549 921 574 praesentat
943 552 967 568 se

403 586 446 609 sibi
470 589 492 608 et
522 593 546 608 se
571 586 767 614 repraesentando
792 584 847 612 sihi,
874 590 967 607 necesse

403 628 450 652 est,
467 625 531 654 quod
548 632 572 647 se
589 625 699 653 intelligat
723 627 746 646 et
769 630 794 646 se
819 624 966 651 intelligendo

403 670 428 687 se
445 665 557 692 exprimat
582 667 604 686 et
628 664 689 686 dicat
706 667 728 685 et
746 663 844 685 (licendo
862 662 965 684 Verbum

403 704 483 731 gignat
499 703 544 726 315
562 702 577 725 b
589 715 619 719 —
632 703 689 731 Quia
708 703 768 724 Deus
786 708 904 730 nunquam
920 701 966 729 tuit,

403 743 459 771 quin
476 748 501 765 se
525 742 671 769 intelligeret,
697 747 817 770 nunquam
841 741 892 768 suit,
910 740 966 769 quin

404 781 507 804 Verbum
532 782 618 807 diceret
644 781 685 803 106
711 780 726 802 b
749 793 778 796 —
800 780 848 802 Filii
870 780 936 807 origo
954 786 964 801 a

403 821 468 843 Patre
486 823 565 843 natura
583 820 646 848 prior
663 823 697 842 cst
713 826 784 848 quam
802 819 966 847 productiones

402 860 459 882 aliae
476 860 521 882 352
539 866 551 882 3
574 872 604 876 -
627 859 744 887 Oportuit,
762 859 826 887 quod
851 859 914 880 Pater
932 864 966 880 ae-

402 899 494 927 qualem
518 898 562 921 sibi
585 899 691 926 gigneret
716 898 796 920 Filium
814 897 868 920 ibid.
888 910 918 913 —
935 897 966 919 Fi-

401 938 445 960 lius
462 937 589 965 originatur
606 944 618 959 a
637 938 701 959 Patre
713 937 772 960 sicut
788 943 800 959 a
818 937 932 965 principio
944 939 967 958 et

402 980 436 1000 est
453 977 514 999 Deus
532 977 576 999 316
595 976 609 999 b
626 989 657 993 —
674 976 742 999 Filius
759 979 794 999 est
806 982 883 998 sermo
896 975 966 998 rau-is

402 1017 442 1038 671
464 1023 477 1038 3
494 1028 525 1032 ——
542 1016 596 1038 Filio
615 1022 659 1038 0011
672 1019 706 1038 est
717 1015 814 1043 genitrix
827 1015 966 1044 requirenda

404 1056 447 1078 ι107
465 1062 476 1078 3
494 1068 525 1072 ——
543 1056 604 1078 Deus
629 1055 658 1077 ad
684 1055 765 1077 Filium
790 1056 888 1077 retertur
910 1060 965 1076 vera

403 1095 513 1117 relatione
531 1095 575 1116 618
594 1094 609 1116 b

450 1147 479 1149 —
496 1134 564 1156 Filius
581 1137 615 1156 est
631 1140 643 1156 a
662 1134 727 1156 l‘atre
738 1134 807 1162 eique
818 1132 966 1156 consubstan-

402 1172 472 1200 tialis,
484 1176 506 1195 et
518 1173 579 1195 idem
598 1173 674 1201 ipsum
692 1176 726 1195 351
743 1179 810 1201 unus,
827 1173 890 1201 quod
907 1173 966 1194 31105

402 1212 447 1234 100
464 1218 476 1234 3
494 1224 525 1227 -
542 1213 606 1234 Pater
624 1212 663 1234 dat
679 1212 733 1234 Filio
755 1214 824 1234 totam
842 1211 964 1234 essentiam

402 1251 447 1273 316
465 1250 480 1272 b
496 1264 527 1266 —
545 1251 608 1273 Sicut
626 1251 690 1273 Pater
712 1251 783 1273 vitam
802 1251 871 1273 1131131
894 1251 915 1272 10
933 1257 964 1273 se·

401 1290 513 1318 metipso,
530 1290 559 1312 ita
578 1290 648 1312 vitam
666 1290 735 1312 habet
753 1290 773 1312 in
790 1290 846 1312 Filio
864 1289 918 1313 ibid.
934 1302 965 1306 —

401 1329 462 1351 Deus
480 1330 544 1351 Pater
561 1335 631 1352 omne
648 1329 712 1351 dedit
728 1329 782 1351 Filio
801 1329 846 1351 697
864 1328 879 1351 b

446 1380 477 1384 —
495 1368 590 1391 Divinae
609 1369 731 1391 voluntatis
747 1369 842 1391 affectus
855 1368 964 1396 propriis-

400 1407 458 1429 sime
475 1408 603 1435 complacet
619 1407 663 1430 sibi
680 1408 702 1430 in
721 1408 776 1430 Filio
794 1408 839 1430 580
858 1407 872 1430 b
884 1420 914 1424 --
927 1408 964 1429 Pa-

399 1451 433 1468 ter
450 1447 566 1469 constitnit
584 1446 650 1469 nobis
666 1447 747 1469 Filium
765 1447 895 1469 adiutorem
918 1447 964 1469 via-

399 1488 475 1507 torum
493 1488 515 1507 et
536 1485 716 1508 beatificatorem
742 1487 963 1514 comprehensorum

399 1524 445 1546 234
462 1531 474 1546 3
492 1537 523 1541 -
540 1525 605 1547 Pater
630 1525 711 1547 Filium
737 1525 767 1547 ad
785 1528 883 1547 mortem
910 1525 964 1547 duci

399 1564 503 1591 permisit
520 1567 542 1586 et
558 1567 638 1592 postea
655 1571 709 1587 eum
727 1564 872 1587 resuscitavit
888 1563 942 1587 ibid.

447 1615 476 1618 ά
494 1603 592 1631 Spiritus
610 1604 632 1626 S.
658 1604 763 1631 procedit
779 1610 792 1626 a
815 1604 881 1626 Patre
898 1604 964 1626 Filio-

398 1648 445 1670 que
462 1644 570 1670 tanquam
588 1648 601 1664 3
618 1643 732 1671 principio
745 1643 838 1665 vivifico
851 1643 895 1665 340
908 1649 920 1665 3
933 1656 962 1658 —

399 1681 498 1709 Spiritus
516 1682 537 1703 S.
556 1684 589 1704 est
606 1688 672 1704 amor
695 1682 765 1704 Patris
782 1685 804 1704 et
820 1682 870 1705 Filii
887 1682 932 1704 352
950 1689 962 1704 3

398 1732 429 1737 —·
446 1721 546 1749 Spiritus
563 1722 584 1743 S.
604 1721 709 1749 procedit
733 1728 745 1743 3
771 1722 840 1748 Filio,
858 1722 898 1745 sed
916 1728 963 1744 000

397 1760 467 1782 Filius
485 1766 497 1782 3
523 1760 608 1788 Spiritu
634 1762 657 1783 S.
679 1761 725 1783 703
743 1760 758 1783 h
775 1773 806 1777 —
824 1761 922 1788 Spiritus
940 1762 963 1783 S.

398 1799 464 1827 origo
482 1805 528 1821 non
546 1802 580 1822 est
597 1800 687 1822 curiose
703 1800 827 1822 scrutanda
846 1800 889 1822 413
908 1806 919 1822 3

446 1850 477 1854 -
494 1839 559 1860 Pater
577 1841 611 1861 est
628 1845 754 1866 generans,
771 1839 840 1861 Filius
858 1839 962 1867 genitus,

399 1877 497 1905 Spiritus
509 1878 531 1899 S.
543 1877 573 1899 ab
591 1880 689 1906 utroque
706 1878 835 1906 procedens
851 1878 895 1900 447
908 1885 919 1900 3
932 1890 963 1895 -

398 1916 464 1938 Pater
482 1919 541 1939 tenet
557 1917 669 1939 rationem
688 1917 807 1945 principii,
824 1917 922 1945 Spiritus
940 1918 963 1939 S.

398 1955 510 1978 rationem
525 1956 595 1978 ultimi
608 1958 629 1978 et
641 1956 781 1984 completivi,
794 1956 860 1978 Filius
872 1959 906 1978 est
918 1962 963 1978 me-

398 1994 436 2016 dia
448 2000 547 2022 persona
565 1996 593 2017 60
608 2001 620 2017 3
637 2007 668 2011 -
686 1995 746 2017 Deus
764 1996 829 2017 Pater
846 1998 879 2017 est
896 1995 963 2023 origi-

398 2034 447 2056 nale
462 2034 600 2062 principium
620 2034 697 2062 Verbi,
715 2035 779 2056 Pater
791 2038 813 2056 31
824 2034 892 2056 Filius
904 2035 963 2062 prin-

397 2073 483 2100 cipium
501 2073 599 2101 Spiritus
617 2074 647 2100 S.,
664 2074 730 2096 Pater
747 2076 769 2096 et
786 2074 854 2096 Filius
875 2077 897 2096 et
914 2073 962 2101 Spi-

398 2112 455 2134 ritus
472 2113 493 2134 S.
512 2112 651 2140 principium
674 2113 778 2135 omnium
804 2115 962 2135 creaturarum

444 2386 519 2408 Unam
537 2398 567 2403 —-
580 2386 703 2413 designant
715 2386 787 2409 verba
801 2387 899 2409 carnalis
910 2392 961 2409 con-

396 2425 515 2447 solationis
532 2425 577 2447 506
596 2424 610 2447 b

444 2464 521 2486 Uitam
537 2477 563 2480 —
577 2464 669 2487 videtur
681 2465 767 2493 aliquid
780 2471 838 2491 esse,
850 2465 890 2487 sed
903 2465 960 2487 dum

395 2503 590 2531 apprehenditur,
607 2510 652 2526 non
670 2504 766 2526 sentitur
782 2504 827 2526 553
845 2510 857 2526 3
874 2516 906 2520 -
917 2504 961 2532 Qui

397 2542 454 2569 sugit
471 2548 515 2564 non
534 2543 652 2570 praecedit
670 2542 779 2565 umbram
797 2543 842 2565 639
859 2549 872 2565 3
889 2555 919 2559 -
931 2543 961 2565 51-

397 2581 491 2609 gnificat
509 2582 605 2608 gratiam
623 2582 798 2609 refrigerantem
817 2582 846 2604 29
864 2588 876 2604 3

444 2620 530 2642 Uncrus
546 2632 577 2637 —-
602 2620 706 2643 Christus
723 2621 807 2643 dicitur
825 2623 922 2648 unctus,
939 2623 960 2642 et

396 2658 426 2680 ab
441 2659 491 2686 ipso
509 2659 608 2681 dicimur
626 2659 687 2681 uncti
705 2660 750 2682 265
768 2659 783 2681 b

444 2698 579 2720 Unoufin‘run
597 2710 627 2714 —
645 2699 669 2720 01
685 2705 711 2721 ex
730 2698 799 2720 variis
817 2698 887 2720 rebus
904 2699 960 2721 odo-

396 2736 471 2758 riferis
488 2737 528 2758 561
546 2743 557 2758 a
575 2749 606 2753 —
623 2743 670 2766 quo
688 2740 782 2759 unctum
800 2737 841 2759 suit
858 2737 960 2759 taberna-

1001 273 1046 294 6l6
1065 272 1124 294 131—
1144 273 1208 295 Pater
1225 275 1259 295 ost
1275 275 1361 295 tantum
1380 273 1450 300 dans,
1468 273 1565 301 Spiritus

1001 312 1024 334 S.
1042 314 1129 334 tantum
1147 312 1274 340 accipiens,
1291 312 1359 334 Filius
1371 315 1405 334 est
1421 313 1480 335 dans
1496 315 1518 334 et
1530 318 1565 334 33-

1001 351 1089 379 cipiens
1106 352 1149 373 356
1168 357 1179 373 a
1194 364 1221 367 —-
1236 352 1300 374 Pater
1318 354 1352 374 est
1363 352 1504 379 significans,
1517 351 1565 379 Spi-

1001 390 1058 412 ritus
1083 391 1105 412 S.
1130 390 1285 418 significatus,
1304 391 1372 413 Filius
1394 391 1526 418 significans
1543 392 1565 412 et

1001 429 1143 458 significatus
1169 429 1213 451 355
1236 429 1259 452 b.
1286 430 1330 452 356
1355 436 1368 451 3
1393 442 1423 446 -
1441 430 1506 451 Ρ3131·
1531 432 1565 451 est

1001 472 1101 497 creator,
1118 469 1188 491 Filius
1204 471 1334 497 reparator,
1353 468 1450 496 Spiritus
1473 469 1494 490 S.
1513 474 1564 490 con-

1000 510 1128 530 summator
1147 508 1191 530 354
1209 514 1220 529 a
1239 520 1269 524 —
1296 507 1399 529 Verbum
1425 507 1502 529 laudat
1527 507 1565 529 Pa-

1001 550 1072 574 trem,
1085 547 1183 574 Spiritus
1203 548 1226 569 S.
1243 547 1320 569 laudat
1339 547 1427 569 Patrem
1445 550 1467 568 31
1484 546 1563 568 Filium

1000 587 1023 607 31
1045 588 1089 608 1013
1112 586 1211 608 Trinitas
1227 586 1305 608 laudat
1321 592 1346 607 se
1363 586 1437 613 ipsam
1456 586 1500 607 616
1518 585 1533 607 b

1047 636 1077 640 —
1100 625 1157 653 Quia
1180 625 1237 647 alius
1259 625 1342 647 modus
1368 628 1402 647 est
1426 624 1518 647 essendi
1543 624 1564 646 10

1001 664 1065 686 Patre
1081 666 1104 686 et
1120 664 1177 686 alius
1193 665 1216 686 in
1233 664 1301 691 Filio,
1313 664 1366 686 ideo
1383 666 1436 686 sunt
1453 669 1565 691 personae

1001 703 1122 726 distinctae
1145 703 1190 725 316
1216 702 1231 724 b
1252 715 1283 719 —
1309 703 1366 725 Tres
1389 709 1502 731 personae
1519 709 1564 725 non

1001 745 1097 770 possunt
1114 742 1217 770 separari
1234 741 1263 764 ab
1281 742 1380 764 invIcem
1398 742 1443 764 355
1461 741 1475 764 b

1050 794 1079 797 —
1096 782 1170 809 Opera
1184 781 1301 804 Trinitatis
1312 784 1365 804 sunt
1376 781 1475 804 indivisa
1493 782 1537 803 388
1553 787 1564 803 3

1047 834 1077 837 -
1096 821 1154 843 Patri
1172 821 1337 849 appropriatur
1363 821 1463 849 potentia
1489 821 1534 843 583
1552 827 1563 843 a

1001 873 1032 877 —
1049 862 1113 882 Pater
1131 860 1200 882 habet
1217 860 1344 888 potentiam
1362 860 1385 882 in
1409 860 1564 888 praesidendo

999 902 1022 922 et
1046 900 1165 928 operando
1182 898 1236 922 ibid.
1259 912 1290 915 —
1315 899 1373 921 Patri
1400 896 1565 927 appropriatur

1000 939 1111 962 celsitudo
1129 938 1298 967 praesidentiae
1315 939 1359 961 623
1378 945 1390 960 a
1407 951 1437 955 -—
1456 939 1515 961 Patri
1527 945 1565 966 ap-

1000 978 1132 1006 propriatur
1158 978 1266 1000 maiestas
1288 978 1332 999 338
1351 984 1363 1000 a
1381 990 1411 993 —
1429 978 1495 1000 Pater
1512 984 1564 1005 pur-

1000 1020 1050 1045 gat,
1068 1017 1181 1040 illuminat
1197 1020 1219 1039 et
1238 1017 1326 1045 perficit
1338 1017 1361 1039 in
1376 1017 1489 1045 superiori
1507 1017 1565 1038 hier-

999 1057 1075 1079 archia
1094 1056 1148 1079 ibid.
1161 1069 1191 1073 --
1204 1057 1269 1078 Ρ3131·
1281 1058 1315 1078 351
1327 1057 1377 1078 sons
1389 1059 1411 1078 et
1423 1056 1562 1084 principium

998 1096 1091 1118 luminis
1115 1098 1137 1118 et
1162 1095 1244 1118 caloris
1261 1099 1283 1118 et
1300 1095 1423 1117 cuiuslibet
1445 1098 1563 1117 creaturae

999 1135 1044 1156 323
1062 1141 1074 1156 3
1091 1147 1121 1151 -
1138 1135 1156 1157 Α
1170 1135 1234 1157 Ρ3113
1249 1137 1302 1157 sunt
1313 1134 1390 1157 omnia
1403 1134 1447 1156 352
1460 1141 1480 1156 a.
1493 1134 1538 1156 353
1551 1140 1563 1156 3

999 1187 1027 1190 -
1047 1175 1111 1196 Pater
1128 1174 1261 1202 intelligitur
1278 1180 1319 1201 per
1337 1174 1447 1195 orientem
1467 1174 1510 1196 323
1529 1180 1541 1195 3

1046 1225 1076 1229 -
1093 1213 1148 1235 Filio
1166 1213 1329 1241 appropriatur
1342 1213 1460 1241 plenitudo
1473 1213 1564 1240 sapien-

999 1252 1042 1274 tiae
1060 1252 1104 1274 623
1122 1259 1134 1274 3
1155 1265 1181 1267 -
1199 1252 1269 1274 Filius
1286 1254 1381 1280 propter
1394 1258 1459 1274 suam
1473 1252 1563 1279 sapien-

999 1292 1053 1314 tiam
1071 1291 1147 1314 omnia
1166 1291 1287 1319 distinguit
1311 1294 1334 1313 et
1350 1291 1469 1319 cognoscit
1486 1291 1530 1313 353
1548 1291 1563 1313 b

1000 1343 1027 1346 —-
1045 1331 1099 1352 Filio
1117 1330 1280 1358 appropriatur
1298 1330 1383 1353 veritas
1395 1331 1439 1352 338
1457 1337 1469 1352 3
1486 1342 1517 1347 -
1529 1331 1564 1352 Fi-

998 1370 1042 1392 lius
1060 1370 1099 1392 Dei
1117 1373 1151 1392 est
1167 1376 1205 1392 ars
1221 1372 1314 1392 aeterna
1331 1370 1435 1391 omnium
1448 1370 1489 1392 601
1506 1369 1521 1392 b
1533 1382 1564 1386 —

999 1410 1021 1431 ln
1038 1409 1093 1431 Filio
1110 1411 1163 1431 sunt
1186 1415 1267 1431 omnes
1289 1409 1389 1431 rationes
1412 1411 1434 1431 et
1450 1409 1517 1431 ideae
1534 1408 1563 1431 ab

998 1451 1090 1471 aeterno
1108 1447 1162 1471 ibid.
1179 1460 1210 1464 —
1226 1448 1296 1470 Filius
1313 1448 1335 1470 in
1353 1448 1453 1470 Ecclesia
1471 1451 1563 1476 purgat,

998 1488 1122 1514 illuminat,
1141 1487 1229 1515 perficit
1247 1487 1291 1509 388
1309 1493 1321 1509 3

1044 1539 1073 1543 -
1092 1526 1185 1554 Spiritui
1203 1527 1226 1549 S.
1243 1527 1407 1555 appropriatur
1419 1526 1501 1548 caritas
1518 1527 1562 1548 338

997 1572 1010 1588 3
1024 1579 1053 1582 —
1066 1565 1160 1594 Spiritui
1172 1567 1193 1588 S.
1206 1566 1370 1594 appropriatur
1384 1565 1514 1588 sanctitudo
1527 1564 1563 1588 be-

997 1605 1142 1627 nevolentiae
1160 1605 1204 1627 623
1222 1611 1234 1627 3

1044 1656 1074 1661 -
1092 1647 1126 1667 351
1138 1644 1278 1672 principium
1291 1644 1422 1667 effectivum
1431 1662 1436 1672 ‚
1448 1645 1563 1672 exempla-

996 1684 1083 1712 tivum⁷
1102 1684 1274 1706 terminativum
1298 1684 1343 1706 352
1368 1690 1380 1706 3
1402 1696 1432 1700 -
1453 1684 1471 1705 Α
1489 1683 1563 1706 Τ1101-

998 1726 1042 1745 1313
1060 1726 1169 1752 tanquam
1188 1729 1200 1745 a
1218 1723 1331 1751 principio
1349 1722 1492 1745 nobilissimo
1510 1729 1562 1750 pro·

997 1762 1058 1784 cedit
1074 1762 1154 1784 datum
1172 1762 1287 1789 optimum
1300 1764 1321 1784 et
1333 1762 1421 1784 donum
1435 1763 1561 1790 perfectum

997 1801 1041 1823 338
1059 1807 1072 1823 3
1089 1814 1120 1816 -
1137 1804 1171 1823 351
1188 1807 1230 1829 pro
1247 1807 1338 1823 summa
1352 1800 1511 1823 benevolentia
1524 1801 1562 1823 do-

997 1846 1080 1862 norum
1107 1840 1205 1868 Spiritus
1229 1840 1251 1862 S.
1276 1840 1416 1868 principium
1434 1840 1561 1863 liberalissi-

996 1886 1074 1906 mum;
1100 1885 1142 1907 pro
1168 1885 1258 1901 summa
1285 1879 1410 1907 sapientia,
1429 1879 1561 1902 discretissi-

996 1924 1073 1946 mum;
1091 1924 1133 1946 pro
1150 1924 1241 1940 summa
1259 1918 1436 1946 omnipotentia,
1454 1918 1562 1947 omnipo-

996 1957 1149 1979 tentissimum
1167 1957 1211 1979 337
1230 1957 1252 1979 b.
1270 1958 1315 1979 338
1332 1964 1344 1979 a

1043 2008 1074 2012 —
1091 1996 1159 2018 Filius
1170 2002 1213 2018 nos
1225 1996 1348 2024 illuminat,
1361 1997 1459 2024 Spiritus
1475 1998 1496 2019 S.
1510 2003 1561 2024 pur-

997 2038 1047 2062 gat,
1065 2035 1130 2057 Pater
1147 2038 1213 2057 sanat
1231 2035 1270 2057 451
1293 2041 1305 2057 3
1322 2047 1352 2051 -—
1376 2036 1475 2058 maxima
1493 2035 1560 2058 bene-

997 2074 1046 2096 ficia
1064 2073 1131 2096 nobis
1148 2075 1235 2096 confert
1252 2074 1273 2096 in
1291 2074 1419 2100 creatione,
1436 2081 1559 2097 conserva-

997 2113 1068 2140 tione,
1086 2113 1252 2141 glorificatione
1271 2113 1314 2135 420
1332 2120 1344 2135 3
1358 2126 1386 2129 —
1400 2114 1460 2136 Haec
1477 2120 1559 2142 appro-

1253 2245 1301 2292 U

995 2387 1085 2415 culum,
1104 2388 1188 2409 sactum
1205 2390 1254 2409 erat
1271 2393 1298 2409 ex
1315 2388 1365 2409 oleo
1381 2393 1434 2410 cum
1455 2388 1558 2415 myrrha,

995 2426 1149 2454 cinnamomo,
1162 2427 1249 2449 calamo
1262 2429 1283 2449 et
1297 2427 1357 2449 casia
1371 2427 1440 2449 mixto
1450 2426 1495 2448 645
1506 2426 1519 2448 b
1529 2439 1559 2442 —

995 2465 1173 2487 sacratissimum
1187 2468 1221 2487 est
1232 2466 1382 2488 sanctificatio
1395 2465 1477 2488 mentis
1489 2465 1533 2487 646
1544 2465 1558 2487 11

996 2517 1024 2519 -
1043 2504 1063 2526 10
1081 2504 1156 2532 capite
1172 2507 1206 2526 est
1223 2505 1295 2532 gratia
1314 2505 1337 2526 in
1354 2504 1443 2527 Christo
1462 2504 1505 2526 548
1524 2504 1538 2526 b

1042 2544 1123 2565 [11111115
1140 2555 1170 2560 -
1187 2544 1286 2571 Spiritus
1303 2544 1425 2571 dupliciter
1442 2544 1556 2566 servanda

995 2585 1029 2604 est.
1050 2582 1078 2604 ad
1102 2582 1238 2609 Dominum,
1264 2583 1408 2610 proximum,
1434 2589 1458 2604 sc
1481 2583 1556 2610 ipsum

996 2621 1035 2643 421
1057 2620 1072 2643 b
1089 2633 1119 2637 —
1137 2621 1170 2643 Ad
1189 2622 1245 2643 haec
1262 2622 1410 2650 requiruntur
1427 2621 1469 2643 tria
1483 2621 1526 2643 422
1545 2627 1557 2643 3

1040 2672 1070 2676 -
1084 2660 1158 2682 Unitio
1170 2663 1248 2682 causat
1260 2660 1470 2682 corroborationem
1483 2661 1527 2682 508
1542 2660 1557 2682 b

1040 2699 1103 2721 Utus-A
1124 2711 1154 2715 —
1176 2699 1282 2726 designat
1307 2699 1458 2727 capacitatem
1485 2699 1557 2721 multi-

994 2737 1074 2760 sormis
1092 2738 1179 2765 gratiae
1195 2737 1278 2760 Christi
1295 2738 1323 2759 33
1343 2737 1357 2760 11

948 194 1048 222 tNDEx
1070 194 1309 223 ALPtlAssEthus
1330 194 1408 223 NONt
1430 194 1617 223 VOLUMtNtS.

1851 233 1912 257 UXO

1598 273 1703 300 priantur
1720 273 1816 301 singulis
1834 274 1938 301 personis
1950 273 2004 297 ibid.
2016 286 2046 290 -——
2059 275 2106 302 ipsa
2120 275 2164 297 alli-

1598 312 1660 334 ciunt
1671 312 1700 334 ad
1710 312 1855 334 dilectionem
1869 313 1908 334 Dei
1921 312 1974 335 ibid.
1987 325 2015 328 —
2030 313 2089 336 Deus
2099 314 2163 336 Pater

1598 357 1640 378 per
1665 351 1746 373 Filium
1770 357 1840 374 suum
1863 352 1884 374 in
1909 352 1994 379 Spiritu
2017 353 2039 374 S.
2063 359 2105 380 pro
2122 359 2164 375 sua

1599 389 1756 412 benevolentia
1774 393 1881 413 naturam
1898 391 2023 413 humanam
2041 391 2164 419 desponsa-

1599 429 1644 455 vit,
1661 429 1738 451 resecit
1756 432 1777 451 et
1794 429 1892 457 cibavit,
1909 430 1977 453 donis
1989 433 2011 453 et
2028 430 2164 453 muneribus

1598 468 1741 496 opulentavit
1758 468 1802 490 337
1821 468 1836 490 b
1858 482 1887 485 —
1911 469 2009 497 Spiritus
2031 471 2053 492 S.
2075 470 2165 492 reducit

1598 513 1640 529 nos
1657 507 1686 529 ad
1704 508 1784 529 Filium
1808 510 1830 530 et
1846 508 1915 530 Filius
1931 509 1959 531 ad
1978 509 2067 531 Patrem
2086 509 2131 531 514
2148 509 2164 531 1)

1645 558 1675 562 -
1691 547 1766 569 Homo
1784 546 1853 569 dehet
1869 547 1988 570 inhaerere
2006 548 2109 570 Trinitati
2123 554 2164 576 per

1598 587 1782 608 conformitatem
1808 587 1931 609 voluntatis
1956 587 1985 609 25
2003 587 2017 609 11
2035 601 2064 604 -
2082 588 2164 610 Αο1103

1598 624 1719 647 ordinatur
1736 625 1764 648 ad
1785 625 1920 648 Trinitatem
1938 632 1980 654 per
1997 626 2162 655 humilitatem,

1598 664 1738 692 3350131301,
1762 667 1923 692 paupertatem
1950 665 1993 687 4116
2011 672 2023 687 3
2042 678 2069 681 —
2089 666 2163 688 110010

1598 703 1736 725 assimilatur
1753 703 1857 726 Trinitati
1876 710 1916 731 per
1934 704 2067 731 veritatem,
2084 705 2163 727 carita-

1599 745 1658 769 tem,
1676 745 1813 770 potestatem
1832 743 1871 764 331
1898 749 1910 764 a
1927 755 1958 760 —-·
1976 744 2016 765 l‘er
2035 743 2163 766 considera-

1599 781 1683 803 tionem
1702 782 1817 809 potentiae
1835 782 1918 809 Patris,
1935 782 2061 810 sapientiae
2077 783 2124 805 Filii
2141 786 2164 805 et

1598 821 1733 842 clementiae
1750 821 1848 849 Spiritus
1866 822 1887 843 S.
1905 821 2068 844 corroboratur
2086 822 2107 844 in
2125 828 2163 845 no·

1599 858 1634 881 1115
1659 860 1727 887 tides,
1753 866 1807 888 spes
1832 863 1853 882 et
1878 861 1961 883 caritas
1989 861 2018 883 25
2041 867 2067 888 3,
2093 861 2107 883 b
2133 874 2163 878 —

1598 898 1679 921 Anima
1697 899 1846 922 deordinatnr
1863 905 1875 922 a
1899 900 2010 922 Trinitate
2026 906 2068 928 per
2085 907 2164 929 super-

1599 937 1668 966 biam,
1687 939 1813 965 luxuriam,
1831 939 1951 961 avaritiam
1970 939 2014 961 416
2032 946 2043 961 3
2060 952 2090 956 -
2103 940 2163 963 Vide

1598 977 1666 999 etiam
1687 977 1712 999 V.
1731 977 1835 1006 Spiritus
1853 977 1877 1001 S.

1645 1017 1756 1039 'i‘ntsrirni
1775 1029 1805 1032 —
1822 1017 1879 1039 solet
1897 1018 2021 1045 provenire
2037 1024 2063 1040 ex
2081 1018 2163 1040 timore

1598 1056 1716 1078 mundano
1734 1058 1756 1078 et
1773 1056 1848 1078 taedio
1866 1056 1920 1078 boni
1937 1056 1984 1079 725
1997 1062 2010 1078 3
2022 1057 2086 1079 —in
2099 1063 2162 1085 [1133-

1597 1095 1654 1116 senti
1673 1095 1779 1117 habenda
1796 1098 1829 1117 est
1847 1102 1873 1117 ex
1892 1099 2039 1123 peccatorum
2058 1096 2163 1118 conside-

1597 1134 1697 1161 ratione,
1715 1134 1873 1162 proximorum
1890 1135 2063 1163 compassione,
2076 1135 2163 1163 patriae

1597 1173 1704 1195 dilatione
1722 1174 1766 1195 308
1784 1173 1799 1195 h
1815 1186 1845 1189 —
1864 1180 1917 1196 vera
1935 1175 1997 1196 dolet
2013 1175 2043 1197 de
2063 1175 2163 1202 peccatis

1597 1212 1728 1235 commissis
1745 1213 1850 1240 interius,
1868 1216 1892 1235 ut
1910 1216 2047 1242 prorumpat
2058 1214 2080 1236 in
2093 1214 2164 1241 lacry-

1598 1257 1647 1273 mas
1664 1252 1763 1274 exterius
1786 1252 1830 1274 307
1849 1258 1861 1273 3
1883 1265 1912 1267 -
1935 1258 1991 1275 vera
2008 1256 2108 1275 meretur
2125 1259 2163 1275 ve-

1598 1290 1658 1312 niam
1676 1291 1780 1313 omnium
1799 1294 1946 1318 peccatorum
1964 1290 2018 1314 ibid.
2038 1304 2065 1307 —
2083 1297 2162 1314 53300-

1597 1329 1653 1352 dum
1672 1330 1745 1352 Deum
1762 1330 1821 1358 parit
1837 1330 2022 1353 iustificationem
2040 1331 2080 1353 371
2102 1337 2114 1352 3
2133 1343 2162 1347 —-

1597 1369 1679 1391 mundi
1697 1369 1757 1397 parit
1774 1369 1960 1397 desperationem
1973 1368 2025 1392 ibid.
2038 1382 2069 1386 —-
2080 1370 2162 1392 Anima

1599 1408 1668 1430 tristis
1685 1411 1707 1430 et
1725 1414 1832 1431 moerens
1849 1415 1895 1431 non
1913 1408 1982 1431 habet
1999 1409 2162 1432 delectationes

1597 1447 1620 1469 in
1637 1453 1662 1469 se
1679 1447 1724 1470 504
1742 1447 1757 1469 b

1644 1487 1705 1509 TuaA
1722 1499 1752 1503 —
1770 1487 1819 1509 Vox
1837 1486 1906 1509 tubae
1927 1490 2023 1509 vocatur
2047 1487 2162 1510 evidentia

1597 1528 1619 1548 et
1637 1526 1760 1548 eminentia
1778 1526 1852 1549 laudis
1869 1526 1914 1548 323
1932 1525 1947 1548 1)
1964 1539 1994 1542 —
2012 1526 2035 1548 in
2054 1526 2161 1549 manibus

1597 1567 1632 1588 est
1648 1565 1789 1593 praedIcatio
1807 1565 1909 1588 veritatis
1928 1565 1972 1587 482
1990 1571 2003 1587 3

1644 1605 1724 1627 Timon
1740 1616 1772 1621 —
1789 1604 1852 1632 ponit
1869 1604 1892 1626 in
1909 1605 1959 1627 loco
1976 1605 2021 1627 alto
2039 1607 2061 1627 et
2072 1605 2162 1633 pericu-

1596 1644 1644 1666 loso
1663 1644 1707 1666 153
1725 1650 1737 1666 3
1755 1656 1785 1660 -
1802 1644 1896 1671 mentis,
1908 1644 1965 1666 dum
1978 1644 2052 1671 101131,
2064 1643 2161 1667 obnubi-

1596 1684 1627 1706 lat
1644 1683 1688 1705 200
1706 1689 1726 1705 3.
1745 1683 1790 1706 237
1808 1683 1822 1705 b

1643 1723 1726 1745 Tomos
1744 1734 1775 1739 —
1794 1722 1910 1745 Debemus
1927 1729 1968 1745 nos
1980 1723 2108 1751 exspoliare
2125 1722 2160 1745 tri-

1596 1761 1647 1789 plici
1666 1761 1741 1784 tunica
1759 1762 1804 1784 572
1823 1767 1835 1783 3

1644 1801 1722 1823 Tuaen
1739 1813 1770 1817 —
1787 1800 1887 1823 habebat
1904 1801 2014 1829 triplicem
2035 1801 2159 1829 defectum,

1597 1846 1638 1868 pro
1661 1846 1708 1869 quo
1729 1840 1849 1868 indigebat
1874 1840 1956 1868 triplici
1981 1840 2160 1863 manducatione

1596 1879 1640 1901 378
1659 1879 1682 1901 b.
1700 1879 1744 1902 379
1762 1885 1775 1901 a

1643 1919 1736 1942 Το11το11
1753 1931 1784 1935 -
1801 1922 1834 1941 cst
1857 1919 1907 1941 avis
1932 1919 2058 1941 castissima
2077 1918 2121 1941 640
2139 1924 2160 1941 a.

1595 1958 1639 1980 656
1658 1957 1681 1980 b.
1699 1958 1743 1980 669
1762 1964 1774 1980 3
1792 1971 1819 1974 -
1844 1964 1962 1986 nunquam
1988 1958 2080 1980 dimittit
2097 1964 2160 1980 com-

1596 2003 1675 2025 parem
1699 2003 1768 2019 suum
1794 1997 1838 2019 509
1863 2004 1873 2019 3
1892 2009 1922 2013 -
1939 1997 1958 2019 51
1977 1997 2040 2019 1111101
2059 1997 2158 2025 30111131,

1594 2042 1713 2065 nunquam
1731 2036 1767 2058 alii
1785 2036 1933 2064 coniungitur
1950 2035 2005 2059 ibid.
2022 2048 2052 2053 —-
2070 2037 2091 2058 ln
2109 2036 2159 2059 eius

1594 2080 1652 2097 voce
1669 2075 1805 2103 designatur
1823 2078 1903 2097 votum
1921 2075 2032 2097 castitatis
2049 2076 2093 2097 669
2107 2081 2119 2097 3
2131 2087 2159 2090 -

1593 2114 1699 2142 designat
1716 2114 1825 2136 virtutem
1842 2114 1956 2136 amicitiae
1974 2114 2018 2136 647
2037 2114 2052 2136 l)

1641 2388 1693 2409 Unsi
1711 2401 1739 2403 —
1756 2387 1821 2410 Titus
1833 2390 1855 2409 31
1868 2387 2022 2415 Vespasianus
2034 2388 2157 2415 designan-

1594 2429 1629 2448 tur
1647 2433 1688 2454 per
1705 2427 1765 2449 duos
1783 2433 1849 2449 ursos
1867 2427 1911 2449 548
1930 2426 1945 2449 b

1640 2466 1712 2488 Usum
1731 2478 1760 2482 —
1779 2466 1820 2488 Per
1837 2472 1930 2488 usuram
1948 2467 2018 2488 homo
2035 2466 2157 2493 locupleta-

1592 2507 1628 2527 tur
1645 2504 1667 2526 in
1684 2504 1771 2527 divitiis
1788 2505 1955 2532 temporalibus
1972 2504 2016 2527 348
2035 2511 2055 2533 a,
2074 2504 2088 2527 b

1639 2544 1742 2566 U'rtu'rAS
1759 2556 1789 2560 —
1806 2544 1882 2566 omnis
1899 2543 1958 2566 110113
1984 2547 2059 2572 potest
2076 2544 2154 2566 reduci

1592 2583 1620 2605 ad
1639 2583 1679 2605 tria
1698 2583 1741 2605 348
1760 2589 1773 2605 a

1638 2622 1700 2644 Uvffi
1718 2634 1747 2638 —
1764 2628 1811 2644 non
1829 2625 1882 2644 sunt
1898 2622 1927 2644 de
1943 2622 2015 2650 spinis
2033 2623 2077 2644 382
2095 2628 2107 2644 a
2125 2634 2155 2639 —-

1591 2661 1714 2689 designant
1731 2661 1850 2683 veritatem
1870 2661 1921 2683 fidei
1939 2660 1993 2684 ibid.

1638 2700 1700 2722 Uxon
1717 2712 1747 2716 —
1764 2700 1822 2722 Nihil
1848 2700 1907 2722 adeo
1930 2700 2002 2728 placet
2027 2700 2078 2722 viro
2095 2700 2154 2722 51301

1590 2739 1666 2761 uxoris
1683 2739 1774 2761 castitas
1790 2742 1812 2761 et
1829 2739 1947 2767 integritas
1963 2739 2008 2761 712
2026 2738 2041 2761 b
