2269 3448
397 193 452 221 154

645 231 696 254 l‘EC

390 284 420 287 —-
438 274 526 293 tantum
552 271 712 297 dimittuntur,
728 271 746 292 si
765 271 817 299 quis
843 274 958 298 proponat

392 310 542 338 postmodum
570 317 614 332 non
640 310 739 337 amplius
760 315 857 337 peccare
881 310 926 331 388
944 316 955 331 a

389 363 419 366 -
438 354 491 372 sunt
516 349 660 371 emendanda
687 352 709 371 et
732 349 882 377 postmodum
910 355 955 371 non

389 389 554 411 committenda
567 388 597 410 75
610 395 622 410 a
634 400 665 404 ——
678 388 789 410 Dominus
801 388 893 410 dimittit
906 394 956 415 pec-

389 431 438 450 cata
456 434 498 456 per
516 428 713 454 misericordiam,
730 434 755 449 ea
770 427 853 455 repetit
870 433 910 455 per
923 428 956 449 iu-

389 467 472 490 stitiam
491 467 533 489 417
549 466 563 489 b
580 480 610 482 —
628 467 686 489 Nihil
705 467 799 494 prodest
817 467 837 488 in
855 466 956 494 peccatis

388 507 489 529 ieiunare
506 509 529 529 et
547 507 628 528 iterum
641 506 723 528 eadem
742 507 816 528 facere
835 505 878 528 458
896 512 909 527 a
926 518 956 521 —

388 546 447 568 Nihil
458 549 546 568 tantum
556 546 659 573 displicet
674 546 728 572 Deo,
739 545 797 567 sicut
809 545 873 573 quod
886 546 955 567 homo

388 586 447 607 redit
464 585 493 607 ad
512 588 633 612 peccatum
652 585 696 606 260
715 584 729 606 0

435 636 465 640 -
495 625 533 646 l)ei
562 624 721 646 misericordia
750 626 784 645 est
812 623 954 651 praesidium

388 666 467 686 contra
485 664 609 690 oss'ensani;
628 663 709 690 gratia,
726 665 805 684 contra
825 662 954 689 maculann

387 705 540 725 tutamentum
572 702 697 728 Ecclesiae,
730 705 807 723 contra
836 701 954 729 sequelam

388 743 433 764 662
459 748 483 769 a,
502 741 517 763 b
533 754 564 758 —
581 741 663 763 Contra
688 741 800 768 triplicem
824 740 954 766 defectum,

387 787 457 810 quent
481 781 640 803 contrahimus
663 786 689 803 ex
712 783 820 808 peccato,
839 782 955 807 praestant

388 820 454 842 nobis
472 820 575 842 remedia
593 820 708 847 Raphael,
721 818 813 841 Gabriel
825 822 848 841 et
860 819 954 841 iilic-nael

388 860 432 881 620
452 859 466 881 0

436 912 463 914 -
482 899 586 926 capitalia
606 898 661 920 vide
679 898 705 919 V.
729 897 823 920 Vitium.

435 938 529 960 escum
547 951 577 953 —
600 940 693 965 Aerugo
719 937 833 964 pecuniae
859 937 955 959 vertitur

389 978 411 1000 in
434 977 591 999 testimonium
618 977 734 1005 nequitiae
756 979 778 998 et
801 979 953 1004 augmentum

388 1023 478 1045 poenae
497 1016 540 1038 460
560 1016 574 1038 1)
590 1029 620 1032 -
637 1016 732 1038 retrahit
752 1015 894 1037 asaei-isicio
914 1015 953 1037 bei

389 1057 417 1078 62
436 1055 451 1078 0

436 1096 536 1117 Panicum
556 1108 583 1110 —
602 1095 700 1116 multum
722 1095 829 1116 infestant
851 1094 953 1115 dormire

388 1135 491 1157 volentes
516 1134 560 1156 573
588 1133 603 1156 b
628 1146 658 1150 —
687 1134 808 1161 designant
836 1139 954 1155 remorsus

390 1174 543 1196 conscientiae
560 1173 615 1196 ibid.

436 1213 523 1235 Famae
542 1225 568 1228 -—
588 1213 711 1240 designant
728 1212 860 1234 affectiones
877 1212 922 1233 322
940 1218 951 1233 a

388 1265 416 1268 —-
443 1253 606 1280 deargentatae
632 1255 684 1274 sunt
712 1252 809 1274 virtutes
837 1252 951 1279 perfectae

387 1292 432 1314 640
450 1298 462 1313 a

434 1332 586 1353 PENTECOSTES
602 1343 632 1347 -
651 1332 711 1353 llaec
732 1331 866 1352 solemnitas
891 1332 970 1352 tanto}

386 1370 541 1393 venerabilius
558 1374 579 1392 et
592 1370 709 1392 ardentius
721 1373 754 1392 est
766 1370 870 1396 colenda,
882 1375 952 1397 quan·
968 1380 970 1394 1,

386 1414 408 1432 10
425 1410 615 1437 profundioribus
633 1410 748 1437 mysteriis
761 1412 833 1431 exstat
846 1409 950 1436 insignita
968 1417 970 1426 1

386 1450 430 1471 333
449 1449 463 1471 b
482 1462 510 1465 ——
529 1450 577 1471 Hoc
603 1450 686 1471 festum
713 1448 852 1479 describitur
874 1448 951 1476 quoad

386 1489 527 1516 principium
546 1488 691 1516 effectivum,
709 1487 839 1510 subiectum
858 1487 952 1515 recepti-

385 1534 441 1550 x‘um
460 1532 481 1550 et
498 1531 574 1550 actum
594 1527 755 1550 intermedium
775 1527 815 1549 331
838 1533 849 1548 a
868 1527 952 1548 -1-10-
968 1537 970 1552 t

385 1568 491 1590 diernum
511 1567 649 1589 beneficium
668 1566 818 1589 essentialiter
830 1569 851 1588 et
864 1566 952 1588 radica-

385 1607 436 1629 titer
453 1607 555 1629 consistit
572 1607 594 1629 in
613 1607 694 1634 triplici
713 1606 775 1628 dono
793 1605 846 1628 ibid.
862 1618 893 1621 —
910 1606 952 1627 lio·

384 1647 490 1669 diernum
518 1646 656 1669 beneficium
683 1645 822 1668 describitur
839 1651 866 1667 ex
888 1647 970 1672 parte}

385 1686 477 1709 dix-inae
496 1686 665 1708 munificentiae
691 1685 821 1713 largientis,
840 1685 952 1707 Ecclesiae

384 1726 530 1753 suscipientis
548 1729 569 1747 et
588 1725 639 1747 tinis
656 1725 840 1747 consummantis
857 1724 897 1746 341
920 1723 935 1745 b

431 1777 460 1781 ——
480 1766 539 1787 llaec
556 1765 606 1787 dies
624 1768 657 1786 est
675 1764 803 1790 incitativa,
821 1763 951 1791 imitativa,
968 1767 969 1779 i

385 1810 477 1826 sursum
504 1805 591 1831 activa,
619 1804 782 1825 inliamnmtiva
810 1803 854 1825 336
880 1809 892 1824 a
921 1815 951 1819 —

384 1844 457 1866 Hodie
474 1844 557 1865 terreni
574 1846 597 1865 et
613 1847 747 1871 peccatores
774 1843 828 1864 moti
851 1845 904 1864 sunt
921 1842 950 1863 ad

385 1883 549 1911 poenitentiam
573 1883 617 1904 332
635 1889 647 1904 a
665 1894 695 1899 —-
713 1882 812 1910 Spiritus
831 1884 852 1904 5.
870 1882 951 1903 volens

384 1922 511 1944 recondere
537 1922 559 1943 in
582 1922 696 1950 Apostolis
723 1927 805 1943 manna
824 1924 845 1943 ct
870 1927 949 1943 aroma

384 1961 483 1983 nominis
501 1960 582 1983 Christi
606 1967 646 1983 eos
672 1961 740 1982 hodie
762 1960 885 1982 adornavit
902 1966 950 1982 cae-

383 2000 477 2023 lestibus
494 2001 638 2027 refulgentiis
656 2000 700 2021 330
719 2000 733 2021 b
751 2012 781 2015 —
800 2000 872 2022 llodie
889 2000 950 2027 Apo<

384 2040 434 2062 stoli
458 2040 486 2061 ita
513 2041 613 2067 perfecte
639 2044 660 2061 et
685 2040 820 2062 excellenter
846 2038 949 2061 illustrati

383 2082 448 2107 sunt,
466 2082 490 2101 ut
506 2079 534 2101 ad
554 2079 657 2101 notitiam
676 2083 698 2100 et
714 2078 896 2106 speculationem
911 2078 949 2099 bei

383 2119 528 2141 elevarentur
545 2118 586 2140 331
608 2124 629 2145 a,
647 2118 662 2140 b

431 2170 459 2173 —
469 2158 527 2180 Vide
537 2158 606 2179 etiam
615 2157 642 2179 V.
650 2156 777 2186 Apostolus
784 2160 805 2179 ct
812 2156 917 2186 Spiritus
925 2158 950 2180 S.

432 2198 550 2219 rent-mm
569 2209 596 2212 —
616 2197 720 2219 fortiores
738 2197 879 2224 praecedunt
895 2197 950 2219 ahos

386 2237 442 2258 ultra
461 2238 571 2258 fossatum
590 2240 612 2258 et
629 2236 753 2258 extendunt
770 2236 803 2258 eis
821 2242 903 2258 manus
920 2236 949 2258 ad
965 2252 967 2264 ,

383 2275 542 2298 adiuvandum
561 2276 605 2297 327
624 2282 636 2297 a

431 2315 552 2337 Pani-'emto
577 2327 607 2331 —-
635 2314 777 2337 Christianae
803 2315 950 2342 perfectionis

381 2354 477 2376 altitudo
495 2354 597 2376 consistit
610 2355 631 2376 in
648 2355 856 2382 comprehensione
869 2354 949 2376 verita·

383 2393 410 2415 tis
427 2396 450 2415 et
466 2394 628 2415 exercitatione
646 2394 736 2416 virtutis
759 2394 803 2415 562
821 2400 833 2415 a
854 2406 881 2408 —
900 2394 949 2415 1)οΓ-

383 2434 455 2455 fectus
472 2437 506 2455 est
523 2434 607 2460 homo,
625 2433 643 2455 si
662 2434 774 2460 refulgeat
791 2439 831 2461 per
849 2433 947 2460 gratiam

383 2475 404 2494 et
421 2472 567 2500 resplendeat
592 2478 633 2500 per
658 2473 790 2500 exemplum
814 2472 860 2494 543
887 2472 900 2494 0
917 2484 948 2488 -

382 2512 515 2539 evangelica
542 2511 646 2533 consistit
671 2512 692 2534 in
717 2512 844 2534 humilitate
861 2511 947 2534 5951).

382 2551 427 2572 596
445 2557 457 2572 a
475 2563 504 2566 ——
523 2551 648 2573 Declaratio
670 2552 818 2579 perfectionis
843 2551 948 2579 designa-

381 2592 418 2611 tur
443 2596 484 2617 per
510 2590 642 2618 lampades,
665 2596 726 2619 quae
750 2594 804 2612 sunt
829 2590 948 2618 lampades

381 2629 546 2656 simplicitatis,
559 2630 712 2657 adversitatis,
726 2629 886 2657 abdicationis,
899 2635 947 2657 per-

382 2668 484 2690 feetionis
507 2669 584 2696 operis
605 2669 649 2690 529
669 2669 690 2691 0.
713 2669 757 2691 530
775 2675 788 2691 a
805 2681 835 2685 —-
853 2669 947 2691 l'erl‘ecti

382 2707 540 2734 significantur
558 2715 599 2735 per
616 2708 692 2730 Arbee
710 2709 754 2730 608
773 2708 788 2730 b
804 2721 835 2725 —
854 2708 946 2730 Perfecit

381 2747 490 2769 dicuntur
507 2747 545 2769 lilii
562 2748 620 2770 lueis
637 2748 682 2771 228
700 2747 715 2770 b

429 2798 459 2802 —
476 2787 498 2808 Si
517 2787 625 2809 volumus
643 2787 722 2809 venire
743 2787 772 2809 ad
792 2790 877 2809 statum
896 2794 946 2815 per-

383 2826 507 2852 fectorum,
525 2826 639 2849 debemus
662 2827 742 2849 mundi
767 2827 878 2849 vanitates
895 2833 947 2850 con<

382 2864 496 2891 siderare,
525 2866 682 2888 consideratas
707 2866 827 2894 despicere
856 2870 877 2889 et
905 2873 947 2889 nos

382 2908 516 2926 convertere
541 2905 569 2927 ad
592 2906 731 2933 speculanda
758 2909 850 2928 aeterna
869 2907 913 2928 220
932 2906 946 2928 1)

381 2955 412 2960 —·
429 2944 472 2971 Qui
490 2945 539 2966 vult
555 2945 620 2973 sequi
642 2945 756 2968 Christum
776 2946 796 2967 in
815 2946 879 2973 apice
898 2952 945 2973 per·

383 2983 485 3004 rectionis
502 2985 649 3011 evangelicae
667 2985 736 3007 debet
757 2986 798 3009 tria
816 2987 946 3016 relinquere

992 272 1036 293 197
1054 278 1066 293 a
1084 284 1115 288 —
1134 272 1248 293 Perfectus
1265 271 1334 294 debet
1346 272 1476 301 relinquere
1488 273 1558 295 socie·

991 314 1060 333 tatem
1077 316 1213 338 perversam
1231 314 1253 332 et
1271 311 1412 333 mundanam
1431 311 1472 333 591
1494 318 1506 333 a
1525 323 1556 328 --

991 350 1062 372 Nemo
1079 349 1156 372 subito
1174 350 1291 377 perfectus
1308 350 1333 372 fit
1350 350 1394 372 457
1407 356 1419 372 a
1435 364 1461 366 —
1475 351 1559 379 Quam-

991 389 1029 411 diu
1048 389 1100 416 quis
1126 388 1195 411 habet
1220 390 1242 411 in
1264 395 1312 418 quo
1337 390 1451 417 proficere
1473 390 1557 417 possit,

976 429 1094 450 'nondum
1113 428 1141 450 ad
1160 434 1277 450 summam
1296 429 1460 456 perfectionem
1479 435 1558 456 perve-

990 468 1022 490 nit
1033 467 1086 490 ibid.
1100 480 1128 483 —
1142 467 1199 489 Nihil
1212 467 1307 495 prodest
1319 468 1484 495 perfectionem
1497 468 1557 490 vitae

990 513 1076 529 vovere
1094 511 1116 528 et
1134 513 1177 528 non
1196 506 1294 528 reddere
1312 507 1356 528 229
1376 506 1390 528 0

1038 558 1066 561 ——
1085 546 1178 568 Pet-fecti
1197 545 1283 567 debent
1300 552 1351 568 esse
1368 546 1493 568 imitatores
1506 553 1556 574 pas-

989 585 1060 607 sionis
1084 585 1166 608 Christi
1193 585 1238 607 327
1265 585 1279 607 0
1302 598 1331 601 —
1357 585 1452 608 Perfecti
1473 585 1557 608 debent

988 624 1067 646 divina
1093 631 1163 652 opera
1188 624 1310 651 admirari,
1336 625 1353 647 si
1379 625 1461 647 volunt
1484 625 1557 647 admi-

990 664 1077 685 ratione
1099 663 1228 690 sublevari,
1245 663 1404 686 sublevatione
1421 664 1556 693 illuminari,

990 702 1153 725 illuminatione
1171 703 1279 725 delectari
1298 705 1319 725 et
1344 703 1479 725 mirabiliter
1496 704 1556 726 dele-

989 742 1073 764 ctando
1086 748 1112 764 ac
1124 742 1289 765 delectabiliter
1306 742 1444 764 admirando
1458 745 1557 765 contem-

989 782 1045 809 plari
1058 782 1103 804 229
1116 781 1131 804 0
1144 795 1173 798 —
1186 782 1279 804 Perfecti
1292 781 1378 804 debent
1390 782 1480 809 irrigari
1494 788 1557 804 com-

989 822 1113 849 punctione
1130 825 1152 844 et
1169 822 1301 848 devotione,
1319 827 1386 843 secus
1399 824 1452 844 sunt
1469 822 1555 844 similes

990 860 1107 883 montibus
1124 860 1209 883 Gelboe
1227 860 1282 883 ibicl.

1036 913 1066 916 —
1093 901 1186 923 Perfecti
1205 906 1276 928 super
1300 900 1475 922 fundamentum
1503 900 1556 922 fidei

989 940 1111 962 aedificant
1132 946 1214 962 aurmn
1239 940 1453 968 contemplationis,
1476 946 1555 967 argen-

988 982 1036 1001 tum
1055 980 1184 1002 dilectionis
1201 982 1223 1002 et
1240 980 1353 1008 pretiosos
1365 980 1454 1007 lapides
1465 982 1557 1001 sanctae

988 1020 1129 1047 operationis
1147 1020 1193 1042 605
1218 1019 1239 1042 b.
1263 1020 1308 1041 608
1327 1019 1341 1041 0
1361 1032 1388 1035 -
1407 1020 1501 1042 Perfecti
1519 1020 1556 1041 de-

989 1058 1042 1080 bent
1060 1060 1135 1081 facere
1151 1066 1189 1081 sex
1208 1059 1313 1081 exercitia
1332 1060 1376 1081 228
1395 1058 1410 1081 b
1427 1071 1458 1075 ——
1476 1059 1555 1087 Dirigi-

988 1104 1040 1120 mus
1057 1099 1118 1120 viam
1137 1095 1228 1120 Domini
1250 1105 1291 1126 per
1308 1101 1359 1120 octo
1382 1099 1487 1121 exercitia
1507 1105 1556 1126 per-

988 1138 1092 1160 fectionis
1110 1138 1138 1159 68
1157 1144 1168 1160 a

1036 1178 1161 1199 Pemeucuu
1179 1190 1208 1194 —
1227 1177 1307 1199 Omnis
1325 1177 1418 1204 sapiens
1436 1177 1493 1205 sugit
1506 1178 1555 1199 loca

990 1217 1119 1244 periculosa
1137 1217 1182 1239 540
1200 1223 1211 1239 a
1232 1230 1260 1232 —
1278 1222 1330 1239 sunt
1356 1217 1514 1244 praesidendo
1533 1220 1555 1239 et

988 1257 1148 1284 praecavenda
1169 1257 1212 1279 454
1232 1256 1246 1278 0

1035 1296 1116 1318 Ferunt:
1135 1309 1161 1312 --
1181 1297 1219 1318 Est
1237 1296 1366 1323 periculum
1379 1296 1490 1323 pereundi
1505 1302 1555 1323 pro—

987 1338 1037 1363 pter
1054 1339 1143 1363 septem
1161 1335 1264 1357 defectus
1287 1336 1322 1357 tat
1345 1335 1367 1357 0.
1390 1335 1430 1357 192
1447 1341 1459 1356 a

1035 1375 1169 1397 l'ensecorio
1187 1387 1217 1390 —
1236 1376 1258 1396 ln
1277 1375 1438 1402 persecutione
1450 1380 1553 1396 necessa-

987 1414 1018 1436 ria
1037 1417 1071 1436 est
1088 1415 1175 1436 cautela
1193 1418 1215 1436 et
1234 1414 1271 1436 liei
1290 1414 1417 1436 assistentia
1434 1408 1480 1436 ²293
1499 1420 1511 1436 a

1035 1454 1217 1475 Peasevnanm
1238 1466 1265 1469 —
1284 1460 1327 1475 non
1346 1453 1424 1475 deficit
1440 1459 1514 1481 usque
1532 1453 1552 1474 in

987 1493 1009 1514 in
1028 1493 1096 1515 linem
1116 1494 1160 1515 569
1180 1492 1194 1514 1)
1212 1505 1241 1509 --
1259 1493 1314 1521 quid
1333 1493 1359 1515 sit
1384 1492 1512 1514 secundum
1531 1493 1552 1514 S.

987 1533 1130 1555 Bernardum
1159 1532 1202 1554 486
1230 1532 1251 1554 h,
1274 1532 1314 1554 487
1333 1539 1345 1554 a
1363 1544 1393 1548 ——
1411 1532 1506 1560 Oportet
1531 1532 1552 1554 in

987 1572 1065 1594 labore
1084 1578 1233 1600 perseverare
1259 1572 1304 1594 256
1328 1572 1342 1593 1)
1368 1584 1398 1587 -
1424 1572 1477 1594 Sine
1505 1572 1552 1599 ipsa

987 1618 1029 1634 nec
1046 1612 1087 1640 qui
1105 1616 1194 1639 pugnat
1212 1612 1347 1638 victoriam,
1364 1617 1405 1633 nee
1423 1612 1497 1633 victor
1509 1611 1553 1639 pal·
1569 1637 1570 1641 Ἰ

988 1658 1048 1673 mam
1067 1651 1217 1679 consespiitur
1236 1651 1279 1673 4517
1298 1658 1309 1673 a

1035 1704 1059 1706 —
1081 1691 1119 1713 dat
1138 1691 1250 1718 triplicem
1264 1691 1443 1713 consolationem
1457 1691 1485 1712 26
1499 1697 1509 1711 a
1525 1703 1549 1706 -

986 1730 1009 1751 in
1029 1730 1089 1752 bono
1115 1734 1148 1752 cst
1174 1733 1239 1758 porta
1265 1730 1366 1758 paradisi
1390 1730 1435 1751 505
1453 1736 1464 1752 a
1484 1742 1512 1745 —
1531 1730 1552 1751 in

987 1770 1047 1791 malo
1064 1773 1098 1792 est
1122 1774 1187 1797 porta
1213 1770 1293 1792 inferni
1312 1769 1366 1791 ibid.
1391 1782 1421 1785 —
1446 1769 1552 1791 Finaliter

987 1809 1190 1836 perseverantibus
1218 1809 1390 1837 appropinquat
1423 1809 1552 1836 redemptio

986 1848 1015 1870 24
1033 1855 1044 1870 a
1063 1860 1093 1864 —
1112 1849 1184 1870 Deum
1201 1848 1229 1870 ad
1245 1848 1431 1870 subveniendum
1446 1849 1553 1875 impetrat

986 1887 1030 1909 378
1049 1893 1060 1909 a

1033 1939 1063 1943 —
1082 1927 1136 1949 Boni
1155 1927 1231 1954 operis
1249 1928 1336 1949 fructus
1353 1928 1381 1948 ad
1402 1933 1552 1954 perseveran-

986 1966 1039 1988 tiam
1058 1966 1149 1988 finalem
1168 1973 1212 1988 non
1239 1966 1356 1994 pervenit,
1374 1966 1391 1988 si
1411 1972 1463 1988 eom
1483 1965 1552 1988 devo-

985 2006 1052 2027 tionis
1070 2006 1171 2033 lacryma
1184 2011 1229 2027 non
1242 2005 1361 2033 perfundit
1373 2006 1418 2027 519
1432 2004 1446 2027 0
1461 2017 1490 2021 ——
1508 2005 1549 2033 Qui

984 2044 1053 2067 habet
1070 2045 1163 2067 oculum
1181 2045 1287 2066 dextrum
1305 2044 1334 2066 ad
1361 2044 1463 2072 praemia
1481 2047 1503 2066 et
1524 2044 1551 2066 si-

984 2084 1081 2106 nistrum
1099 2084 1128 2106 ad
1146 2084 1272 2112 supplicia⁷
1295 2083 1382 2105 stabilis
1405 2084 1448 2106 erit
1473 2084 1517 2105 613
1536 2083 1551 2105 b

984 2123 1115 2151 —petitur
1137 2123 1157 2145 in
1183 2123 1285 2152 qualibet
1310 2123 1419 2151 petitione
1442 2122 1552 2145 orationis

984 2162 1113 2185 dominicae
1139 2162 1184 2185 505
1209 2162 1223 2184 1)
1241 2175 1271 2179 -
1292 2166 1316 2185 ut
1332 2163 1362 2184 sit
1378 2163 1401 2184 in
1420 2161 1498 2187 110015,
1516 2167 1551 2183 ac-

984 2202 1115 2224 cedendum
1133 2204 1168 2223 051
1184 2202 1212 2223 ad
1232 2202 1325 2224 illariam
1347 2201 1389 2223 125
1408 2200 1422 2223 b

1033 2242 1130 2264 Pansam
1149 2254 1179 2257 —
1198 2241 1255 2263 Sunt
1272 2241 1340 2263 trium
1367 2240 1549 2263 differentiarum

986 2287 1112 2309 personae:
1130 2280 1235 2308 divinae,
1253 2280 1370 2307 angelicae
1395 2284 1417 2302 et
1435 2281 1550 2302 humanae

983 2321 1028 2342 622
1048 2320 1062 2342 0

1030 2360 1148 2381 1300501510
1167 2371 1195 2374 —
1220 2359 1297 2381 Melius
1323 2358 1477 2386 persuadetur
1504 2359 1549 2381 vita

982 2404 1053 2426 quam
1072 2399 1163 2426 lingua,
1181 2398 1286 2426 exemplo
1303 2404 1374 2426 quam
1392 2398 1453 2420 dicto
1472 2398 1512 2420 197
1526 2397 1549 2420 0.

983 2438 1028 2459 205
1047 2444 1066 2459 a.
1085 2437 1129 2459 374
1147 2444 1159 2459 a
1178 2450 1208 2453 —
1226 2437 1345 2459 Efficacius
1358 2437 1482 2464 persuadet
1495 2443 1548 2464 pau-

983 2483 1034 2505 per,
1055 2477 1094 2505 qui
1121 2477 1234 2499 mundum
1261 2476 1386 2499 contemnit
1408 2479 1430 2498 et
1455 2482 1547 2498 carnem

983 2516 1118 2542 mortificat,
1134 2522 1205 2544 quam
1223 2516 1302 2542 dives,
1314 2515 1355 2544 qui
1367 2521 1459 2538 carnem
1478 2516 1548 2538 nutrit

982 2558 1004 2577 et
1022 2557 1084 2577 fovet
1101 2556 1121 2577 in
1140 2555 1228 2577 deliciis
1245 2555 1290 2577 374
1308 2561 1320 2577 a

1030 2595 1071 2616 l‘cs
1087 2607 1118 2611 —
1135 2598 1169 2617 est
1186 2601 1240 2622 pars
1262 2594 1366 2622 corporis
1389 2594 1483 2616 inferius
1502 2596 1548 2616 tan-

982 2640 1040 2661 gens
1058 2637 1142 2656 terram
1156 2634 1196 2656 561
1213 2640 1224 2655 a
1238 2646 1267 2649 —
1280 2636 1391 2656 sustentat
1408 2636 1480 2655 totum
1497 2639 1548 2655 cor-

982 2679 1025 2700 pus
1044 2674 1071 2695 66
1090 2673 1114 2696 b.
1126 2674 1166 2696 561
1183 2679 1195 2695 a
1212 2685 1242 2689 —
1260 2673 1339 2695 dexter
1356 2674 1462 2695 movetur
1475 2673 1546 2700 prius,

982 2712 1073 2734 sinister
1092 2712 1205 2740 posterius
1223 2713 1267 2734 225
1286 2712 1300 2734 0
1318 2724 1349 2729 -
1365 2711 1434 2734 debet
1451 2711 1547 2734 subesse

982 2752 1027 2774 206
1042 2758 1054 2773 a
1068 2764 1097 2767 —
1110 2752 1185 2774 Homo
1201 2755 1279 2774 servat
1296 2751 1368 2779 pedes
1386 2750 1547 2778 corruptibiles

981 2794 1001 2813 et
1020 2797 1065 2813 non
1083 2794 1160 2813 servat
1178 2790 1362 2818 incorruptibiles
1380 2790 1420 2812 471
1442 2790 1456 2812 1)

1028 2843 1058 2846 ψ-
1077 2831 1117 2852 l‘er
1135 2830 1207 2858 pedes
1225 2830 1380 2857 intelliguntur
1406 2829 1547 2858 praedicato·

981 2876 1017 2891 res
1035 2873 1056 2892 ct
1081 2869 1188 2892 doctores
1215 2869 1258 2892 450
1276 2876 1288 2891 a
1306 2881 1336 2886 --
1354 2869 1460 2897 designat
1476 2869 1546 2891 virtu-

981 2912 1025 2931 tem
1046 2908 1114 2931 Verbi
1139 2908 1231 2931 increati
1257 2909 1285 2931 66
1305 2908 1326 2930 b.
1344 2908 1385 2931 561
1407 2915 1418 2931 a
1439 2921 1466 2924 --
1489 2908 1546 2931 desi-

980 2951 1035 2976 gnat
1051 2948 1231 2971 humiliationem
1252 2947 1321 2970 Verbi
1344 2948 1453 2970 incarnati
1470 2948 1511 2970 561
1532 2954 1544 2970 a

979 3000 1010 3004 —
1027 2988 1133 3015 designat
1150 2988 1276 3016 potentiam
1296 2987 1466 3014 intellectivam,
1484 2993 1545 3010 ama·

942 193 1041 221 lNDEX
1062 193 1303 222 ALPHABETICUS
1324 193 1403 222 NONl
1424 194 1611 223 VOLUMlNlS.

1856 235 1907 257 ΡΕΤ

1593 273 1664 294 tivam
1690 275 1712 295 et
1737 274 1881 301 operativam
1908 274 1948 296 451
1971 281 1983 296 a
2000 287 2031 291 —
2053 276 2159 304 designat

1592 312 1699 334 affectum
1718 313 1762 334 533
1781 319 1800 334 a.
1820 313 1864 335 547
1879 313 1901 335 b.
1913 314 1957 335 548
1971 320 1982 336 a
1995 327 2025 330 —
2038 315 2160 343 designant

1592 352 1687 373 affectus
1705 352 1846 374 necessitatis
1863 355 1886 375 et
1902 354 2027 381 voluptatis
2044 355 2089 376 364
2103 354 2117 377 0
2129 368 2159 371 -—

1592 390 1640 412 Sub
1658 391 1759 418 pedibus
1776 392 1933 419 intelliguntur
1959 394 2053 415 affectus
2077 395 2159 417 mentis

1591 432 1613 451 ct
1631 430 1735 457 corporis
1753 430 1782 452 36
1800 437 1812 452 a
1831 444 1859 447 ——
1883 431 2005 459 designant
2027 433 2159 456 affectiones

1591 468 1650 490 circa
1671 468 1757 491 bonum
1775 470 1820 491 510
1838 469 1854 492 b
1871 482 1901 486 —
1919 470 2026 498 designat
2043 472 2158 494 inordina-

1592 510 1637 529 tam
1656 508 1798 530 affectionem
1818 509 1863 531 359
1881 509 1896 531 b
1913 522 1944 526 —
1962 510 2022 538 Quid
2039 511 2068 533 sit
2084 514 2159 534 custo-

1591 546 1642 569 dire
1659 548 1742 574 pedem
1761 548 1806 570 388
1825 554 1836 570 a

1640 586 1727 609 Ρετιτιο
1744 599 1774 603 -
1791 588 1867 609 01111115
1884 589 1996 616 supponit
2008 589 2158 617 indigentiam

1591 624 1612 646 in
1632 629 1723 653 petente
1742 627 1782 648 183
1796 633 1807 648 a
1820 639 1851 643 —
1863 627 1983 649 Humiliter
2001 632 2079 656 petere
2091 628 2158 651 debe-

1591 670 1643 686 mus
1652 668 1673 686 et
1685 665 1734 687 sine
1743 665 1867 693 pertinacia
1879 668 2054 695 contemptionis
2064 668 2092 689 58
2104 668 2119 690 1)
2127 680 2158 685 -

1591 703 1668 725 Petere
1686 704 1800 727 dehemus
1818 704 1904 727 bonum
1923 707 2021 734 gratiae,
2039 713 2083 729 non
2102 714 2158 730 vero

1590 742 1764 765 diuturnitatem
1792 744 1852 765 vitae
1875 750 1916 766 nec
1941 745 2091 772 cupiditatem
2118 752 2158 774 pe-

1591 783 1672 804 cuniae
1690 788 1732 804 nec
1749 783 1891 810 impietatem
1909 784 2025 806 vindictae
2042 785 2086 807 312
2098 791 2110 807 a
2127 797 2158 802 -

1591 822 1703 843 contraria
1722 822 1787 844 saluti
1806 825 1898 845 nostrae
1916 823 1951 845 vel
1969 824 2066 851 proximi
2080 824 2156 852 displi-

1590 864 1625 882 cet
1652 861 1698 883 Deo
1724 860 1753 883 ibv
1779 861 1794 883 0
1812 874 1842 878 -
1860 863 1881 884 111
1900 868 1940 884 sua
1965 863 2075 890 petitione
2093 864 2157 886 multi

1591 900 1739 927 decipiuntur
1764 900 1818 923 ibid.
1845 914 1874 917 —
1896 901 2019 924 indiscrete
2046 903 2157 925 formatae

1590 940 1724 961 refelluntur
1742 939 1786 962 403
1804 946 1816 962 a
1828 953 1859 956 —
1872 941 1915 968 Qui
1933 945 2014 968 petunt
2031 942 2157 969 sinceriter,

1590 979 1716 1005 prudenter
1733 982 1755 1001 et
1773 979 1908 1002 fiducialiter
1933 980 2048 1008 accipiunt
2065 982 2157 1009 sapien-

1591 1018 1660 1044 tiam,
1678 1018 1789 1046 gratiam,
1807 1019 1958 1041 constantiam
1976 1020 2021 1042 312
2040 1026 2060 1046 a,
2078 1020 2093 1042 0

1638 1057 1710 1079 Perna
1729 1070 1758 1073 —
1776 1058 1882 1085 designat
1899 1065 1938 1080 cor
1957 1058 2001 1080 342
2020 1065 2031 1080 a

1638 1097 1723 1119 ramus
1740 1097 1817 1119 -ad
1844 1098 1912 1120 unius
1938 1098 2045 1120 iussionis
2071 1105 2153 1121 vocem

1589 1139 1682 1158 secutus
1699 1140 1733 1158 cst
1751 1137 1874 1158 Dominum
1898 1137 1938 1159 551
1962 1137 1975 1159 b
1998 1150 2030 1154 —
2051 1137 2155 1161 Christus

1590 1175 1610 1196 111
1630 1175 1680 1202 ipso
1698 1176 1769 1197 voluit
1792 1176 1921 1198 illuminare
1943 1177 2057 1204 praelatos
2080 1178 2125 1199 218
2143 1184 2155 1200 a

1591 1227 1617 1230 —
1636 1214 1754 1236 admirans
1772 1215 1793 1236 111
1811 1221 1853 1237 5110
1868 1216 1932 1243 Rege
1945 1216 2068 1238 maiestatis
2081 1217 2154 1239 domi-

1589 1254 1652 1275 nium
1671 1257 1692 1275 et
1710 1254 1842 1276 humilitatis
1864 1254 2003 1283 obsequium
2026 1256 2156 1283 refugiebat

1588 1293 1705 1314 lavacrum
1722 1294 1765 1315 252
1779 1292 1801 1315 0.
1820 1294 1865 1316 253
1882 1301 1903 1320 a,
1922 1294 1936 1316 0
1955 1307 1982 1310 —-
2001 1295 2042 1317 fuit
2059 1295 2156 1323 frigidus

1589 1335 1663 1354 mente
1685 1335 1707 1354 et
1728 1338 1838 1360 corpore,
1855 1333 1949 1361 quando
1967 1339 1992 1355 se
2009 1334 2156 1357 calefaciebat

1589 1372 1628 1392 281
1646 1371 1661 1393 0
1674 1385 1703 1387 -
1721 1375 1774 1399 post
1786 1372 1932 1400 negationem
1951 1373 2061 1400 poenituit
2077 1373 2121 1396 5350
2140 1373 2155 1396 b

1587 1423 1618 1427 —
1635 1411 1707 1433 linivit
1724 1412 1803 1433 oculos
1826 1418 1880 1434 suos
1903 1413 2056 1434 amaritudine
2073 1413 2154 1435 contri-

1588 1450 1656 1472 tionis
1676 1452 1721 1472 626
1742 1457 1753 1472 a
1775 1463 1803 1466 —-
1824 1457 1869 1473 non
1888 1451 1982 1474 habebit
1999 1452 2112 1479 pudorem
2131 1453 2154 1474 in

1589 1489 1673 1511 iudicio
1692 1490 1720 1511 de
1738 1496 1780 1512 sno
1798 1493 1892 1517 peccato
1911 1491 1955 1513 526
1974 1490 1989 1512 0

1636 1541 1665 1545 -—
1691 1534 1725 1551 est
1747 1529 1793 1551 dux
1819 1530 1933 1552 exercitus
1958 1531 2075 1553 christiani
2101 1534 2154 1559 post

1587 1567 1703 1591 Christum
1722 1570 1765 1591 -209
1784 1575 1795 1591 a
1818 1582 1848 1585 -—
1873 1570 1961 1597 accepit
1986 1570 2153 1598 plenitudinem

1589 1608 1706 1635 potestatis
1732 1608 1776 1630 514
1795 1615 1806 1630 a
1825 1621 1856 1625 -
1873 1609 1975 1631 Christus
2002 1610 2059 1631 fudit
2076 1610 2152 1632 oleum

1588 1653 1659 1674 super
1676 1651 1746 1675 capnt
1763 1648 1825 1674 cius,
1843 1654 1896 1670 cum
1914 1648 1934 1670 ei
1947 1649 2024 1671 claves
2036 1649 2152 1671 commisit

1589 1686 1632 1708 5ts
1651 1694 1662 1708 a
1682 1699 1712 1702 —-
1729 1690 1762 1709 est
1780 1687 1893 1709 stabilitus
1910 1694 1980 1715 supra
1999 1691 2088 1715 petram
2107 1688 2148 1710 471

1588 1725 1602 1747 0
1619 1738 1649 1742 —-
1668 1726 1690 1748 in
1709 1726 1777 1748 huius
1794 1727 1826 1749 rei
1840 1727 1938 1754 figuram
1951 1727 2012 1749 eruci
2026 1728 2107 1749 affixus
2119 1732 2153 1750 est

1587 1764 1641 1788 ibid.
1657 1778 1688 1782 —
1706 1767 1747 1788 tuit
1765 1766 1824 1788 lilius
1841 1767 1915 1788 olivae
1932 1767 2069 1793 sanctitatis,
2082 1770 2153 1789 11105-

1586 1809 1619 1827 set
1644 1811 1751 1827 summus
1776 1806 1885 1828 sacerdos
1912 1806 1942 1828 ad
1970 1806 2151 1828 consecrandam

1587 1844 1709 1866 Ecclesiam
1728 1844 1772 1867 548
1791 1850 1803 1866 a

1633 1896 1659 1899 —
1681 1884 1775 1911 positus,
1788 1884 1809 1906 in
1828 1884 1925 1906 vinculis
1947 1884 2053 1912 designat
2074 1890 2153 1912 pecca-

1587 1926 1658 1945 torem
1677 1923 1706 1945 45
1725 1923 1747 1945 b.
1766 1923 1805 1945 131
1827 1929 1849 1945 a.
1869 1923 1914 1945 424
1926 1929 1938 1945 a
1951 1936 1980 1939 —
1993 1923 2099 1951 designat
2110 1926 2152 1946 sta-

1586 1965 1633 1984 tum
1653 1963 1808 1990 praelatorum
1827 1963 1871 1985 216
1889 1969 1901 1985 a

1634 2003 1718 2025 Peritos
1735 2008 1762 2024 ET
1782 2003 1864 2025 i’AULUS
1880 2015 1910 2018 —-
1927 2003 1998 2025 secuti
2020 2005 2073 2025 sunt
2090 2002 2152 2025 Chri-

1585 2045 1646 2064 stum
1665 2045 1689 2063 ut
1706 2043 1811 2069 Agnum,
1830 2042 1966 2068 Doctorem,
1988 2042 2087 2069 Regem,
2113 2042 2151 2064 Pa-

1586 2084 1642 2103 trem
1661 2080 1705 2103 554
1724 2086 1737 2102 a
1754 2093 1785 2097 —
1801 2081 1872 2103 secuti
1891 2085 1943 2103 sunt
1959 2081 2041 2103 Christi
2054 2081 2150 2109 vestigia

1585 2120 1607 2142 in
1625 2120 1763 2147 humilitate,
1783 2123 1928 2147 paupertate,
1946 2120 2047 2147 caritate,
2065 2120 2150 2148 patien-

1585 2159 1614 2181 tia
1632 2158 1685 2182 ibid.
1703 2171 1734 2175 —
1751 2159 1823 2181 Nemo
1840 2162 1888 2181 erat
1906 2159 1939 2181 eis
1957 2160 1978 2181 in
2004 2159 2053 2181 istis
2070 2159 2150 2182 similis

1584 2198 1639 2221 ibid.
1657 2211 1685 2214 —
1709 2201 1773 2221 erant
1798 2198 1886 2220 nobiles
1912 2198 1994 2220 milites
2019 2198 2053 2220 sui
2079 2199 2150 2226 Regis

1584 2237 1639 2261 ibid.
1669 2250 1700 2254 —
1729 2238 1826 2260 Domino
1853 2238 1973 2260 astiterunt
2000 2241 2023 2260 ut
2052 2238 2149 2260 virtuosi

1584 2278 1713 2306 principes,
1730 2278 1814 2299 sensati
1831 2283 1971 2304 assessores,
1985 2277 2064 2299 devoti
2076 2283 2149 2299 sacer-

1584 2318 1650 2339 dotes
1667 2317 1711 2339 528
1731 2317 1746 2338 0
1763 2329 1794 2333 --
1811 2316 1940 2344 ligurantur
1959 2316 1981 2338 in
1994 2316 2056 2338 Ethai
2074 2316 2119 2338 554
2133 2315 2147 2338 0

1630 2369 1660 2372 —
1679 2362 1733 2378 vere
1759 2361 1874 2383 pauperes
1900 2357 1991 2377 luerunt
2015 2355 2060 2377 549
2082 2354 2096 2376 0
2117 2366 2148 2371 -

1584 2395 1707 2423 Explicatio
1733 2394 1787 2418 ibid.
1817 2407 1845 2411 —
1874 2395 1959 2417 Rerum
1987 2394 2147 2422 temporalium

1582 2435 1699 2457 derelictio
1717 2434 1739 2456 in
1762 2434 1794 2456 eis
1817 2434 1945 2457 ostenditur
1966 2433 2109 2456 admirabilis
2125 2436 2148 2455 et

1583 2474 1721 2496 universalis
1745 2472 1800 2496 ibid.
1825 2485 1856 2490 -
1879 2477 1903 2496 ut
1928 2476 2022 2500 possent
2047 2473 2147 2500 perfecte

1583 2513 1708 2535 bominum
1726 2518 1853 2540 pauperem
1872 2512 1950 2540 sequi,
1968 2512 2045 2533 onmia
2061 2517 2147 2539 tempo-

1582 2553 1636 2574 ralia
1655 2551 1788 2574 abiecerunt
1805 2552 1850 2573 550
1868 2551 1883 2573 0
1907 2564 1935 2566 -
1952 2551 2000 2573 noe
2024 2551 2146 2573 illustratur

1581 2591 1770 2614 similitudinibus
1788 2590 1842 2613 ibid.
1858 2603 1890 2607 —
1907 2590 2050 2619 reliquerunt
2067 2596 2147 2618 pecca·

1582 2635 1644 2659 tum,
1662 2631 1775 2653 mundum
1794 2634 1816 2652 et
1833 2630 1984 2658 semetipsum
2001 2629 2031 2652 ib.
2049 2635 2061 2652 a

1627 2682 1657 2686 -
1667 2670 1767 2698 Uterque
1780 2670 1914 2692 vulneratus
1925 2673 1947 2691 et
1957 2672 2049 2691 curatus
2061 2671 2095 2691 est
2103 2674 2145 2696 per

1580 2709 1738 2731 contritionem
1757 2709 1801 2731 547
1820 2715 1832 2730 a
1850 2721 1879 2724 -
1892 2708 2016 2736 Utriusque
2026 2708 2072 2730 vita
2086 2708 2146 2735 iugis

1581 2749 1720 2776 poenitentia
1748 2748 1788 2770 fuit
1805 2747 1833 2770 ib.
1857 2747 1872 2769 b
1896 2760 1927 2765 -
1952 2747 2144 2769 commendantur

1580 2788 1657 2816 quoad
1676 2787 1782 2810 meritum
1808 2787 1922 2814 perfectae
1948 2786 2038 2809 virtutis
2059 2786 2144 2808 010111-

1579 2827 1640 2849 cium
1658 2827 1755 2849 eximiae
1772 2826 1890 2854 dignitatis
1907 2826 1951 2848 546
1965 2825 1980 2848 0
1997 2838 2026 2842 -
2045 2826 2143 2854 Uterque

1580 2866 1621 2889 fuit
1638 2866 1696 2889 nnus
1713 2866 1755 2888 olei
1773 2866 1870 2888 laetitiae
1893 2866 2026 2893 spiritualis,
2044 2870 2066 2887 ut
2083 2868 2144 2887 esset

1580 2909 1659 2934 pastor
1676 2905 1824 2928 fidelissimus
1835 2905 1865 2927 ad
1877 2905 2054 2933 gubernandam
2068 2905 2144 2927 Eccle-

1579 2945 1635 2967 siam
1654 2945 1698 2968 548
1719 2945 1732 2967 0
1751 2958 1780 2961 —-
1797 2948 1861 2967 erant
1879 2945 1915 2967 lilii
1938 2945 1981 2967 olei
1999 2945 2093 2972 triplicis
2109 2950 2143 2966 sa-

1579 2987 1678 3014 pientiae
1690 2986 1819 3014 perfidem,
1830 2992 1895 3014 spem
1909 2988 1931 3008 et
1942 2986 2058 3008 caritatem
2071 2985 2116 3007 547
2127 2984 2142 3007 1)
