2269 3448
366 188 419 216 160

616 226 670 248 pun

410 266 567 288 PunGATonium
585 277 615 281 —
632 265 694 291 lusti,
707 264 746 293 qui
759 264 781 286 in
794 263 876 286 veniali
889 263 929 285 de—

362 306 455 333 cedunt,
472 306 509 327 vel
527 311 568 332 pro
586 304 677 326 mortali
690 310 734 326 non
747 304 838 331 plenam
853 302 930 331 poeni-

363 345 455 367 tentiam
474 347 579 372 egerunt,
596 344 618 365 in
636 344 718 371 poenis
735 345 864 371 purgentur
884 342 928 364 608

363 383 378 406 b
396 396 426 400 —-
443 384 486 412 Qui
504 390 575 411 super
588 383 763 405 fundamentum
777 382 830 404 fidei
842 388 930 404 crema-

363 423 416 445 bilia
435 423 568 450 aedificant,
586 428 680 445 necesse
692 425 733 449 cst,
745 425 769 444 ut
786 422 864 450 ignem
879 428 931 449 pur>

363 463 478 490 gatorium
497 464 615 484 transeant
631 462 677 484 605
690 461 705 483 l)
721 474 752 478 —
770 461 830 489 ignis
848 466 931 489 purga-

363 502 415 524 torii
433 502 528 530 gravior
545 504 579 523 est
596 501 658 523 omui
682 504 809 527 tormento,
826 500 890 529 quod
908 500 930 522 in

364 543 408 564 hoc
426 541 514 564 mundo
532 540 655 568 excogitari
674 543 749 568 potest
766 540 810 562 607
824 546 834 561 a

412 581 553 603 Pentri-:Ario
571 593 601 596 —
618 586 665 602 non
682 580 810 607 imponitur
828 579 868 601 nisi
890 579 932 600 im-

365 620 459 643 mundis
485 620 529 642 648
556 619 570 641 1)
597 632 625 635 ——
652 619 699 641 Non
726 622 758 640 est
784 618 844 640 aliud
869 618 931 646 loqui

365 660 395 682 de
420 659 599 681 sanctificatione
624 664 695 686 quam
721 658 750 680 de
772 657 932 685 purificatione

366 698 407 721 641
430 705 441 720 3

413 750 443 754 -
460 737 614 766 quadraginta
638 737 728 759 dierum
753 736 888 763 designatur
911 735 932 757 in

364 777 435 805 Lege,
453 777 473 798 in
492 776 614 804 prophetia
632 779 654 798 et
671 777 692 798 111
711 776 837 803 Evangelio
855 775 899 797 635
918 774 933 796 b

365 828 395 832 —
413 816 555 844 prophetalis
571 818 605 837 est
622 815 767 837 excellentior
784 814 850 842 legali
863 815 907 837 636
921 820 932 836 a

365 868 396 872 -
413 855 491 883 legalis
508 858 541 877 est
559 861 585 877 ex
604 855 693 881 timore,
706 854 849 882 prophetalis
860 860 886 876 ex
898 860 934 876 ar-

365 895 423 917 dore
445 899 468 917 et
492 895 625 922 evangelica
652 900 678 916 ex
696 894 790 916 dulcore
808 893 853 915 635
871 893 886 915 1)
903 905 933 910 -

365 935 427 956 Haec
444 934 523 962 triplex
543 933 671 961 purificatio
689 933 825 960 designatur
837 933 858 954 in
877 932 934 954 ieiu-

414 1209 586 1237 Quannacnsma
600 1220 628 1224 —
641 1209 717 1236 Quare
735 1208 756 1230 in
773 1208 823 1230 eius
839 1208 934 1235 primor-

366 1248 405 1271 dio
422 1248 530 1270 recitetur
544 1248 695 1275 Evangelium
708 1248 737 1269 de
750 1247 833 1270 Christi
850 1247 934 1269 ieiunio

367 1291 389 1310 et
412 1288 536 1310 tentatione
558 1288 602 1309 208
621 1293 641 1314 a,
660 1287 674 1309 b
691 1299 722 1303 —
740 1288 761 1308 lu
780 1287 935 1315 Quadragena

367 1327 445 1350 educit
458 1333 499 1349 nos
512 1327 623 1349 Dominus
640 1327 669 1348 de
687 1329 745 1348 statu
764 1326 851 1354 peccati
865 1326 910 1348 527
922 1332 933 1347 3

367 1379 397 1383 -
414 1367 461 1388 Hoc
479 1369 583 1394 tempore
600 1365 715 1388 debemus
733 1366 806 1388 Deum
823 1371 936 1394 quaerere

367 1412 409 1434 per
425 1406 607 1433 recognitionem
626 1405 806 1431 beneficiorum,
824 1411 936 1432 compun-

368 1446 468 1468 ctionem
492 1447 651 1473 peccatorum,
673 1444 860 1472 compassionem
882 1444 936 1466 affli—

368 1488 471 1512 ctorum,
492 1484 682 1507 consuetudinem
707 1483 836 1506 orationum
860 1483 905 1505 212
923 1489 934 1505 3

416 1761 517 1782 1111151103
534 1772 565 1776 -
588 1759 695 1787 designat
720 1759 804 1781 malum
831 1758 936 1780 Christia-

368 1806 424 1822 num
444 1799 488 1821 427
506 1798 520 1821 l]

416 1839 478 1861 Rici
496 1851 526 1854 —
543 1841 577 1860 est
594 1837 721 1860 interiectio
733 1837 876 1865 indignantis
891 1837 935 1859 376

370 1878 385 1900 b
401 1890 433 1894 —-
450 1878 613 1905 interpretatur
631 1883 719 1899 vacuus
736 1876 791 1899 ibid.

417 1918 506 1939 Raetici.
523 1929 553 1933 —
571 1917 733 1944 interpretatur
751 1916 834 1938 videns
855 1915 937 1943 princi—

371 1957 442 1984 pium,
462 1957 512 1979 sive
529 1956 611 1978 videns
634 1956 705 1978 Deum
728 1956 772 1977 303
791 1962 802 1977 a
825 1967 855 1971 ——
876 1955 936 1978 desi-

370 1999 425 2024 gnat
442 1996 512 2018 vitam
531 1996 734 2023 contemplativam
752 1994 807 2017 ibid.

418 2036 501 2057 Ranlus
518 2047 548 2051 -
566 2034 778 2062 perpendicularis,
796 2034 891 2062 quando
903 2040 937 2055 ca-

370 2075 403 2097 dit
431 2077 491 2097 recte
516 2080 587 2101 super
612 2073 742 2101 obiectum,
769 2073 891 2095 revertitur
914 2073 936 2094 in

370 2120 438 2136 suum
457 2112 569 2141 originale
595 2113 734 2140 principium
759 2112 803 2134 480
821 2118 834 2134 3
856 2124 886 2128 -
908 2112 938 2134 111-

371 2153 451 2176 cidens
468 2155 490 2175 et
506 2152 609 2175 resiliens
627 2152 767 2174 constituunt
780 2152 888 2180 aequales
900 2157 938 2173 an—

372 2193 439 2221 gulos
454 2193 498 2214 228
512 2198 523 2214 3
537 2205 565 2207 -
579 2192 682 2214 incidens
700 2191 805 2219 designat
818 2194 937 2219 aspectum

371 2232 486 2260 passionis
503 2233 614 2254 fraternae
632 2230 686 2253 ibid.
711 2244 741 2246 —
762 2230 865 2253 resiliens
882 2230 938 2253 desi·

371 2274 425 2300 gnat
441 2272 548 2293 affectum
566 2270 733 2298 compassionis
749 2269 802 2292 ibid.

419 2311 491 2333 Ramx
507 2322 538 2326 -—
551 2310 579 2332 de
591 2312 649 2332 terra
663 2310 745 2332 sitienti
758 2310 877 2338 consurgit
888 2310 938 2332 sine

372 2351 471 2372 humore
488 2350 606 2377 superfluo
625 2349 669 2371 325
688 2348 703 2371 b
720 2362 749 2364 —
768 2349 837 2371 habet
854 2350 938 2377 asperi-

371 2392 452 2416 tatem,
470 2388 650 2417 profunditatem
663 2391 685 2410 et
703 2389 864 2411 fecunditatem
883 2389 912 2411 52
925 2395 937 2410 a

371 2440 401 2445 —
418 2427 483 2450 Circa
508 2427 609 2450 radicem
636 2430 737 2449 stercora
763 2430 888 2455 ponuntur,
910 2433 938 2449 ne

371 2467 441 2489 arbor
459 2470 537 2494 pereat
554 2467 598 2489 288
617 2472 629 2488 3
646 2479 676 2483 -
689 2467 758 2489 flante
770 2467 871 2495 zephiro,
885 2473 937 2495 pro-

372 2507 435 2529 ducit
459 2507 540 2528 ssorem
559 2507 604 2528 282
622 2512 634 2528 3
661 2519 689 2521 -
708 2507 737 2528 Ex
763 2506 840 2528 vitiata
860 2507 938 2529 radice

372 2546 502 2574 procedunt
518 2546 576 2567 rami
594 2548 616 2567 et
639 2546 725 2567 fructus
743 2546 795 2567 mali
813 2545 856 2567 436
876 2545 891 2567 b
908 2558 938 2562 —-

372 2588 468 2607 vocatur
486 2584 589 2607 Christus
606 2588 701 2612 propter
719 2588 764 2607 tres
787 2585 938 2613 proprietates

374 2624 403 2646 52
422 2630 433 2645 3
460 2636 490 2640 ——
512 2624 619 2651 designat
644 2624 806 2646 inconcussam
830 2624 937 2646 virtutem

373 2663 401 2685 33
420 2663 435 2685 b

420 2703 497 2724 Ranus
518 2715 543 2717 —
561 2701 651 2724 arboris
665 2702 734 2724 nimis
746 2702 856 2729 deflexus,
868 2708 938 2731 quam

373 2742 417 2764 cito
435 2741 555 2768 deseritur,
574 2741 656 2763 iterum
675 2741 733 2763 redit
750 2741 795 2762 288
813 2747 826 2762 3

421 2781 498 2802 Ranae
515 2792 546 2796 —
563 2780 592 2802 (le
610 2779 751 2808 quibusdam
770 2780 829 2802 foliis
846 2780 868 2802 in
893 2786 939 2803 mo-

372 2820 424 2842 dico
443 2823 546 2847 tempore
564 2819 625 2841 nasci
643 2819 752 2841 dicuntur
773 2819 829 2841 241)
846 2832 876 2835 —-
890 2826 939 2847 pos-

373 2862 425 2881 sunt
443 2858 538 2886 produci
557 2864 569 2880 a
588 2858 741 2880 daemonibus
757 2857 812 2881 ibid.

420 2898 522 2920 Raetiam„
541 2910 569 2913 ——
588 2898 749 2925 interpretatur
768 2898 880 2920 medicina
898 2898 938 2920 Dei

373 2937 417 2958 616
436 2936 458 2958 b.
476 2937 521 2959 620
548 2936 570 2958 1).
597 2937 641 2958 625
668 2936 682 2958 b
707 2949 738 2952 —
759 2937 882 2964 liaphaelis
905 2940 939 2959 est

373 2981 454 2997 curare
472 2982 483 2997 a
502 2976 568 3003 culpa
587 2976 631 2997 617
650 2975 664 2997 l]
682 2989 711 2991 —
735 2975 801 2998 nohis
827 2976 939 2998 ministrat

963 263 1000 285 nio
1018 263 1097 290 Moysi,
1110 262 1169 284 Eliae
1181 265 1203 284 et
1214 261 1297 285 Christi
1314 261 1368 284 ibid.
1381 274 1411 278 —
1424 263 1478 284 ltem
1494 262 1531 284 de-

963 302 1067 330 signatur
1085 302 1105 324 in
1128 302 1288 330 purificatione
1312 301 1396 323 Mariae
1420 300 1475 324 ibid.
1500 313 1530 317 —

964 342 1096 369 evangelica
1115 341 1283 370 praesupponit
1299 341 1358 363 (luas
1380 341 1435 362 alias
1452 341 1496 362 636
1515 340 1530 363 b

963 394 993 396 —
1011 382 1068 403 istae
1085 384 1131 403 tres
1148 381 1320 408 purificationes
1337 383 1391 402 sunt
1411 380 1531 402 ordinatae

964 419 1017 443 ibid.
1039 433 1070 436 —
1093 420 1166 442 Prima
1191 423 1225 442 est
1248 420 1406 448 purificativa‚
1429 419 1530 442 secunda

964 460 1032 482 etiam
1046 460 1209 488 illuminativa,
1222 459 1286 481 tertia
1298 459 1393 486 iusuper
1405 459 1530 486 perfectiva

964 498 1019 522 ibid.
1048 512 1076 514 —
1102 499 1235 526 evangelica
1259 499 1366 526 provenit
1388 504 1415 520 ex
1437 498 1531 520 dulcore

965 538 1120 561 miserationis
1137 544 1251 566 supernae
1269 537 1299 560 ib.
1319 544 1331 559 a

1013 590 1043 593 —-
1060 577 1194 600 Sublimitas
1211 577 1279 599 huius
1303 577 1430 599 festivitatis
1453 577 1533 605 appel-

965 617 1006 639 lari
1024 620 1099 644 potest
1117 616 1225 644 perfectio
1243 616 1310 644 Legis
1327 616 1394 638 6483
1412 629 1443 632 -
1456 617 1477 638 111
1490 617 1533 638 hac

966 656 1109 679 solemnitate
1127 659 1188 678 totus
1208 656 1310 678 mundus
1327 656 1482 678 sanctificatus
1500 659 1534 678 est

967 701 1008 723 per
1025 695 1140 718 Christum
1160 695 1204 717 642
1224 695 1237 717 1)
1261 707 1291 711 ——
1308 695 1463 717 solemnitatis
1486 701 1534 717 ma-

967 736 1022 757 teria
1040 738 1073 757 est
1090 734 1175 757 oblatio
1193 735 1264 757 Prolis
1277 738 1298 756 et
1310 735 1440 762 purificatio
1458 735 1534 757 Matris

967 775 1011 796 633
1031 774 1052 796 b.
1072 774 1111 796 641
1134 781 1154 796 3,
1174 774 1218 796 653
1232 774 1247 795 b
1259 787 1289 790 —
1302 774 1431 802 Utrumque
1448 777 1482 796 est
1494 773 1533 796 ad<

967 813 1084 841 mirabile,
1102 813 1234 836 venerabile
1252 816 1274 835 et
1290 813 1407 841 singulare
1419 814 1463 835 653
1476 813 1491 835 l]
1505 826 1533 829 —

968 855 989 875 ln
1008 853 1044 875 his
1059 853 1202 881 significatur
1219 853 1350 881 purificatio
1368 853 1534 875 ecclesiasticae

968 893 1109 915 hierarchiae
1130 896 1152 915 et
1169 892 1284 915 inchoatio
1302 892 1444 914 oblationum
1468 892 1534 914 sacri-

968 932 1073 954 ficiorum
1099 932 1197 954 iustitiae
1221 931 1265 954 634
1283 938 1295 953 a
1319 944 1350 947 —
1372 931 1431 960 Quid
1454 931 1535 954 innua-

1227 1064 1270 1122 Q

968 1220 998 1223 —
1021 1206 1138 1229 Debemus
1160 1208 1234 1229 facere
1260 1207 1438 1234 poenitentiam,
1461 1206 1536 1228 donec

969 1250 1060 1274 praesto
1078 1249 1111 1269 est
1129 1246 1286 1268 misericordia
1306 1246 1344 1268 Dei
1363 1245 1416 1268 ibid.

1016 1286 1138 1314 Quasnam
1155 1298 1185 1302 —
1203 1287 1322 1314 Quaerens
1339 1286 1395 1307 sciat
1409 1285 1535 1314 quat-rendi

969 1326 1031 1347 viam
1049 1328 1071 1347 et
1090 1325 1185 1348 modum
1204 1325 1233 1347 92
1252 1331 1264 1346 3
1284 1338 1311 1340 -
1331 1325 1448 1353 inquisitio
1466 1324 1536 1346 debet

969 1371 1020 1387 esse
1037 1365 1144 1391 sollicita,
1167 1365 1249 1391 avida,
1275 1368 1367 1387 strenua
1395 1364 1439 1386 407
1466 1364 1481 1386 1)
1506 1376 1536 1380 ——

970 1405 1020 1427 Sola
1034 1404 1119 1426 veritas
1136 1404 1274 1433 inquirenda
1287 1407 1321 1426 est
1340 1404 1383 1426 408
1395 1403 1409 1425 i)
1423 1417 1449 1419 —
1464 1404 1537 1432 Quae-

969 1444 1067 1466 rendum
1087 1447 1121 1465 est
1138 1443 1225 1465 bonum
1244 1443 1354 1465 amissum
1376 1446 1484 1469 naturae,
1502 1449 1536 1465 oc-

969 1483 1055 1505 cultum
1074 1483 1213 1511 scripturae,
1230 1485 1345 1505 remotum
1363 1482 1451 1510 gloriae
1468 1482 1511 1504 410
1524 1488 1536 1504 3

1231 1615 1278 1662 R,

969 1758 1108 1780 medicinam
1134 1761 1212 1780 contra
1237 1758 1375 1785 pronitatem
1397 1758 1425 1780 ad
1450 1758 1535 1780 malum

969 1797 1014 1819 620
1032 1797 1047 1819 b
1065 1810 1095 1814 -
1112 1797 1190 1819 educit
1206 1804 1249 1819 nos
1266 1797 1296 1819 ab
1313 1798 1445 1820 infirmitate
1467 1797 1536 1819 animi

969 1836 999 1859 ad
1011 1837 1191 1859 amaritudinem
1204 1837 1347 1859 contritionis
1362 1837 1407 1859 625
1420 1837 1435 1859 1)
1450 1850 1476 1852 -
1490 1843 1536 1859 11011

969 1876 1009 1898 dat
1026 1877 1239 1904 compunctionem,
1257 1877 1296 1898 sed
1314 1877 1413 1899 ostendit
1426 1877 1488 1899 viam
1507 1877 1535 1899 ad

970 1916 1044 1943 ipsam
1063 1915 1115 1938 ibid.
1131 1928 1161 1932 —
1179 1922 1221 1938 1105
1239 1916 1316 1938 educit
1327 1916 1357 1938 de
1369 1916 1479 1938 servitute.
1491 1916 1537 1938 dia-

970 1954 1016 1977 boli
1026 1955 1189 1983 persuadendo
1199 1955 1266 1977 nobis
1276 1956 1412 1977 memoriam
1422 1955 1537 1983 passionis

970 1994 1053 2017 Christi
1071 1995 1115 2017 626
1134 2001 1146 2017 3
1169 2007 1199 2011 -
1217 1994 1298 2017 liberat
1315 2001 1357 2017 1105
1379 2001 1391 2016 3
1415 1995 1537 2017 contrarie-

971 2036 1015 2056 tate
1029 2034 1075 2060 Dei,
1087 2040 1157 2062 quan]
1171 2034 1311 2056 incurrimus
1323 2040 1364 2062 per
1376 2035 1496 2060 offensam,
1509 2034 1538 2055 in·

970 2073 1077 2095 ducendo
1096 2079 1137 2095 nos
1154 2073 1182 2095 ad
1200 2073 1331 2095 instantiam
1350 2073 1459 2095 orationis
1477 2073 1505 2095 ib.
1522 2072 1537 2094 b

1017 2113 1088 2135 Rmo
1107 2125 1134 2128 —
1152 2112 1196 2134 sub
1214 2113 1359 2141 quadruplici
1377 2115 1484 2140 respectu
1502 2118 1537 2134 re-

971 2152 1070 2180 quiritur
1087 2158 1099 2174 a
1117 2153 1181 2180 Rege
1198 2158 1280 2179 regum
1299 2152 1328 2174 sle
1340 2152 1477 2174 munoribus
1495 2152 1537 2174 col-

970 2192 1033 2219 latis,
1058 2191 1219 2218 sermonibus,
1244 2191 1368 2219 operibus,
1393 2191 1538 2219 temporibus

971 2231 1078 2259 expensis
1096 2230 1140 2253 440
1158 2230 1182 2253 h.
1205 2231 1245 2253 441
1268 2237 1280 2253 3
1306 2243 1336 2247 -
1359 2231 1477 2253 reddenda
1504 2233 1539 2253 est

971 2270 1126 2298 principaliter
1146 2270 1175 2292 de
1198 2270 1324 2292 immundis
1346 2270 1537 2298 cogitationibus,

971 2309 1036 2332 duris
1053 2309 1212 2337 sermonibus,
1232 2309 1310 2337 pravis
1328 2309 1446 2331 maleficiis
1464 2309 1508 2331 386
1523 2309 1537 2331 b

972 2362 1001 2364 —
1019 2349 1052 2371 Ad
1076 2349 1187 2371 rationem
1214 2349 1358 2371 reddendam
1385 2355 1429 2371 11011
1455 2349 1538 2371 suflicit

971 2388 1067 2416 iustitia,
1085 2388 1125 2410 sed
1138 2389 1236 2416 peteuda
1251 2391 1283 2411 est
1297 2388 1454 2410 misericordia
1467 2388 1507 2410 441
1525 2394 1536 2410 3

1018 2440 1048 2443 -
1067 2428 1107 2449 Per
1124 2428 1235 2449 rationem
1248 2428 1323 2449 anima
1341 2428 1460 2455 cognoscit
1476 2434 1500 2450 se
1516 2431 1538 2449 et

971 2467 1134 2494 cognoscendo
1152 2472 1176 2488 se
1193 2467 1312 2494 cognoscit
1328 2467 1383 2488 alias
1398 2466 1538 2489 substantias

971 2506 1101 2534 spirituales
1123 2506 1164 2527 162
1182 2505 1197 2527 b
1216 2519 1243 2522 —
1258 2506 1281 2527 tit
1298 2506 1405 2533 expedita
1424 2506 1444 2527 in
1458 2512 1537 2533 corpo-

972 2545 1002 2567 ris
1020 2545 1165 2573 depositione
1182 2548 1204 2567 et
1221 2545 1359 2572 cognitionis
1371 2545 1537 2572 aenigmaticae

972 2585 1123 2607 evacuatione
1141 2583 1185 2606 449
1198 2590 1210 2606 a
1226 2597 1253 2599 —
1267 2584 1359 2606 inclinat
1376 2590 1418 2605 uos
1430 2584 1458 2606 ad
1472 2590 1537 2612 supe·

973 2624 1032 2646 11013
1051 2624 1095 2645 637
1108 2630 1119 2645 3
1138 2635 1168 2639 -
1186 2623 1313 2645 Rationalia
1330 2626 1382 2645 sunt
1401 2623 1495 2645 arbitrio
1512 2623 1536 2645 li-

974 2662 1027 2685 bera
1047 2663 1087 2685 551
1109 2669 1120 2684 3
1139 2675 1169 2679 -
1193 2663 1257 2684 Solae
1275 2662 1396 2684 rationales
1413 2665 1536 2690 potestates

972 2704 1025 2724 sunt
1042 2702 1071 2724 ad
1089 2702 1194 2729 opposita
1213 2701 1240 2724 ib.
1260 2701 1274 2723 b

1021 2754 1049 2756 —
1066 2741 1160 2763 inferior
1178 2740 1247 2763 habet
1264 2741 1313 2768 regi
1331 2747 1343 2762 a
1360 2741 1448 2762 ratione
1469 2746 1538 2768 supe-

973 2780 1032 2802 riore
1051 2780 1095 2802 214-
1114 2786 1125 2801 3
1143 2792 1173 2796 —
1191 2781 1213 2802 ln
1231 2780 1281 2802 eius
1298 2780 1411 2808 superiori
1433 2780 1538 2807 portione

972 2820 1058 2841 relucet
1075 2819 1157 2841 Christi
1175 2819 1253 2847 imago
1275 2822 1297 2841 et
1316 2819 1440 2841 similitudo
1463 2819 1507 2840 509
1525 2824 1537 2840 a

973 2871 1000 2874 ——«
1026 2859 1049 2880 ln
1072 2858 1153 2880 eadem
1181 2862 1245 2886 parte
1268 2861 1302 2880 est
1324 2859 1417 2880 devotio
1435 2857 1489 2881 ibid.
1508 2870 1538 2874 —

971 2898 1077 2925 superior
1094 2898 1229 2925 designatur
1252 2904 1293 2925 per
1311 2897 1430 2919 mulierem
1450 2897 1539 2919 Chana-

972 2943 1068 2963 naeam;
1086 2937 1186 2963 inferior,
1205 2943 1246 2965 per
1263 2937 1312 2959 eius
1331 2937 1398 2958 [iliam
1421 2936 1465 2958 2114
1483 2943 1503 2964 a,
1524 2936 1538 2958 b

972 2988 1002 2992 —
1019 2976 1143 3003 Explicatio
1161 2975 1215 2999 ibid.
1233 2988 1262 2992 —-
1281 2977 1380 2998 humana
1393 2976 1488 3004 eiusque
1506 2982 1538 2997 ar-

911 184 1010 213 INDEX
1034 184 1274 212 ALPHABETICUS
1294 183 1372 212 NONt
1396 183 1583 212 VOLUMINIS.

1821 222 1878 244 11Εο

1564 264 1601 283 tur
1618 261 1641 283 in
1660 260 1848 289 processionibus
1866 261 1968 288 magnis,
1986 267 2046 290 quae
2064 261 2132 283 hodie

1564 300 1623 323 110111
1639 300 1685 322 642
1702 299 1717 322 b

1612 340 1706 362 1301111115
1716 352 1744 355 -
1756 339 1834 362 cordis
1846 339 1870 361 111
1882 345 1923 367 per
1935 340 2097 367 poenitentiam
2111 343 2134 362 et

1566 379 1698 407 patientiam
1717 379 1763 402 534
1775 385 1795 405 3,
1808 378 1823 401 h
1835 392 1864 395 —
1878 379 1961 407 Quales
1972 385 2022 401 esse
2034 379 2134 401 debeant

1566 418 1658 446 puritati
1677 418 1795 440 studentes
1813 418 1858 440 655
1871 424 1883 440 3
1897 431 1924 433 -
1938 424 1984 440 11011
1997 420 2133 446 potestesse

1565 458 1615 480 sine
1632 457 1777 485 simplicitate
1794 458 1871 480 cordis
1889 458 1933 479 660
1952 457 1966 479 b
1985 471 2013 473 —
2031 458 2134 486 disponit

1566 498 1595 520 ad
1612 497 1689 519 visum
1702 496 1756 520 ibid.
1776 510 1801 512 —
1822 503 1875 519 cum
1893 497 2038 524 simplicitate
2056 497 2134 525 dispo—

1567 538 1598 559 nit
1615 537 1643 559 ad
1662 537 1755 559 affatum
1774 536 1828 559 ibid.
1845 549 1875 552 —
1894 537 2006 559 Dominus
2025 540 2059 559 est
2076 537 2134 559 mul-

1567 580 1615 599 tum
1633 577 1752 604 zelotypus
1770 576 1799 598 de
1817 577 1917 604 puritate
1935 579 2011 598 nostra
2030 577 2074 598 522
2092 583 2104 598 3

1615 616 1716 638 Pannona
1733 628 1764 632 -—
1782 619 1815 638 est
1833 616 1861 638 de
1878 616 1991 643 sanguine
2011 616 2135 638 conchilio-

1567 662 1618 678 rum
1636 658 1658 678 et
1675 658 1709 677 est
1725 655 1889 677 vestimentum
1907 655 1998 682 regium
2019 655 2063 677 638
2077 654 2092 677 b
2104 667 2134 671 —

1567 695 1681 723 significat
1699 695 1816 717 caritatem
1835 693 1888 717 ibid.

1615 735 1793 756 130511111111111115
1804 746 1834 750 -
1847 737 1881 756 est
1892 740 1962 756 causa
1974 734 2054 756 ruinae
2064 734 2108 756 217
2119 733 2134 755 1)

1569 786 1597 789 —
1616 774 1715 802 Quidam
1734 773 1819 795 habent
1844 773 1873 795 ita
1891 773 1949 795 viles
1971 773 2134 802 cogitationes,

1568 813 1632 842 quod
1648 819 1694 835 non
1715 815 1811 840 possunt
1835 812 1922 841 aliquid
1944 813 2016 835 altum
2034 813 2135 835 conside

1568 858 1619 875 rare
1637 853 1682 874 615
1700 851 1715 874 b

1616 892 1760 914 Prrmcoms
1780 904 1807 907 -
1822 891 1921 919 dicebat,
1934 894 2070 913 concentum
2084 897 2135 914 esse

1567 932 1719 959 sphaerarum
1738 931 1782 953 612
1800 930 1815 953 b

1569 1219 1599 1222 —
1618 1207 1665 1228 Hoc
1683 1206 1814 1228 faciendum
1833 1209 1867 1228 est
1884 1206 1988 1235 totaliter,
2006 1206 2136 1234 sinceriter,

1569 1245 1731 1273 longanimiter
1748 1245 1776 1268 ib.
1796 1245 1809 1267 b

1617 1285 1685 1313 Quoes
1701 1297 1731 1301 —
1754 1285 1802 1307 Non
1827 1285 1879 1307 licet
1899 1291 2012 1314 quaerere
2034 1286 2136 1314 quietem

1571 1330 1612 1346 nec
1630 1325 1651 1346 in
1669 1327 1728 1347 statu
1746 1325 1894 1352 praelationis
1911 1331 1954 1347 nec
1971 1325 1994 1347 in
2011 1329 2071 1348 statu
2084 1325 2137 1347 sub-

1570 1364 1673 1386 iectionis
1690 1363 1736 1386 675
1753 1370 1764 1385 a
1782 1376 1814 1380 —
1836 1367 1870 1386 est
1893 1364 1928 1386 ria
1946 1364 1976 1387 ad
1999 1365 2135 1392 sapientiam

1571 1403 1614 1425 469
1626 1403 1641 1425 b
1660 1416 1688 1419 -—
1706 1403 1839 1432 requiritur.
1857 1407 1880 1425 ut
1897 1404 2010 1426 Dominus
2022 1404 2043 1426 in
2062 1404 2136 1426 taber-

1571 1443 1652 1465 naculo
1670 1446 1747 1465 nostro
1765 1443 1895 1471 requiescat
1912 1444 1957 1465 675
1974 1443 1988 1465 b
2000 1456 2031 1460 —
2042 1444 2090 1466 Hoc
2107 1446 2137 1466 ta-

1571 1482 1721 1505 bernaculum
1731 1488 1758 1504 ex
1768 1482 1849 1510 triplici
1857 1489 1925 1505 causa
1937 1483 2076 1511 inquietatur
2083 1482 2137 1506 ibid.

1570 1761 1680 1786 gumenta
1700 1764 1741 1786 per
1758 1758 1865 1781 malleum
1883 1761 1905 1780 et
1922 1759 2086 1781 ferramentum
2108 1759 2137 1781 in-

1570 1797 1704 1825 telliguntur
1722 1797 1765 1819 688
1784 1804 1796 1819 a

1617 1837 1747 1859 RATtONM-ts
1765 1850 1792 1853 —
1812 1837 1960 1866 prosequitur
1981 1838 2039 1860 iusta
2061 1839 2102 1860 160
2124 1844 2136 1860 3

1569 1888 1600 1892 --
1626 1876 1757 1904 disponitur
1781 1877 1810 1899 ad
1839 1877 1995 1904 cognitionem
2022 1878 2070 1899 veri
2096 1884 2138 1905 per

1571 1916 1743 1944 inquisitionem
1762 1916 1805 1938 407
1824 1922 1835 1938 3
1854 1928 1885 1932 -
1906 1916 2012 1944 dirigitur
2038 1923 2079 1945 per
2096 1917 2138 1939 cla-

1571 1955 1660 1977 ritatem
1687 1955 1800 1977 internam
1827 1955 1872 1978 374
1902 1962 1913 1978 a
1941 1968 1972 1972 —
1999 1956 2137 1979 informatur

1573 1995 1743 2022 praedicatione
1761 1995 1806 2017 385
1824 2001 1835 2017 a
1854 2007 1884 2011 -—
1901 1998 2008 2017 movetur
2025 2002 2067 2024 per
2084 2002 2139 2018 con-

1571 2035 1646 2056 silium
1666 2034 1711 2057 535
1729 2034 1743 2056 l]

1618 2074 1719 2095 Rsnecca
1742 2086 1773 2089 —
1797 2074 1881 2102 figurat
1902 2074 2020 2102 Virginem
2044 2075 2137 2097 Mariam

1572 2113 1617 2134 660
1635 2118 1647 2134 a

1619 2152 1731 2174 Rncenrio
1749 2164 1779 2169 —
1798 2152 1821 2174 fit
1838 2158 1880 2180 per
1898 2153 1994 2175 modum
2007 2153 2137 2181 recipientis

1572 2195 1594 2213 et
1611 2197 1657 2214 non
1675 2198 1716 2219 per
1734 2192 1829 2214 modum
1852 2192 1938 2220 recepti
1961 2192 2001 2214 129
2020 2192 2042 2214 b.
2060 2193 2104 2215 633
2123 2192 2138 2215 b

1618 2231 1760 2253 Rem-imina
1777 2244 1806 2247 —
1824 2231 1954 2259 significant
1971 2232 2084 2254 mundum
2102 2238 2138 2254 re-

1572 2270 1701 2299 linquentes
1718 2270 1762 2292 676
1782 2270 1796 2292 b

1619 2310 1789 2332 Reconcmfflo
1807 2323 1835 2325 —
1854 2310 1977 2339 Postquam
1996 2311 2066 2333 homo
2088 2316 2138 2338 pec-

1571 2350 1632 2371 cavit
1658 2355 1703 2371 non
1728 2349 1803 2377 potuit
1825 2349 1853 2371 ad
1878 2350 1972 2377 plenum
1996 2350 2138 2372 reconciliari

1571 2389 1614 2410 nisi
1632 2395 1673 2416 per
1691 2391 1788 2410 mortem
1807 2388 1845 2410 11111
1862 2388 1903 2411 Dei
1921 2389 1966 2410 647
1984 2395 1995 2410 a

1619 2428 1747 2450 Rnc'riruno
1764 2440 1795 2443 —
1812 2428 1923 2450 illuminat
1940 2428 2074 2450 rationalem
2094 2428 2137 2450 410

1571 2474 1583 2490 3
1601 2479 1631 2484 -
1648 2467 1748 2489 excludit
1765 2467 1873 2489 malitiam
1892 2466 1946 2489 ibid.

1618 2507 1710 2529 Rsc'run
1728 2518 1755 2522 —-
1775 2509 1809 2528 est
1826 2506 1945 2534 quoddam
1959 2506 2061 2529 medium
2080 2507 2138 2529 inter

1572 2546 1618 2568 duo
1636 2550 1737 2568 extrema
1756 2546 1795 2567 261
1817 2551 1829 2567 3

1618 2585 1748 2607 1110301110
1760 2597 1790 2601 -
1808 2584 1906 2613 eiusque
1923 2585 2022 2612 pretium
2041 2585 2137 2613 figurata

1571 2627 1625 2646 50111
1642 2624 1663 2645 111
1681 2626 1755 2645 morte
1773 2622 1828 2645 Abel
1846 2626 1868 2645 et
1885 2624 1907 2645 in
1926 2623 2035 2646 omnibus
2052 2624 2138 2646 sacrifi-

1571 2663 1612 2685 ciis
1629 2663 1713 2684 veteris
1731 2662 1870 2685 Testamenti
1890 2663 1934 2684 260
1959 2669 1970 2684 3
1989 2676 2018 2678 -
2040 2669 2086 2685 11011
2104 2665 2138 2685 est

1571 2703 1680 2729 perfecta,
1698 2707 1822 2730 quousque
1840 2702 1966 2724 redimatur
1989 2702 2025 2724 ille
2042 2702 2082 2730 qui
2104 2705 2138 2724 est

1571 2740 1628 2763 liber
1645 2741 1778 2768 simpliciter
1796 2741 1841 2764 650
1855 2747 1867 2763 a
1885 2753 1915 2757 —
1933 2741 1964 2763 ihi
1982 2744 2015 2763 est
2032 2747 2138 2763 consum-

1572 2783 1645 2806 mata,
1664 2779 1704 2802 ubi
1722 2780 1807 2808 incepit
1828 2780 1980 2808 transgressio
2006 2779 2050 2802 264
2069 2780 2083 2802 1)
2108 2793 2136 2796 -

1571 2819 1706 2846 designatur
1718 2820 1891 2841 resuscitatione
1902 2819 2053 2841 adolescentis
2066 2819 2109 2841 412
2122 2818 2137 2840 b

1619 2871 1649 2873 —
1667 2858 1780 2886 Oportuit‚
1798 2858 1861 2886 quod
1880 2858 1940 2880 Deus
1951 2858 2081 2880 remedium
2099 2857 2137 2880 ad-

1573 2896 1662 2919 hiberet
1680 2897 1723 2919 317
1742 2904 1753 2919 3
1771 2909 1802 2913 -
1819 2897 1908 2919 Nullum
1927 2897 2025 2925 pretium
2043 2897 2138 2919 fuitsuf-

1573 2936 1662 2963 ficiens,
1686 2936 1727 2958 nisi
1746 2936 1806 2959 istud
1824 2936 1887 2965 quod
1906 2936 1980 2964 potuit
2002 2936 2074 2958 Deum
2093 2936 2137 2964 pla-

1572 2982 1624 2998 care
1642 2979 1664 2998 et
1681 2978 1774 3003 peccata
1792 2976 1913 2998 homiuum
1938 2980 2039 3003 purgare
2062 2975 2106 2996 260
2125 2980 2136 2996 3
