2269 3448
382 185 439 213 112

635 225 679 247 DlL

379 269 414 286 est
438 264 515 292 operis
542 264 586 286 234
604 270 616 286 8
638 276 669 281 ——-
692 264 836 286 Manifestum
855 265 947 292 signum

379 303 508 325 dilectionis
526 303 566 325 Dei
583 306 618 325 est
634 303 765 325 devotionis
777 304 880 326 caelestis
893 310 948 326 usus

380 342 425 364 500
444 342 459 364 1)
476 355 507 358 -
524 343 568 371 Qui
586 343 634 364 vult
651 343 756 371 experiri,
775 346 851 365 utrum
868 343 948 371 diligat

380 381 462 409 Deum,
481 382 624 409 ingrediatur
635 385 721 404 secreta
735 382 890 404 conscientiae
902 383 946 405 424

380 420 395 443 b
415 433 442 436 —
461 421 586 449 Diligentes
603 422 701 444 offerunt
718 422 836 449 myrrham
855 422 948 444 mortifi-

378 460 474 482 cationis
501 461 544 482 ι166
570 467 582 482 a
605 473 636 477 —
659 461 682 483 Si
707 461 826 489 diligimus
851 461 947 490 aliquid,

379 500 457 522 anima
475 500 494 522 ei
513 500 651 522 assimilatur
668 500 713 522 542
732 500 747 522 b

426 551 456 556 —
474 542 508 562 est
525 539 561 561 via
585 540 670 562 directa
694 540 723 562 ad
746 540 817 562 vitam
836 539 866 562 54
884 539 899 562 l)
916 552 946 556 —

379 578 457 601 divina
476 582 510 601 est
526 579 685 606 illuminativa,
703 579 857 606 aspernativa,
875 579 946 601 conti-

379 618 473 640 nuativa
492 618 531 640 421
553 624 566 640 8
578 631 608 634 -
620 618 659 640 (181
670 618 800 646 praeceptis
811 618 945 645 efficaciam,

378 656 504 679 virtutibus
526 658 632 683 sormam,
655 657 765 685 operibus
787 656 946 679 retributionis

379 702 515 719 mensuram
542 696 586 718 4t9
604 696 619 718 1)
636 709 667 713 -
684 700 755 718 totum
783 702 823 718 cor
845 696 946 724 applicat

380 736 410 758 ad
436 736 573 763 capiendam
599 736 727 758 doctrinam
754 736 799 757 592
817 742 829 757 8
846 748 877 752 -
895 736 946 758 facit

379 775 500 798 addiscere
512 775 562 797 sine
575 775 666 797 fictione
677 778 700 797 et
711 775 884 797 communicare
896 775 946 797 sine

378 814 531 836 aemulatione
556 813 611 836 ibid.
629 826 658 830 —
682 814 725 842 Qui
751 813 821 836 habet
845 814 945 836 calorem

378 854 506 876 dilectionis
523 854 545 875 in
563 854 634 876 corde
652 856 727 881 potest
745 854 819 881 magis
842 853 945 875 virtuosa

378 899 448 921 opera
466 899 573 915 exercere
591 893 636 914 589
654 899 665 914 a

425 945 455 948 —
485 932 583 961 Quando
612 932 689 954 anima
722 933 836 954 ferventer
864 932 946 959 diligit,

377 972 497 999 egreditur
514 975 575 994 extra
594 978 618 993 se
636 971 681 993 559
699 971 714 993 b
731 984 761 987 —
780 971 873 993 Dilectio
896 977 947 999 gra-

378 1011 421 1033 tiae
439 1011 523 1033 dicitur
541 1011 630 1039 lampas
648 1011 708 1039 ignis
720 1013 741 1033 et
753 1011 861 1033 flammae
873 1010 913 1033 341
931 1010 946 1032 b

377 1063 408 1067 —
425 1051 554 1072 inflammat
576 1051 671 1072 interius
688 1053 710 1072 et
727 1050 827 1072 exterius
844 1049 898 1073 ibid.
915 1062 946 1066 —

378 1090 431 1112 facit
448 1090 549 1112 animam
568 1090 718 1117 languescere
735 1096 791 1117 prae
808 1090 945 1112 8111018182

377 1135 390 1151 8
404 1141 432 1145 -
445 1129 518 1151 vincit
531 1133 628 1151 mortem
642 1129 681 1151 57l
699 1129 714 1151 b
728 1142 755 1144 —
769 1130 859 1157 Quanto
873 1129 946 1151 maior

378 1173 411 1191 est
429 1168 519 1191 dilectio
537 1172 559 1190 et
576 1168 639 1195 uuio,
658 1170 719 1190 tanto
742 1169 815 1190 maior
833 1171 867 1190 est
887 1169 946 1191 clele-

377 1208 445 1230 818110
465 1208 509 1229 258
527 1214 539 1229 8

424 1259 455 1263 -
472 1247 525 1269 Plus
542 1247 616 1274 placet
634 1247 681 1268 Deo
698 1246 789 1269 dilectio
807 1249 829 1269 et
840 1247 945 1269 aedifica-

377 1286 408 1308 tio
426 1286 524 1314 proximi
542 1292 612 1314 quam
631 1286 755 1308 maceratio
773 1286 878 1313 corporis
895 1292 945 1313 pro-

377 1325 421 1353 prii
440 1325 485 1347 567
502 1332 513 1347 8
533 1338 562 1340 -
575 1325 597 1347 Si
610 1331 652 1347 nos
665 1325 789 1352 diligamus
801 1325 882 1353 Deum,
895 1325 945 1352 ipse

376 1371 418 1387 nos
435 1364 528 1392 diliget,
546 1367 568 1386 et
589 1364 739 1392 desponsabit
755 1364 844 1387 animas
856 1367 945 1387 nostras

377 1410 431 1426 cum
444 1404 499 1426 Filio
511 1410 554 1426 suo
567 1404 587 1425 111
601 1396 709 1431 paradiso
722 1405 762 1426 521
785 1410 797 1425 8

424 1456 454 1459 ——
474 1444 533 1465 Deus
546 1444 645 1465 maxime
657 1443 731 1471 diligit
742 1446 873 1465 exercentes
885 1449 909 1465 se
922 1443 945 1465 in

377 1482 453 1505 studio
471 1482 571 1504 caritatis
589 1485 611 1504 et
627 1482 713 1504 amoris
731 1482 803 1510 ipsius
821 1483 865 1504 500
883 1481 898 1504 b
914 1495 945 1498 -—

377 1522 477 1544 Lucrum
496 1522 624 1544 dilectionis
646 1525 680 1543 est
702 1528 801 1549 regnum
825 1524 944 1544 aeternum

377 1561 422 1584 558
441 1561 455 1583 b
472 1574 503 1577 —-
521 1561 653 1583 Secundum
671 1561 822 1590 quantitatem
845 1561 944 1583 dilectio-

376 1601 412 1623 nis
430 1601 472 1623 erit
489 1601 604 1629 quantitas
621 1600 814 1623 remunerationis
831 1601 876 1622 630
889 1606 901 1622 a
914 1613 944 1616 —

377 1641 437 1663 Vide
456 1640 524 1663 etiam
545 1641 571 1662 V.
588 1641 663 1663 Amor
680 1642 703 1662 et
720 1639 823 1663 Caritas.

425 1681 533 1703 Dttuvtuu
550 1693 580 1696 —
597 1680 672 1706 venit,
690 1679 743 1708 quia
761 1686 842 1701 omnes
858 1686 940 1708 seque-

376 1719 461 1742 bantur
486 1719 649 1742 delectationes
673 1719 776 1741 carnales
804 1719 847 1740 466
875 1718 889 1740 1)
913 1731 942 1734 ——

376 1759 456 1787 Aquae
474 1758 555 1781 diluvii
568 1759 588 1780 in
601 1758 736 1786 paradisum
749 1764 796 1780 non
810 1758 944 1785 pervenisse

376 1798 484 1821 dicuntur
505 1798 547 1820 114
566 1797 580 1820 1)

424 1838 540 1860 Dtonvstus
556 1850 584 1853 —
609 1837 713 1858 Edacitas
736 1836 779 1864 ipsi
804 1835 896 1858 abstulit
912 1836 943 1858 lu-

376 1883 429 1899 men
447 1877 567 1899 oculorum
586 1876 631 1898 287
650 1875 664 1897 1)

424 1929 454 1931 -
472 1916 555 1938 doctus
573 1916 614 1937 fuit
631 1922 642 1937 a
662 1915 730 1937 Paulo
749 1915 794 1936 610
812 1921 825 1936 8

425 1955 533 1978 0111108118
549 1966 580 1971 -
598 1955 634 1977 1118
651 1954 711 1976 bene
727 1954 847 1981 dirigitur,
865 1955 904 1982 qui
930 1960 943 1976 a

376 2000 401 2016 se
418 1994 517 2017 excludit
534 2000 626 2016 omnem
653 1999 756 2015 errorem
774 1993 795 2015 in
813 1993 942 2020 credendo,

378 2034 508 2062 diligendo,
526 2033 645 2061 operando
665 2033 708 2055 443
728 2032 743 2055 1)

424 2073 519 2095 Dtscene
535 2084 566 2088 —
584 2072 606 2094 Si
624 2072 676 2101 quis
695 2071 753 2094 bene
770 2072 881 2099 addiscit,
899 2074 943 2093 sta-

377 2113 416 2135 tim
436 2113 484 2134 vult
501 2112 610 2134 honorari
628 2111 673 2134 556
692 2111 707 2133 b

425 2152 546 2173 Dtscn’ttnn
564 2163 595 2167 —
618 2151 688 2178 Rigor
713 2150 848 2178 disciplinae
872 2150 943 2172 consi-

377 2191 415 2213 stit
440 2191 460 2212 in
487 2190 634 2213 crucifixione
660 2190 775 2212 interioris
798 2189 899 2211 bominis
921 2192 943 2211 et

377 2230 557 2258 configuratione
574 2230 604 2252 ad
621 2228 736 2251 Christum
751 2229 795 2251 446
807 2235 819 2251 8
832 2241 862 2245 -
874 2228 944 2250 babet

377 2269 501 2292 duodecim
519 2269 639 2297 qualitates
665 2268 693 2291 ib.
712 2275 737 2295 a,
756 2268 770 2290 1)
793 2281 823 2284 -
846 2268 943 2290 exterior

377 2309 501 2331 attenditur
525 2309 547 2330 in
572 2308 686 2336 regimine
707 2314 831 2335 sensuum,
849 2307 943 2329 interior

376 2348 399 2370 in
425 2348 539 2375 regimine
563 2347 710 2369 affectionum
737 2349 759 2369 et
776 2347 942 2374 cogitationum

376 2387 422 2409 724
442 2387 455 2409 l]
472 2399 503 2403 —
522 2387 658 2414 Disciplinae
684 2387 747 2414 rIgor
770 2386 886 2414 restringit
903 2392 942 2414 gu-

378 2429 452 2453 stum,
471 2426 556 2448 claudit
574 2426 662 2452 visum,
680 2425 771 2447 obturat
789 2425 902 2453 auditum,
919 2427 943 2447 ut

377 2465 501 2492 restringat
518 2468 602 2487 tactum
621 2465 666 2486 697
683 2471 695 2486 a

426 2517 455 2520 —-
474 2504 547 2526 lrlomo
564 2504 724 2531 disciplinatus
746 2503 815 2525 debet
840 2503 943 2525 demisso

377 2544 451 2571 capite
468 2544 575 2566 incedere
601 2543 646 2565 555
672 2543 687 2565 b
704 2555 734 2559 —
753 2543 891 2570 Disciplinae
912 2542 943 2565 di·

377 2583 464 2605 51118110
482 2585 582 2605 mentem
600 2585 702 2605 nostram
728 2582 847 2609 componit
863 2582 892 2604 ad
910 2587 943 2603 re-

378 2622 457 2650 gulam
474 2622 602 2644 sec-undum
621 2622 756 2644 exteriorem
774 2625 795 2643 et
811 2621 941 2643 interiorem

378 2661 495 2683 homiuem
513 2661 559 2683 7-25
577 2660 591 2682 1)
609 2673 639 2677 —-
656 2661 749 2682 decorat
762 2660 878 2682 bominem
896 2660 942 2688 spi-

378 2700 488 2722 ritualiter
511 2700 556 2722 215
578 2699 593 2721 b
615 2711 645 2715 —
662 2699 767 2721 Animam
793 2700 894 2721 reddunt
911 2699 942 2721 di-

378 2739 522 2767 sciplinatam
541 2739 681 2761 verecundia
699 2741 721 2760 et
738 2739 855 2760 humilitas
872 2738 917 2760 555
929 2744 941 2760 8

378 2790 408 2794 -
432 2779 461 2800 Se
486 2781 628 2806 congregant
647 2778 668 2799 in
691 2778 787 2799 domum
810 2777 942 2805 disciplinae

378 2818 418 2846 qui
435 2818 534 2839 exterius
552 2823 596 2839 non
622 2820 764 2845 evagantur,
782 2817 823 2839 sed
841 2817 869 2839 ad
888 2817 942 2839 inte-

378 2857 438 2878 riora
456 2859 577 2879 recurrunt
597 2857 639 2879 152
657 2856 671 2878 1)

427 2896 552 2918 DtsCtrtJtus
570 2908 597 2911 —-
615 2896 649 2917 Ad
667 2896 743 2923 ipsum
762 2898 850 2923 spectat
862 2895 943 2917 verita-

379 2937 424 2956 tem
442 2934 523 2956 audire
540 2937 561 2956 et
579 2935 598 2956 ei
616 2935 738 2961 assentire,
757 2934 879 2956 vanitatem
891 2940 942 2956 con-

380 2975 481 2995 temnere
508 2976 530 2995 et
559 2974 650 3001 sugere,
674 2973 798 2996 bonitatem
822 2980 900 2995 amare
921 2976 943 2996 et

982 265 1116 293 propalare,
1139 265 1242 287 divinam
1269 266 1344 292 legem
1369 266 1442 287 zelare
1467 269 1488 288 et
1512 266 1548 288 de-

982 305 1071 326 fensare
1092 306 1115 326 et
1137 310 1179 332 pro
1202 310 1228 326 ea
1252 310 1357 332 pugnare
1380 305 1424 326 293
1443 311 1467 332 8,
1485 304 1500 326 b
1517 317 1548 322 —

980 349 1051 366 verus
1068 343 1172 366 desectus
1189 344 1283 371 corrigIt
1300 343 1407 371 libenter,
1419 350 1444 366 se
1456 344 1548 366 subiicit

981 383 1110 411 humiliter,
1127 386 1278 411 praeceptum
1304 384 1436 412 exsequitur
1458 385 1548 406 serven-

981 425 1015 444 ter
1033 423 1077 444 ⁵292
1095 421 1110 444 b
1129 435 1155 438 —
1176 423 1297 450 Discipulis
1318 426 1352 445 est
1374 429 1483 445 securum
1507 429 1547 445 au-

980 461 1030 483 dire
1053 468 1122 484 veros
1148 462 1271 489 magistros
1295 461 1338 483 188
1362 468 1374 483 8
1392 474 1422 478 -
1441 462 1546 484 Doctrina

980 501 1030 523 veri
1048 501 1155 528 discipuli
1181 500 1222 528 per
1244 501 1377 529 patientiam
1404 501 1547 529 dignoscitur

981 540 1025 562 592
1044 539 1059 562 l)

1028 579 1144 601 Dtscaerto
1165 592 1190 594 —
1210 579 1309 607 pertinet
1333 580 1362 601 ad
1388 579 1546 602 rationabilem

979 618 1025 640 714
1043 617 1058 640 b
1076 631 1106 634 —-
1124 618 1253 641 necessaria
1271 621 1305 640 est
1327 618 1357 640 ad
1383 619 1444 640 vitae
1461 618 1547 646 guber*

980 657 1096 679 nationem
1115 657 1159 679 246
1179 657 1193 679 b
1211 670 1239 673 ——-
1258 657 1291 679 Ad
1310 657 1418 680 virtutem
1431 658 1547 680 discretio-

980 696 1015 718 nis
1032 703 1077 719 non
1095 696 1179 718 sufficit
1196 697 1266 718 homo
1285 697 1327 719 nisi
1350 697 1437 724 gratiae
1454 697 1547 719 divinae

980 736 1065 758 auxilio
1083 736 1128 757 532
1147 742 1158 757 a

1028 775 1169 797 Dtsessnsnto
1186 787 1217 791 —
1235 775 1299 797 Ratio
1317 775 1366 797 eius
1392 778 1426 798 est
1450 776 1547 798 evidens

980 814 1103 837 necessitas
1124 815 1161 837 vel
1179 815 1310 837 communis
1327 815 1411 837 utilitas
1431 815 1476 837 289
1489 814 1503 837 11
1518 827 1545 830 —

980 853 997 876 si
1016 853 1139 876 necessitas
1156 857 1235 881 urget,
1253 857 1287 876 est
1303 854 1451 881 excusabilis3
1469 855 1509 876 sed
1527 855 1546 876 si

980 893 1111 915 communis
1120 893 1204 915 utilitas
1215 899 1260 915 non
1274 897 1399 921 provocat,
1411 896 1445 916 est
1457 894 1546 916 inexcu-

980 932 1058 954 sabilis
1076 931 1130 955 ibid.

1028 972 1178 994 oisonem-on
1196 985 1223 987 —
1243 972 1406 1000 mysteriorum
1426 973 1465 994 Dei
1491 978 1546 1001 quo-

981 1011 1051 1033 modo
1068 1017 1118 1033 esse
1139 1010 1223 1033 debeat
1246 1011 1274 1033 85
1289 1018 1305 1033 a
1327 1024 1358 1028 —
1384 1012 1546 1039 mysteriorum

980 1050 1021 1072 Dei
1045 1050 1131 1073 debent
1156 1050 1290 1078 dispensare
1318 1051 1453 1079 temporalia
1478 1051 1546 1073 fideli·

981 1092 1026 1116 ter,
1044 1091 1192 1112 Sacramenta
1210 1089 1345 1117 liberaliter,
1363 1089 1434 1112 verba
1452 1090 1491 1112 Dei
1509 1096 1546 1112 ve-

980 1129 1062 1151 raciter
1080 1130 1108 1151 87
1126 1135 1139 1151 a
1151 1141 1180 1145 —
1193 1129 1280 1157 gratiae
1293 1129 1368 1151 bonus
1385 1133 1419 1151 est
1436 1130 1475 1158 qui
1494 1135 1545 1151 con-

979 1168 1066 1191 siderat
1082 1168 1122 1190 Dei
1140 1169 1296 1195 voluntatem,
1314 1175 1360 1190 11011
1383 1175 1448 1190 suam
1468 1169 1546 1191 utilita-

980 1211 1026 1230 tem
1044 1208 1089 1230 680
1107 1208 1122 1230 b

1027 1248 1094 1270 Dtvas
1111 1260 1139 1263 —
1158 1248 1211 1269 Esse
1230 1247 1317 1269 nobiles
1335 1248 1370 1269 vel
1394 1247 1477 1270 divites
1501 1254 1545 1270 non

979 1287 1073 1314 prodest
1086 1286 1161 1314 nobis,
1171 1287 1190 1309 si
1203 1287 1352 1309 excludamur
1364 1293 1376 1308 a
1392 1293 1465 1314 regno
1477 1287 1521 1308 618
1535 1293 1546 1308 a

978 1338 1009 1342 —
1018 1326 1066 1348 Non
1079 1328 1113 1348 est
1125 1332 1235 1353 magnum
1249 1332 1299 1348 esse
1311 1326 1415 1353 divitem,
1425 1326 1478 1354 quia
1496 1332 1547 1354 per-

978 1365 1127 1387 vet-sissimus
1144 1365 1184 1387 suit
1202 1371 1302 1393 magnus
1318 1368 1341 1387 et
1352 1365 1418 1387 dives
1431 1365 1475 1387 623
1488 1365 1503 1387 11
1517 1378 1545 1381 ο-

979 1405 1014 1427 isti
1032 1405 1141 1427 dicuntur
1159 1404 1233 1431 beati,
1251 1405 1291 1433 qui
1305 1405 1416 1432 pecunias
1428 1411 1473 1427 11011
1486 1411 1546 1427 ama-

979 1447 1063 1466 verunt
1080 1443 1125 1466 474
1142 1450 1163 1470 a,
1180 1443 1195 1465 b
1213 1456 1243 1460 —
1256 1443 1325 1466 debet
1336 1445 1401 1472 sequi
1413 1445 1545 1472 exemplum

980 1483 1040 1505 beati
1057 1483 1141 1505 Nicolai
1160 1483 1205 1506 475
1222 1490 1235 1505 a
1252 1496 1283 1500 —
1300 1483 1321 1505 in
1340 1483 1436 1511 pecunia
1455 1487 1477 1505 et
1489 1489 1546 1511 pau-

979 1528 1046 1550 peres
1064 1522 1086 1544 in
1103 1523 1176 1550 gratia
1195 1525 1264 1550 agant
1286 1523 1450 1550 poenitentiam
1470 1522 1514 1544 460
1533 1529 1545 1544 a

1027 1575 1055 1577 —
1073 1564 1144 1584 totam
1162 1568 1227 1590 spem
1253 1565 1340 1589 ponunt
1366 1562 1387 1584 iu
1404 1562 1452 1584 suis
1477 1568 1546 1590 pecu-

979 1601 1022 1623 niis
1039 1601 1085 1624 305
1103 1607 1114 1623 a
1133 1613 1164 1617 —-
1181 1604 1295 1630 quaerunt
1320 1601 1408 1629 primos
1426 1601 1545 1624 accubitus

979 1640 1000 1662 in
1018 1640 1097 1663 coenis
1118 1641 1159 1663 102
1177 1647 1189 1662 8
1207 1653 1237 1656 —
1254 1647 1279 1663 se
1302 1641 1403 1663 vestiunt
1426 1641 1544 1668 pretiosis,

979 1682 1004 1702 ut
1020 1679 1098 1702 cibum
1117 1680 1183 1702 tineis
1201 1682 1340 1708 praeparent
1358 1680 1402 1702 460
1420 1686 1431 1701 8
1444 1692 1475 1696 -
1488 1686 1544 1708 pau-

978 1725 1057 1747 perem
1083 1719 1173 1741 nudum
1196 1719 1313 1741 dimittunt
1330 1718 1360 1741 ib.
1379 1718 1393 1741 b
1411 1732 1441 1735 —
1460 1720 1543 1741 Eorum

978 1765 1061 1781 aurum
1079 1761 1101 1781 et
1118 1761 1239 1786 argentum
1259 1761 1352 1786 propter
1365 1758 1499 1781 diuturnam
1513 1759 1549 1786 111-7

977 1798 1157 1821 carcerationem
1175 1798 1242 1826 periit
1254 1800 1276 1820 et
1292 1798 1375 1820 defecit
1392 1797 1447 1820 ibid.
1458 1810 1489 1814 —
1501 1798 1544 1819 Au-

977 1844 1030 1859 rum
1047 1838 1090 1859 erit
1107 1837 1140 1859 eis
1159 1837 1179 1859 in
1192 1837 1348 1859 testimonium
1361 1837 1477 1865 nequitiae
1489 1836 1543 1859 ibid.

1026 1889 1054 1892 -—
1072 1876 1204 1899 Ostenditur
1226 1882 1306 1898 eorum
1333 1877 1467 1904 temporalis
1493 1882 1544 1904 pro-

977 1916 1074 1944 speritas
1091 1919 1113 1938 et
1130 1920 1221 1938 aeterna
1240 1916 1357 1938 calamitas
1375 1915 1419 1937 364
1438 1915 1460 1937 b.
1473 1916 1518 1938 365
1530 1922 1542 1937 a

977 1968 1007 1972 -—
1025 1956 1048 1977 ln
1065 1956 1142 1977 futuro
1160 1955 1192 1977 eis
1210 1955 1334 1977 advenient
1352 1955 1470 1982 miseriae,
1488 1955 1542 1983 quia

977 1994 1013 2016 hic
1030 1994 1133 2022 gaudent
1150 1994 1172 2016 in
1191 1994 1257 2016 vanis
1276 1994 1320 2016 460
1333 2000 1345 2016 8
1358 2006 1388 2010 -
1400 1994 1447 2016 Filii
1460 2000 1542 2016 eorum

977 2034 999 2055 in
1017 2033 1118 2056 tabernis
1134 2036 1156 2055 et
1174 2033 1194 2055 in
1214 2033 1346 2060 prostibulis
1363 2033 1479 2055 celebrant
1497 2039 1542 2055 me-

978 2073 1074 2095 moriam
1093 2079 1135 2101 pro
1153 2072 1257 2100 patribus
1273 2073 1321 2095 suis
1333 2072 1379 2094 365
1393 2072 1406 2094 1)
1419 2085 1449 2088 —
1466 2073 1542 2094 statim

977 2115 1029 2140 post
1047 2115 1145 2134 mortem
1163 2112 1246 2134 dantur
1264 2111 1375 2133 oblivioni
1393 2111 1447 2134 ibid.

1024 2164 1054 2167 —
1071 2151 1134 2173 solus
1151 2151 1251 2173 comedit
1269 2153 1291 2173 et
1317 2151 1431 2173 neminem
1449 2151 1543 2173 vocavit

977 2191 1017 2212 361
1040 2196 1052 2212 8
1077 2203 1104 2205 -
1127 2191 1238 2212 Lazarum
1262 2196 1388 2218 pauperem
1414 2196 1425 2212 a
1445 2190 1542 2218 prandio

976 2236 1019 2252 suo
1036 2230 1122 2257 expulit
1139 2228 1192 2252 ibid.
1210 2241 1241 2245 —
1257 2232 1306 2251 erat
1317 2229 1504 2257 reprehensibilis
1515 2236 1541 2251 ex

976 2269 1103 2297 cupiditate
1120 2271 1142 2291 et
1158 2269 1266 2295 avaritia,
1284 2269 1383 2291 elatione
1391 2272 1413 2291 et
1424 2268 1541 2297 superbia,

976 2308 1145 2331 comessatione
1170 2310 1192 2330 et
1217 2308 1310 2335 crapula
1337 2308 1382 2329 365
1409 2314 1421 2330 a
1439 2320 1469 2324 —
1486 2308 1541 2336 quia

976 2347 1048 2369 noluit
1065 2347 1167 2369 misereri
1185 2347 1283 2375 Lazaro,
1300 2353 1344 2369 nec
1366 2347 1385 2369 ei
1410 2347 1482 2369 voluit
1499 2347 1541 2369 Do-

978 2386 1053 2408 minus
1071 2386 1173 2408 misereri
1191 2387 1235 2408 366
1254 2386 1267 2407 b
1283 2386 1380 2415 —quia
1397 2386 1452 2408 nihil
1470 2386 1542 2408 voluit

976 2426 1096 2454 possidere
1113 2426 1135 2447 iu
1153 2426 1228 2453 caelo,
1246 2425 1409 2453 praecipitatus
1426 2428 1460 2448 est
1476 2425 1499 2447 in
1511 2425 1542 2447 in-

978 2466 1067 2487 fernum
1093 2465 1137 2487 630
1156 2464 1170 2487 b
1188 2477 1218 2481 —
1244 2465 1287 2492 lpsi
1311 2464 1469 2493 praebuerunt
1486 2465 1540 2487 dae-

977 2510 1058 2527 mones
1085 2504 1239 2532 obsequium,
1267 2504 1361 2533 quando
1390 2507 1541 2532 portaverunt

976 2544 1026 2566 eius
1043 2543 1144 2565 animam
1162 2543 1182 2565 in
1201 2543 1314 2565 infernum
1328 2544 1371 2564 366
1385 2549 1397 2565 a
1409 2555 1440 2559 —-
1451 2546 1541 2571 guttam

976 2589 1051 2612 aquae
1068 2582 1160 2610 petebat
1178 2588 1220 2604 nec
1237 2582 1361 2610 impetrare
1379 2585 1474 2611 poterat,
1486 2582 1540 2611 quia

977 2622 1060 2645 micam
1079 2622 1145 2649 panis
1163 2622 1259 2649 pauperi
1276 2625 1403 2649 negaverat
1420 2620 1450 2644 ib.
1471 2621 1486 2643 b
1510 2633 1541 2637 —

976 2661 1094 2689 tripliciter
1112 2661 1133 2683 in
1151 2661 1238 2683 inferno
1256 2661 1371 2683 cruciatur
1388 2660 1441 2683 ibid.

1024 2700 1123 2722 Dtvmae
1141 2713 1170 2716 —
1187 2706 1248 2729 quae
1264 2700 1308 2722 sint
1326 2706 1394 2721 verae
1412 2699 1456 2722 487
1474 2699 1489 2721 b
1512 2711 1540 2715 —

976 2739 1071 2761 Divitias
1088 2739 1173 2761 habere
1191 2742 1212 2761 et
1229 2745 1307 2761 amare
1324 2739 1491 2761 infructuosum
1507 2742 1541 2761 est

976 2778 1021 2800 535
1040 2778 1054 2800 b
1073 2791 1100 2794 —
1120 2779 1161 2800 Eas
1179 2784 1257 2800 amare
1269 2782 1291 2800 et
1302 2784 1347 2800 non
1361 2778 1446 2800 babere
1458 2780 1491 2799 est
1503 2784 1540 2805 pe-

976 2818 1102 2839 riculosum
1115 2816 1168 2839 ibid.
1180 2829 1208 2833 -
1222 2817 1359 2839 Ε8511811818
1371 2820 1392 2839 et
1404 2823 1449 2839 non
1461 2823 1539 2839 amare

976 2860 1010 2879 est
1017 2856 1157 2878 laboriosum
1165 2855 1218 2879 ibid.
1225 2868 1256 2872 —
1266 2857 1309 2878 Nec
1319 2855 1405 2878 habere
1413 2862 1454 2878 nec
1461 2862 1540 2877 amare

977 2895 1069 2917 divitias
1086 2898 1119 2917 est
1137 2895 1190 2917 utile
1207 2894 1261 2917 ibid.
1280 2908 1309 2910 —
1327 2896 1350 2917 ln
1376 2897 1449 2917 morte
1466 2894 1540 2922 lepro-

976 2941 1015 2957 sus
1033 2937 1120 2957 tantum
1134 2934 1227 2957 habebit
1239 2934 1268 2957 de
1279 2934 1364 2957 divitiis
1376 2937 1488 2963 quantum
1500 2940 1538 2956 rex

978 2973 1021 2995 ι148
1040 2980 1051 2996 a
1069 2986 1100 2990 —
1116 2977 1271 3001 congregatae
1287 2973 1343 2995 nibil
1361 2973 1445 2995 faciunt
1461 2973 1505 2995 540
1524 2972 1538 2995 b

930 186 1030 215 lNDEX
1052 186 1292 215 ALPHABETICUS
1313 186 1393 215 NONl
1414 187 1602 216 VOLUtvttNts.

1840 227 1895 250 DOL

1582 278 1613 282 —
1630 272 1724 294 sparsae
1743 268 1842 289 fructum
1860 267 1946 290 faciunt
1963 274 2074 295 magnum
2095 267 2149 291 ibid.

1582 317 1612 321 —
1630 305 1804 328 8111811011118188
1822 306 1940 328 utilitatem
1967 313 2077 334 magnam
2095 308 2148 329 affe-

1582 347 1634 366 runt
1645 344 1700 367 ibid.

1631 396 1659 400 —
1675 384 1762 406 Amans
1778 384 1871 407 divitias
1888 391 2008 414 nunquam
2024 385 2150 408 detestatur

1581 423 1702 445 avaritiam
1724 424 1766 445 162
1784 430 1795 445 8
1814 436 1844 440 -
1862 424 1942 446 inflant
1958 424 2055 452 animos,
2070 431 2150 453 super-

1582 461 1644 484 biam
1663 463 1766 490 pariunt,
1792 463 1903 485 invidiam
1927 464 2032 491 trahunt,
2048 468 2148 486 mentem

1582 501 1680 523 alienant
1697 502 1742 523 313
1761 508 1773 523 8
1791 515 1821 518 —
1839 502 1900 530 Opes
1918 505 2022 525 terrenae
2039 509 2084 525 non
2103 503 2149 526 illu-

1582 541 1683 567 minant,
1701 541 1742 563 sed
1766 544 1866 563 mentem
1890 542 2013 569 denigrant
2029 545 2051 564 et
2068 542 2148 565 obcae-

1581 583 1634 602 cant
1658 579 1712 602 ibid.
1730 593 1759 596 —
1783 581 1874 602 Vermis
1896 581 2030 603 divitiarum
2057 584 2091 604 est
2112 588 2150 604 su-

1582 618 1661 646 perbia
1680 619 1724 641 646
1743 618 1758 641 1)
1776 632 1805 635 ——
1823 620 1919 648 Oportet
1940 620 2043 648 elongari
2068 620 2098 642 ab
2122 621 2149 643 iis

1582 657 1634 681 ibid.
1659 671 1688 674 —
1715 659 1786 681 Etiam
1814 659 1908 682 divitiae
1933 660 2048 682 Ecclesiae
2073 666 2149 683 macu-

1582 698 1629 719 lare
1646 700 1744 725 possunt
1761 697 1814 720 ibid.

1628 749 1659 753 —
1675 737 1813 760 Amantibus
1830 737 1923 760 divitias
1940 738 2033 760 difficile
2059 741 2093 761 est
2118 739 2148 761 in-

1582 778 1642 798 trare
1667 776 1688 798 in
1712 782 1810 804 regnum
1836 777 1952 799 caelorum
1977 777 2021 799 587
2040 777 2055 799 1)
2077 779 2149 800 —ln

1582 815 1638 842 ipsis
1656 821 1699 837 uon
1717 822 1843 843 possumus
1868 816 1955 838 habere
1973 823 2053 844 pacem
2071 817 2149 839 cordis

1581 854 1626 876 573
1644 853 1660 876 b
1676 866 1707 871 —
1724 854 1856 877 Sollicitudo
1873 858 1895 877 et
1912 856 1998 878 fallacia
2011 862 2091 878 earum
2103 862 2148 878 11011

1581 893 1665 920 51110111,
1677 894 1751 916 Deum
1764 894 1883 922 quiescere
1900 895 1923 916 in
1942 895 2012 917 corde
2029 895 2073 917 676
2092 894 2106 917 b
2118 907 2149 912 —-

1581 939 1624 960 pro
1643 933 1719 955 multis
1731 936 1782 955 sunt
1796 939 1863 956 causa
1878 934 2031 956 damnationis
2043 935 2088 957 365
2100 941 2120 963 a,
2133 934 2148 957 b

1628 984 1659 988 —
1677 971 1780 995 Christus
1792 973 1885 995 divitias
1898 974 2047 1002 contempsit,
2061 976 2085 996 ut
2097 980 2149 996 con-

1581 1011 1717 1034 temnendas
1736 1015 1873 1034 monstraret
1891 1012 1934 1034 «¹58
1954 1012 1968 1034 b
1989 1025 2019 1029 —
2045 1013 2148 1036 Christus

1581 1051 1663 1078 pannis
1681 1051 1797 1073 involutus
1814 1054 1848 1073 est
1867 1054 1945 1074 contra
1968 1052 2093 1074 vanitatem
2117 1052 2148 1075 di-

1582 1090 1689 1112 vitiarum
1709 1091 1752 1112 102
1771 1096 1783 1112 8
1797 1103 1825 1106 —-
1838 1091 1921 1113 Contra
1933 1091 2026 1113 divitias
2044 1092 2146 1114 facienda

1581 1132 1615 1152 est
1636 1130 1793 1152 misericordia
1806 1136 1858 1152 cum
1877 1130 1983 1158 proximo
2000 1131 2046 1153 365
2064 1130 2078 1153 b

1629 1169 1743 1191 Doc'ronas
1760 1182 1790 1185 ——
1816 1173 1980 1197 comparantur
2005 1170 2072 1192 lunae
2097 1176 2148 1198 pro-

1582 1210 1632 1235 pter
1658 1209 1699 1230 tria
1725 1208 1754 1231 37
1772 1215 1784 1231 a
1810 1221 1840 1225 —
1858 1209 1990 1237 ignorantes
2007 1212 2029 1231 et
2045 1210 2148 1232 esurien-

1582 1250 1615 1269 tes
1633 1247 1727 1270 reflcere
1745 1248 1830 1270 debent
1847 1248 1899 1270 cibo
1915 1249 2006 1271 caelesti
2024 1249 2069 1271 379
2087 1255 2099 1270 8
2119 1261 2147 1264 -

1582 1286 1645 1314 Quae
1661 1287 1691 1308 sit
1706 1293 1791 1309 corona
1808 1287 1930 1309 doctorum
1949 1288 1993 1310 488
2007 1287 2021 1309 b

1628 1338 1658 1342 --
1676 1326 1729 1348 mali
1750 1330 1914 1354 comparantur
1939 1327 2094 1349 obscurationi
2116 1327 2147 1350 lu-

1582 1365 1705 1387 minarium
1732 1368 1826 1393 propter
1848 1366 1890 1388 tria
1913 1366 1941 1388 37
1963 1372 1975 1388 a
1999 1378 2029 1382 —
2051 1366 2146 1394 superbi

1581 1407 1634 1427 sunt
1650 1405 1689 1433 qui
1708 1405 1762 1427 nihil
1779 1405 1809 1427 de
1827 1405 1873 1427 Deo
1890 1406 1990 1428 sentiunt
2007 1406 2096 1428 8181105
2108 1406 2146 1428 do-

1580 1450 1633 1466 cere
1651 1445 1732 1467 volunt
1754 1445 1798 1466 696
1822 1444 1837 1466 b
1861 1457 1892 1460 —
1909 1445 1957 1467 Non
1974 1445 2097 1473 possidens
2113 1451 2147 1468 sa-

1580 1483 1691 1511 pientiam
1709 1490 1753 1506 non
1771 1483 1830 1506 bene
1842 1484 1903 1506 cibat
1915 1490 1957 1507 nec
1968 1487 2032 1512 potat
2044 1485 2145 1507 animam

1581 1523 1626 1545 695
1643 1522 1659 1544 b
1675 1536 1706 1538 —
1723 1523 1802 1545 Nullus
1819 1526 1895 1551 potest
1917 1529 1968 1546 esse
1990 1524 2070 1546 doctor
2087 1524 2145 1552 legis

1580 1563 1704 1589 perfectus,
1721 1562 1763 1584 nisi
1781 1562 1845 1590 prius
1862 1563 1929 1585 fuerit
1947 1564 2018 1585 tactor
2031 1563 2076 1585 650
2089 1562 2103 1585 b
2114 1575 2146 1580 —

1579 1601 1650 1630 aliqui
1675 1601 1705 1624 ad
1730 1601 1830 1629 Angelos
1857 1602 2032 1630 magnificantes
2053 1605 2075 1624 et
2100 1602 2147 1625 illu-

1579 1643 1678 1663 strantes
1695 1647 1740 1663 non
1757 1641 1884 1669 respiciunt
1901 1641 1946 1663 612
1965 1641 1979 1664 b

1627 1680 1740 1702 Doc'rntna
1760 1692 1790 1696 —
1808 1680 1923 1709 quaedam
1943 1681 1995 1703 data
2017 1683 2050 1703 est
2067 1681 2145 1709 quoad

1578 1719 1650 1741 vitam
1668 1719 1779 1748 hominis,
1797 1720 1912 1748 quaedam
1931 1720 2010 1748 quoad
2027 1720 2098 1742 vitam
2110 1726 2146 1742 ae·

1579 1762 1667 1780 ternam
1686 1758 1730 1781 463
1748 1765 1760 1781 8
1778 1771 1809 1775 -
1826 1758 1887 1782 110118
1899 1759 1967 1782 (10881
1977 1766 2021 1781 1105
2032 1766 2145 1788 quaerere

1578 1798 1676 1826 gratiam
1695 1798 1716 1820 in
1735 1799 1817 1826 corde⁷
1835 1805 1906 1826 opere
1918 1802 1940 1820 et
1952 1805 2059 1821 sermone
2071 1800 2116 1821 680
2129 1799 2144 1821 b

1577 1850 1607 1853 —-
1625 1837 1693 1866 Quod
1710 1840 1744 1860 est
1762 1838 1901 1860 contrarium
1919 1838 2038 1860 doctrinae
2062 1838 2144 1861 Christi

1577 1880 1611 1899 est
1623 1877 1791 1899 intertectivum
1805 1877 1895 1899 animae
1908 1878 1936 1899 63
1950 1877 1965 1899 b
1977 1889 2008 1894 —
2019 1877 2086 1900 Modo
2105 1884 2145 1900 va-

1577 1922 1658 1938 camus
1683 1916 1803 1938 doctrinae
1825 1916 1918 1938 divinae
1944 1916 2001 1944 legis
2019 1922 2060 1944 per
2077 1917 2143 1939 ratio-

1577 1961 1630 1978 nem
1656 1955 1686 1978 ib.
1705 1961 1717 1977 a
1734 1968 1764 1971 —-
1782 1955 1862 1978 Omnis
1879 1955 1949 1978 debet
1975 1958 2050 1978 tacere
2074 1962 2085 1978 a
2104 1956 2143 1979 do-

1576 1995 1664 2021 ctrina,
1682 1995 1724 2017 nisi
1741 1995 1860 2022 didicerit,
1878 1998 1973 2023 excepto
1991 1995 2040 2017 solo
2052 1994 2143 2018 Christo

1577 2034 1622 2056 525
1640 2040 1653 2056 8
1670 2046 1700 2050 --
1717 2034 1795 2056 Nullus
1821 2037 1896 2062 potest
1913 2034 2011 2061 docere,
2028 2041 2066 2057 res
2091 2041 2142 2057 esse

1576 2073 1668 2095 scibiles
1686 2074 1761 2100 alteri,
1780 2073 1822 2096 nisi
1840 2073 1900 2096 adsit
1925 2073 2099 2096 immutabilitas
2121 2077 2143 2096 et

1575 2113 1689 2135 certitudo
1708 2112 1748 2134 441
1770 2112 1785 2134 11
1802 2125 1832 2129 —-
1846 2113 1911 2137 Haec
1923 2113 2006 2135 adsunt
2018 2115 2105 2135 tantum
2118 2113 2140 2135 in

1576 2151 1665 2174 Christo
1682 2151 1737 2174 ibid.
1755 2151 1799 2174 442
1815 2158 1828 2174 8
1850 2165 1879 2167 -
1900 2152 2003 2174 Christus
2023 2155 2057 2174 est
2075 2152 2142 2180 origo

1575 2191 1651 2212 omnis
1674 2192 1804 2213 fructuosae
1826 2191 1948 2214 locutionis
1966 2191 1994 2214 ad
2012 2191 2142 2214 doctrinam

1575 2231 1600 2252 31
1623 2236 1635 2252 8

1622 2282 1653 2285 —
1671 2270 1759 2292 Docere
1776 2270 1825 2292 solo
1842 2269 1915 2292 verbo
1927 2272 1961 2292 est
1978 2276 2074 2298 vanum,
2092 2270 2140 2292 solo

1575 2309 1680 2336 exemplo
1706 2314 1803 2336 parum,
1820 2309 1862 2331 sed
1887 2312 1987 2337 utroque
2012 2309 2083 2331 modo
2106 2314 2140 2331 est

1575 2347 1701 2374 perfectum
1721 2346 1765 2369 294
1777 2346 1800 2368 1).
1814 2347 1858 2368 313
1876 2353 1889 2368 8
1906 2358 1937 2362 -
1954 2346 1983 2368 ab
2001 2346 2077 2375 aliquo
2094 2353 2140 2369 non

1575 2388 1650 2414 potest
1670 2386 1751 2414 accipi,
1769 2385 1812 2408 nisi
1835 2385 1972 2413 intelligatur
1995 2386 2044 2408 eius
2061 2386 2140 2413 lingua

1576 2425 1620 2447 463
1637 2431 1648 2446 a
1667 2437 1698 2441 —
1714 2425 1772 2447 Nihil
1789 2425 1849 2447 valet
1866 2424 1940 2447 bonus
1952 2425 2040 2452 doctor,
2058 2425 2077 2447 si
2094 2431 2140 2447 11011

1574 2467 1694 2492 reputatur
1712 2465 1761 2486 eius
1778 2464 1881 2486 doctrina
1899 2464 1928 2486 60
1946 2464 1961 2486 11

1622 2516 1651 2519 -
1669 2503 1751 2526 Christi
1768 2503 1822 2526 vide
1840 2504 1867 2525 V.
1889 2503 2005 2526 Gla-isius.

1622 2543 1696 2565 Daton
1713 2555 1744 2559 —
1758 2543 1888 2565 communis
1901 2546 1935 2565 est
1946 2543 1993 2565 irae
2005 2545 2027 2565 et
2039 2543 2139 2565 invidiae

1574 2582 1618 2603 666
1637 2588 1649 2604 a
1667 2594 1697 2598 —
1714 2582 1757 2604 Ubi
1770 2582 1842 2604 maior
1860 2588 1925 2604 amor
1938 2582 1959 2604 in
1971 2582 2138 2610 coniunctione,

1574 2621 1605 2643 ibi
1623 2621 1697 2643 maior
1713 2621 1780 2643 dolor
1797 2621 1818 2643 in
1836 2621 1981 2649 separatione
1998 2622 2042 2643 203
2060 2621 2076 2643 b

1621 2673 1651 2676 —
1668 2660 1785 2682 Debemus
1803 2660 1832 2682 de
1849 2660 1949 2688 peccatis
1967 2660 2044 2683 dolere
2062 2661 2106 2682 617
2124 2667 2136 2683 a

1574 2712 1603 2716 --
1630 2700 1711 2722 Dolere
1735 2699 1849 2722 debemus
1871 2702 1966 2728 propter
1989 2700 2137 2722 amissionem

1574 2739 1673 2766 gratiae,
1698 2739 1882 2761 vulnerationem
1904 2740 2007 2766 naturae,
2033 2738 2138 2761 amissio-

1574 2784 1625 2800 nem
1652 2778 1712 2800 vitae
1741 2778 1877 2805 praeteritae
1903 2777 1947 2800 246
1973 2777 1988 2799 b
2013 2790 2043 2794 —
2068 2777 2138 2800 debet

1573 2823 1623 2839 esse
1647 2817 1670 2839 in
1693 2817 1850 2838 aestimatione
1875 2816 1966 2844 damni,
1987 2817 2041 2845 quia
2067 2817 2136 2838 bomo

1573 2858 1664 2883 tempus
1681 2858 1703 2877 et
1719 2856 1816 2883 gratiam
1835 2856 1933 2883 perdidit
1947 2858 1968 2878 et
1980 2856 2053 2878 Deum
2066 2856 2137 2877 ossen—

1572 2895 1605 2917 dit
1622 2895 1666 2917 268
1684 2894 1699 2916 b
1717 2907 1747 2910 —
1764 2895 1793 2917 de
1811 2895 1910 2922 peccatis
1927 2895 2022 2917 conterit
2040 2894 2136 2917 affectio-

1573 2940 1613 2956 nes
1630 2934 1760 2956 mundanas
1785 2933 1830 2956 345
1854 2933 1876 2956 b.
1899 2934 1943 2956 346
1961 2940 1974 2956 8
1991 2946 2021 2949 -
2039 2934 2068 2956 de
2085 2939 2136 2961 pec-

1572 2974 1628 2995 catis
1644 2973 1721 2995 deiicit
1737 2973 1876 2995 inflationem
1902 2973 1996 3000 spiritus
2013 2972 2056 2995 597
2075 2979 2087 2994 a
2105 2984 2135 2989 -
