2269 3448
383 190 437 218 172

633 228 691 250 TEM

428 268 533 290 Tsnrtuu
551 279 581 284 -
599 267 713 295 significet
735 266 852 289 basilicam
879 270 948 290 mate-

381 307 474 334 rialem,
492 310 582 329 uterum
601 306 750 334 virginalem,
768 307 868 328 animam
892 307 948 329 fide-

381 346 425 367 lem
444 349 465 367 et
485 346 605 368 lerusalem
624 346 745 368 caelestem
764 346 808 367 650
826 352 838 368 3
854 358 883 362 -
895 348 948 368 sunt

381 388 483 412 septem,
502 385 523 407 in
541 385 628 414 quibus
650 385 765 407 invenitur
782 384 885 408 Christus
904 385 946 407 176

382 424 405 446 b.
427 424 467 446 177
486 430 498 446 a

428 476 458 480 —-
477 463 511 486 Ad
530 464 641 492 templum
660 463 788 486 Salomonis
806 463 948 486 ascendeba-

383 506 419 525 tur
436 503 569 532 quindecim
589 502 701 530 gradibus
719 503 763 524 322
776 502 791 525 l)
807 516 833 519 —
848 504 948 525 Salomo-

382 543 417 564 nis
435 542 591 570 multiplieiter
608 542 722 570 significat
736 542 829 564 Mariam
843 542 883 564 651
900 548 920 569 3,
933 541 948 564 b

381 594 412 598 —-
430 582 451 604 ln
471 582 556 609 templo
575 581 711 604 ludaeorum
729 586 793 603 erant
810 581 858 603 duo
878 582 947 607 ostia,

382 627 442 649 quae
465 621 531 643 simul
554 620 717 648 aperiebantur
738 620 784 642 705
803 620 817 642 b
834 633 865 637 -
882 620 948 642 Pueri

381 705 435 721 nem
454 699 532 727 templi
554 699 594 721 173
612 705 624 721 a

428 750 459 754 —
476 741 510 760 est
528 739 591 760 loeus
604 738 721 760 doctrinae
734 738 763 759 60
776 737 791 759 1)
803 750 833 754 -
846 737 879 759 Ad
893 740 949 759 tem-

382 778 447 805 plum
465 777 544 799 venire
561 776 676 799 debemus
693 777 722 799 ad
744 777 885 804 orationem,
902 783 948 798 non

382 816 411 839 ad
429 816 610 844 negotiationem
628 816 673 838 650
691 815 706 838 1)

431 868 459 872 -
477 856 498 877 ln
517 856 603 883 templo
621 855 730 877 materiali
749 858 771 877 et
787 855 899 883 spirituali
917 861 949 877 re-

381 894 504 923 quiruntur
521 894 593 916 robur
612 894 762 921 fundamenti,
779 895 870 916 culmen
888 894 950 916 aecli-

383 934 434 961 ficii,
447 934 505 956 odor
523 933 627 956 sacrificii
645 936 667 956 et
684 933 755 956 decor
773 933 890 955 ministerii
904 933 949 955 652

383 979 395 994 a
416 985 446 989 -—
464 973 562 1001 Templo
580 973 692 1001 spirituali
709 973 838 995 sanctitudo
855 979 949 995 conver-

383 1012 478 1035 sationis
496 1012 594 1034 maxime
612 1012 735 1040 competit,
752 1012 845 1034 violatio
863 1012 950 1040 pudici-

383 1052 428 1074 tiae
449 1052 548 1074 maxime
570 1055 686 1079 repugnat
703 1051 731 1074 ib.
750 1051 764 1073 h
788 1064 815 1067 —
840 1051 950 1073 Conside-

383 1091 441 1113 ratio
460 1091 538 1118 templi
556 1091 680 1118 spiritualis
702 1091 796 1118 prodest
818 1091 846 1112 ad
870 1089 950 1112 erube-

383 1130 494 1152 scentiam
512 1129 643 1152 habendam
661 1130 690 1152 de
708 1130 807 1157 peccatis
824 1129 852 1152 ib.
872 1137 882 1151 a

431 1181 461 1185 —-
479 1169 522 1197 Qui
538 1170 587 1191 vult
604 1169 719 1191 aedificari
739 1169 759 1190 in
779 1169 890 1196 templum
909 1169 949 1191 Dei

384 1211 481 1236 oportet,
494 1208 556 1237 quod
571 1211 693 1236 praeparet
710 1208 754 1236 ipsi
771 1214 811 1230 cor
823 1214 890 1230 suum
904 1207 949 1229 642

384 1246 399 1269 1)
413 1259 443 1263 —-
455 1247 483 1269 Ut
500 1247 573 1269 simus
590 1248 701 1275 templum
722 1247 767 1274 Dei,
780 1253 822 1269 nos
834 1247 950 1269 custodire

385 1285 499 1308 debemus
516 1286 538 1308 in
555 1286 734 1308 sanctificatione
752 1286 795 1308 643
815 1286 829 1308 1)
847 1299 876 1302 —
896 1287 949 1308 Esse

385 1325 509 1352 numilem,
526 1328 614 1347 castum
632 1327 654 1347 et
677 1331 803 1353 pauperem
822 1328 856 1347 est
873 1325 949 1347 aedili-

384 1370 436 1386 care
453 1365 565 1392 templum
585 1364 681 1386 Domino
699 1365 744 1386 637
763 1364 777 1386 1)

431 1404 570 1425 Teuromtis
582 1416 611 1419 -
625 1403 691 1425 Multa
706 1403 804 1431 pericula
817 1406 869 1425 sunt
882 1404 902 1426 in
913 1404 949 1425 ha-

384 1441 462 1464 bendo
475 1443 609 1470 temporalia
623 1442 667 1464 584
677 1448 689 1464 3
702 1455 733 1458 -
745 1443 890 1470 Temporalia
903 1449 948 1465 nou

384 1484 436 1503 sunt
449 1482 585 1509 appetenda.
604 1483 657 1510 quia
675 1484 728 1504 sunt
746 1488 812 1509 vana,
830 1481 950 1508 instabilia,
966 1486 967 1492 ¹

385 1520 494 1542 molestiis
511 1521 578 1548 plena
596 1520 625 1543 ib.
643 1527 662 1548 a,
681 1520 695 1542 b
717 1533 747 1536 —
770 1521 866 1548 Magnus
887 1521 950 1543 labor

384 1562 418 1582 est
436 1560 456 1581 in
475 1566 501 1582 ea
519 1560 669 1588 acquirendo,
682 1560 750 1583 timor
764 1560 783 1581 in
802 1560 950 1588 possidendo7

385 1599 449 1621 dolor
462 1599 483 1621 in
500 1599 625 1621 amittendo
638 1598 666 1621 ib.
678 1599 692 1621 1)
704 1611 734 1615 -
748 1600 862 1621 Possessio
873 1606 949 1621 rerum

385 1638 546 1666 temporalium
565 1644 611 1660 non
628 1638 694 1660 satiat
713 1638 841 1666 appetitum
860 1642 881 1660 et
899 1639 951 1666 plus

385 1676 454 1699 habet
472 1678 592 1699 vacuitatis
609 1684 679 1706 quam
697 1678 848 1699 sufficientiae
865 1678 909 1700 310
928 1684 939 1699 a
967 1703 968 1706 Ἴ

434 1729 461 1732 »⁴
479 1716 583 1739 Christus
600 1717 664 1739 dedit
680 1716 747 1739 nobis
761 1716 819 1739 bona
838 1720 951 1744 tempora·
967 1707 968 1718 ³

385 1755 413 1777 lia
431 1755 458 1777 ad
478 1755 537 1777 bene
548 1756 690 1783 vivendum,
706 1762 749 1778 non
768 1756 795 1778 ad
814 1762 839 1778 ea
858 1756 950 1783 diligen·
967 1750 968 1756 ¹

385 1795 441 1816 dum
460 1795 504 1816 583
523 1794 537 1816 b
555 1807 584 1810 —
603 1795 676 1816 Miseri
694 1795 799 1817 homines
817 1796 949 1823 temporalia

385 1833 483 1861 diligunt
500 1833 544 1855 643
559 1833 573 1855 1)
585 1846 614 1850 -
628 1834 790 1861 Blasphetnant
805 1834 844 1862 qui
864 1838 951 1862 tempo-

385 1873 440 1894 ralia
458 1872 557 1895 amanda
575 1873 709 1900 praedicant
727 1873 771 1894 574
789 1879 800 1894 a

433 1912 522 1934 'Futurus
531 1924 560 1927 —
570 1915 604 1933 est
614 1911 751 1938 principium
763 1912 915 1939 corruptionis
922 1912 949 1934 415

386 1957 406 1972 3.
425 1950 468 1972 359
487 1956 499 1972 a
517 1963 548 1966 —
564 1950 693 1972 Praesentia
716 1954 819 1977 tempora
838 1950 951 1973 debemus

386 1989 506 2016 ordinare,
525 1990 599 2011 futura
618 1989 762 2017 praevidere,
780 1990 901 2017 praeterita
919 1996 951 2011 re-

386 2029 476 2050 eordari
494 2028 537 2050 447
557 2028 571 2050 b

433 2068 553 2090 Tautantum
573 2080 599 2083 ψ
624 2067 665 2089 Diu
692 2067 777 2089 detenti
805 2069 824 2089 in
851 2067 952 2089 tenebris

386 2107 460 2128 lucem
486 2107 590 2134 aspicere
616 2112 660 2128 non
689 2109 786 2134 possunt
811 2107 855 2128 252
883 2107 896 2128 b
924 2119 951 2122 —

387 2146 468 2172 Homo,
485 2146 524 2174 qui
543 2149 576 2167 est
593 2146 614 2167 in
634 2145 745 2172 tenebris,
763 2146 782 2167 si
799 2146 848 2167 vult
865 2146 951 2174 videre,

386 2185 461 2207 statim
479 2185 550 2206 currit
566 2185 595 2207 ad
618 2185 695 2206 lumen
718 2184 762 2207 543
780 2191 791 2207 3
816 2198 844 2200 —
868 2185 951 2212 signifi-

387 2227 439 2246 cant
457 2224 574 2246 salsitatem
594 2224 731 2246 infidelitatis
749 2224 777 2246 59
796 2231 806 2245 a

435 2264 526 2285 Teutam
543 2276 573 2279 ——
591 2266 625 2285 est
642 2263 767 2285 memoriae
786 2263 824 2285 421
847 2270 858 2285 a

435 2302 549 2324 TENT.x'l·10
571 2315 600 2318 —
624 2302 677 2324 Sine
703 2302 865 2324 tentationibus
889 2309 952 2330 prae-

387 2348 439 2364 sens
457 2342 502 2363 rita
520 2348 564 2363 11011
582 2342 674 2363 ducitur
694 2341 733 2363 271
758 2341 771 2363 1)
788 2354 819 2357 -
837 2342 951 2370 Quamdiu

388 2382 457 2403 homo
471 2384 576 2407 tentatur,
588 2385 621 2402 est
639 2381 660 2402 in
678 2381 781 2408 periculo
798 2381 952 2408 naufragandi

389 2420 432 2442 486
452 2426 464 2441 a

436 2471 464 2474 —-
482 2459 524 2481 alia
542 2462 576 2480 est
593 2459 700 2485 alliciens,
712 2459 754 2481 alia
767 2459 871 2486 affligens
883 2459 927 2480 639
940 2464 952 2480 3

388 2510 418 2514 --
435 2504 480 2526 qua
498 2498 602 2520 Christus
622 2501 720 2520 tentatus
742 2498 782 2520 fuit
805 2502 826 2519 et
848 2504 894 2526 qua
912 2504 953 2520 nos

389 2537 457 2559 hodie
476 2540 596 2563 tentamur,
613 2537 691 2564 triplex
710 2539 744 2559 est
761 2537 805 2558 624
824 2536 838 2558 b
850 2549 879 2553 —
893 2537 953 2565 Qua-

389 2579 440 2597 tuor
452 2580 505 2598 sunt
518 2576 654 2603 principales
666 2577 799 2598 tentationes
811 2580 833 2598 et
844 2580 895 2598 octo
908 2576 953 2598 col*

389 2615 502 2641 laterales,
528 2621 588 2643 quae
614 2615 763 2642 designantur
789 2621 829 2643 per
854 2619 954 2643 quatuor

389 2657 470 2675 ventos
486 2654 625 2681 principales
642 2660 771 2682 eorumque
792 2657 843 2676 octo
863 2655 953 2676 collate-

389 2693 447 2715 rales
466 2693 509 2714 426
528 2692 542 2714 b

437 2744 466 2747 —
485 2732 506 2753 ln
525 2731 686 2754 tentationibus
698 2732 859 2759 refugiendum
874 2736 907 2754 est
924 2732 954 2754 ad

390 2771 485 2792 vulnera
504 2770 585 2792 Christi
605 2771 737 2792 meditando
755 2771 804 2793 eius
822 2771 952 2798 passionem

391 2810 435 2831 295
454 2809 468 2830 b
485 2821 515 2825 —
534 2810 575 2831 l’er
593 2810 635 2832 hoe
654 2810 746 2831 faciliter
759 2809 954 2837 triumphabimus

391 2848 420 2870 de
437 2848 536 2876 diabolo,
555 2849 643 2871 inundo
660 2852 682 2871 et
699 2855 767 2871 carne
779 2848 832 2871 ibid.
845 2861 875 2865 —
893 2849 954 2871 Chri·

391 2890 438 2908 stus
452 2887 473 2908 in
486 2893 553 2909 cruce
565 2891 598 2909 cst
616 2888 702 2910 curatio
715 2891 792 2910 contra
807 2888 953 2910 tentationem

392 2926 512 2953 honorum,
529 2927 671 2954 deliciarum,
688 2927 821 2949 divitiarum
843 2928 884 2949 132
900 2934 910 2949 a
925 2940 955 2944 —-

391 2965 467 2986 omnis
484 2965 576 2987 sedatur
595 2972 635 2993 per
648 2966 782 2988 memoriam
799 2967 873 2988 crucis
885 2966 929 2988 267
942 2973 953 2989 3

1028 280 1056 283 -
1077 268 1098 289 111
1117 267 1280 290 tentationibus
1297 274 1353 296 prae
1370 268 1442 290 oculis
1464 267 1545 290 habea-

982 312 1034 328 mus
1048 306 1125 334 fldem,
1138 313 1208 335 quam
1226 306 1250 328 in
1268 306 1384 334 baptismo
1400 307 1546 335 suscepimus

982 345 1027 367 502
1045 351 1057 367 3
1075 358 1105 362 -—
1122 345 1179 368 Cum
1198 346 1321 374 insurgunt
1332 345 1459 368 diabolicae
1477 348 1546 368 tenta-

982 385 1067 412 tiones,
1087 392 1133 407 non
1157 386 1279 408 metiamur
1301 388 1390 408 nostras
1413 386 1487 412 vires,
1504 385 1546 408 sed

981 424 1075 446 viriliter
1087 425 1173 447 vadere
1184 425 1298 447 debemus
1310 431 1351 452 per
1362 425 1473 447 virtutum
1486 431 1547 447 exer-

982 463 1111 485 citationem
1131 463 1175 486 425
1188 470 1199 486 a
1216 476 1247 480 -—
1265 464 1313 486 Non
1331 470 1456 492 possumus
1474 464 1546 485 vitare

981 502 1067 524 diaboli
1083 503 1185 530 insidias,
1198 503 1239 525 nisi
1252 503 1313 525 Deus
1325 503 1397 531 ipsius
1409 505 1546 525 tentamenta

982 542 1065 564 nostris
1089 541 1178 564 viribus
1204 542 1321 564 modificet
1344 542 1388 564 239
1412 548 1432 564 3.
1456 542 1500 565 415
1524 542 1545 565 b.

983 581 1026 603 416
1045 587 1064 603 3,
1084 581 1128 603 425
1146 588 1157 603 3
1177 594 1204 597 -—
1228 581 1342 603 Habentes
1362 582 1463 609 Angelos
1485 581 1547 603 adiu-

965 645 966 652 ,
983 623 1043 642 tores
1060 626 1104 642 non
1123 620 1237 642 debemus
1254 620 1334 642 timere
1352 620 1487 642 tentationes
1501 621 1546 642 612

382 660 519 682 Iudaeorum
538 666 582 682 non
595 659 698 682 obstricti
716 662 780 681 erant
797 659 826 681 ad
841 659 949 681 visitatio·
965 657 966 665 ³

982 665 994 681 a
1011 671 1042 675 —
1060 665 1104 681 non
1127 662 1161 681 est
1183 659 1280 681 (licenda
1305 659 1413 686 violenta,
1432 659 1485 687 quia
1511 660 1547 681 ha-

982 698 1066 720 bemus
1092 697 1164 720 bonos
1189 698 1319 726 adiutores,
1337 699 1422 720 seilicet
1447 698 1548 726 Angelos

983 737 1027 759 502
1046 736 1060 759 1)
1078 750 1107 753 —
1124 737 1159 760 Ab
1183 737 1209 759 iis
1231 737 1359 765 poterimus
1381 737 1448 759 nobis
1465 744 1548 761 cavere

982 776 1109 799 ministerio
1126 777 1268 804 Angelorum
1286 776 1330 798 612
1348 776 1363 798 1)

1031 829 1058 832 --
1085 816 1127 838 Per
1154 815 1349 843 expugnationem
1378 822 1457 837 earum
1483 816 1549 843 perfi-

983 856 1074 878 ciuntur
1092 855 1187 877 virtutes
1205 855 1250 877 639
1268 861 1279 877 3
1297 867 1327 871 --
1345 855 1367 877 Si
1389 856 1481 877 tentatio
1504 855 1549 877 dia-

984 894 1057 917 bolica
1075 894 1134 916 victa
1152 897 1193 922 est,
1207 894 1311 922 sequitur
1328 894 1427 916 iucunda
1443 894 1548 923 tranquil-

984 935 1033 956 litas
1050 934 1094 956 208
1113 933 1128 955 1)
1145 946 1175 950 --
1193 933 1290 956 Stabiles
1311 933 1332 955 in
1355 934 1477 956 tentatione
1495 939 1549 961 gau-

983 973 1071 996 debunt
1089 973 1110 995 in
1125 979 1182 1001 pace
1194 979 1247 995 cum
1265 973 1358 1000 Angelis
1375 973 1414 994 Dei
1432 972 1485 995 ibid.
1504 973 1548 994 209

984 1019 997 1034 3
1014 1025 1043 1028 —
1062 1012 1121 1035 Vide
1138 1012 1206 1034 etiam
1226 1012 1253 1034 V.
1270 1011 1390 1034 Diabolus.

1031 1052 1126 1074 Turinus
1145 1064 1172 1066 —
1190 1057 1234 1073 non
1255 1050 1324 1073 1131101
1346 1051 1454 1073 iustitiam
1473 1051 1517 1072 618
1536 1057 1547 1072 a

984 1104 1011 1106 —
1030 1097 1075 1113 non
1094 1092 1160 1112 intrat
1177 1097 1275 1118 regnum
1298 1091 1412 1112 caelorum
1430 1089 1483 1112 ibat.
1503 1090 1548 1111 636

983 1136 994 1152 3
1013 1142 1043 1146 ——
1062 1130 1164 1157 Tepidos
1190 1130 1334 1151 inflammare
1359 1136 1403 1151 non
1430 1132 1463 1151 est
1486 1135 1548 1151 xere-

983 1169 1096 1196 003033),
1115 1169 1155 1191 sed
1174 1169 1325 1190 honorificum
1344 1169 1388 1190 ‘228
1406 1175 1418 1190 3

1030 1208 1107 1230 'renim
1121 1221 1148 1224 -—
1162 1208 1245 1230 (licitur
1260 1213 1310 1229 esse
1328 1208 1402 1229 media
1421 1207 1549 1233 libratione,

984 1247 1060 1269 infima
1084 1248 1209 1274 locatione,
1226 1247 1291 1268 firma
1317 1247 1467 1273 stabilitione,
1485 1247 1547 1268 arida

984 1286 1114 1308 conditione
1131 1286 1161 1307 94
1178 1292 1190 1308 a
1208 1298 1238 1301 —
1256 1285 1337 1308 Omnia
1361 1292 1457 1313 corpora
1480 1286 1550 1307 caele-

983 1325 1024 1347 51111
1043 1326 1115 1352 ipsam
1134 1325 1221 1347 directe
1237 1325 1351 1352 aspiciunt
1368 1325 1413 1346 669
1431 1331 1443 1346 3
1463 1337 1491 1340 —
1509 1323 1550 1346 Ce—

966 1368 1085 1393 ,teror-nm
1114 1370 1238 1392 corporum
1268 1364 1364 1385 virtutes
1392 1366 1549 1391 aggregantur

985 1404 1006 1425 111
1024 1403 1073 1431 ipsa
1086 1402 1139 1425 ibid,
1154 1416 1179 1418 —
1194 1410 1238 1425 non
1257 1406 1364 1425 moretur
1381 1409 1392 1424 a
1411 1406 1489 1425 centro
1508 1409 1549 1426 nec

984 1442 1013 1464 ad
1031 1447 1135 1464 centrum
1154 1448 1197 1464 nec
1220 1445 1296 1464 contra
1316 1445 1432 1471 centrum,
1450 1448 1503 1464 cum
1521 1442 1550 1464 sit

983 1485 1096 1508 centrum,
1106 1481 1185 1508 immo,
1196 1487 1248 1503 cum
1258 1481 1334 1503 onmia
1346 1485 1490 1507 moveantur,
1499 1481 1549 1509 ipsa

966 1536 968 1541 ¹
984 1524 1026 1542 stat
1045 1520 1068 1542 in
1085 1523 1204 1542 aeternum
1222 1520 1251 1542 94
1264 1526 1275 1542 3
1293 1533 1323 1535 -
1342 1524 1428 1542 tantum
1448 1521 1549 1547 pugillus

984 1562 1018 1582 est
1035 1562 1140 1587 respectu
1168 1559 1333 1587 magnitudInis
1355 1559 1448 1581 (livinae
1474 1559 1518 1581 353
1537 1565 1548 1581 a

984 1611 1015 1615 —
1032 1599 1073 1620 nisi
1092 1599 1120 1620 sit
1136 1599 1187 1621 luce
1204 1599 1325 1626 illustrata,
1344 1598 1417 1620 videri
1439 1605 1484 1620 non
1502 1600 1549 1626 pot-

985 1641 1018 1660 est
1036 1638 1080 1660 4-42
1098 1644 1109 1659 3

1031 1689 1061 1693 --
1080 1677 1174 1704 Propter
1187 1677 1249 1699 Adae
1262 1680 1383 1705 peccatum
1396 1677 1416 1698 ei
1429 1677 1550 1704 impositae

984 1720 1037 1739 sunt
1054 1720 1153 1744 quatuor
1172 1722 1259 1744 poenae
1278 1716 1322 1738 4559
1340 1722 1351 1737 a

1033 1768 1062 1772 —
1080 1759 1114 1777 est
1130 1756 1271 1782 aridissima,
1289 1755 1483 1783 profundissima,
1500 1755 1550 1777 irri-

986 1795 1095 1822 331551313
1105 1812 1110 1821 ,
1129 1795 1263 1817 fertilissima
1280 1795 1324 1816 668
1338 1794 1353 1816 1)
1365 1806 1394 1810 -—
1408 1794 1454 1816 Una
1468 1795 1549 1816 {tarum

986 1834 1152 1862 proprietatum
1171 1837 1204 1855 est
1221 1839 1289 1856 causa
1305 1834 1397 1855 alterius
1412 1832 1466 1855 ibicl.
1480 1846 1510 1849 —
1523 1834 1550 1856 Ut

986 1878 1045 1895 terra
1063 1873 1188 1900 fructificet,
1206 1873 1281 1900 primu
1299 1872 1368 1894 debet
1380 1872 1511 1900 praeparari
1529 1874 1551 1894 et

986 1916 1064 1940 postea
1082 1912 1189 1934 seminari
1208 1912 1251 1934 198
1271 1911 1284 1933 b
1302 1924 1331 1928 —
1349 1916 1382 1933 est
1406 1911 1464 1933 bene
1487 1917 1550 1939 prae-

987 1954 1077 1979 parata,
1101 1951 1194 1979 quando
1212 1955 1245 1972 est
1263 1957 1275 1972 a
1294 1951 1358 1972 malis
1382 1950 1499 1973 radicibus
1516 1957 1551 1972 ex-

985 1990 1090 2017 stirpata,
1114 1990 1179 2018 aquis
1205 1990 1343 2017 pluvialibus
1366 1990 1470 2017 irrigata⁷
1493 1989 1551 2011 calo-

985 2028 1050 2051 ribus
1072 2029 1126 2050 solis
1148 2029 1254 2056 opposita
1279 2029 1318 2051 199
1337 2035 1349 2050 a
1366 2041 1396 2044 —
1415 2029 1551 2051 fecundatur

987 2068 1103 2095 tripliciter
1127 2074 1152 2090 ex
1178 2068 1295 2090 influentia
1313 2068 1369 2089 caeli
1392 2067 1420 2089 97
1440 2067 1453 2089 b
1471 2080 1500 2083 —
1518 2074 1550 2089 re-

985 2107 1034 2129 licta
1053 2113 1108 2129 suae
1125 2107 1223 2129 ariditati
1242 2113 1288 2129 non
1306 2106 1419 2134 germinat
1431 2107 1475 2128 668
1489 2106 1503 2127 b
1521 2119 1547 2121 —

985 2146 1052 2174 aquis
1077 2146 1169 2173 irrigata
1192 2146 1289 2168 eflicitur
1313 2146 1427 2167 fructuosa
1450 2144 1504 2167 ibicl.
1521 2157 1551 2161 —-

986 2185 1096 2207 salutares
1114 2185 1197 2207 herbas
1213 2185 1355 2213 easdemque
1372 2185 1465 2206 nocivas
1480 2184 1551 2206 nutrit

986 2224 1031 2246 285
1049 2230 1061 2245 3

1033 2263 1102 2285 —in
1129 2263 1174 2284 11110
1200 2263 1280 2285 mundi
1306 2261 1474 2291 adaequabitur
1491 2261 1520 2284 35
1538 2268 1549 2283 3

986 2315 1015 2318 -«
1034 2306 1085 2330 post
1103 2303 1207 2324 ultimum
1234 2302 1344 2324 iudicium
1370 2302 1412 2323 erit
1437 2303 1503 2329 plana
1529 2304 1551 2323 et

986 2341 1074 2369 lucida,
1092 2341 1218 2363 clarissima
1235 2344 1257 2363 et
1274 2341 1426 2363 virentissima
1446 2340 1499 2363 ibici.

1033 2392 1062 2396 —
1080 2380 1185 2408 designat
1207 2380 1307 2402 animam
1332 2380 1426 2402 terrenis
1449 2380 1550 2402 deditam

987 2419 1031 2441 417
1048 2426 1060 2441 3
1079 2431 1109 2435 -
1126 2419 1233 2446 designat
1250 2421 1352 2441 terrenos
1375 2422 1396 2440 01
1418 2422 1551 2446 peccatores

987 2459 1031 2480 360
1049 2465 1061 2480 3
1083 2470 1113 2474 -
1136 2458 1242 2486 designat
1266 2461 1381 2480 terrenam
1406 2458 1549 2480 allectionem

987 2498 1032 2519 342
1050 2504 1061 2519 3
1079 2509 1109 2513 -—
1126 2497 1241 2524 significat
1262 2499 1375 2519 terrenam
1399 2498 1550 2519 conversatio-

987 2543 1039 2559 nem
1063 2536 1102 2558 104
1121 2542 1133 2558 3
1151 2548 1181 2552 -
1199 2537 1304 2564 designat
1321 2543 1413 2558 carnem
1436 2540 1549 2559 terrenam

987 2576 1060 2603 gulosi
1080 2575 1124 2597 459
1141 2582 1153 2597 a

1034 2627 1064 2630 —
1090 2615 1222 2642 germinans
1249 2614 1359 2641 significat
1388 2614 1550 2637 fecunditatem

988 2654 1090 2681 Virginis
1107 2654 1136 2676 33
1154 2660 1167 2675 3
1189 2666 1219 2670 -
1242 2654 1309 2675 Maria
1335 2654 1466 2681 concipiens
1492 2658 1549 2676 terra

988 2693 1070 2715 dicitnr
1088 2696 1182 2721 propter
1200 2693 1241 2714 tria
1259 2693 1288 2714 37
1306 2692 1321 2714 b
1338 2705 1368 2709 —
1385 2693 1433 2715 suis
1450 2693 1551 2721 proprie-

988 2732 1072 2754 tatibus
1094 2732 1223 2754 manifestat
1246 2732 1397 2754 hierarchiam
1420 2732 1552 2754 eeclesiasti-

988 2777 1038 2793 cam
1057 2772 1101 2793 613
1120 2778 1131 2793 3
1152 2783 1180 2787 -
1202 2771 1308 2799 designat
1331 2771 1453 2793 Ecclesiam
1477 2771 1520 2793 257
1539 2778 1552 2793 a

988 2822 1018 2826 -—
1038 2810 1144 2837 designat
1170 2811 1373 2838 profundissimam
1400 2811 1550 2833 humilitatem

989 2850 1018 2871 33
1037 2849 1051 2871 b
1070 2862 1097 2864 —
1115 2850 1228 2878 significat
1240 2850 1402 2872 conscientiam
1420 2850 1460 2872 197
1472 2856 1493 2872 a.
1509 2851 1549 2872 199

989 2895 1000 2910 a
1018 2901 1048 2905 —
1066 2889 1172 2917 designat
1190 2890 1331 2917 poenitentes
1348 2889 1393 2911 555
1412 2889 1426 2911 b

1035 2940 1065 2944 -
1078 2928 1174 2950 Ratione
1184 2934 1337 2956 supernorum
1350 2929 1463 2951 vilescunt
1475 2928 1551 2950 omnia

989 2971 1076 2989 terrena
1097 2967 1139 2989 407
1153 2974 1164 2989 3
1182 2980 1212 2984 -
1228 2968 1326 2990 Terrena
1345 2968 1421 2990 onmia
1440 2967 1552 2990 servando

926 189 1026 217 tNDEx
1048 189 1289 218 ALPHABETICUS
1310 189 1389 218 NONI
1411 190 1598 219 VOtUMINts.

1833 229 1891 251 THR

1579 268 1718 296 amittimus,
1737 268 1855 296 largiendo
1878 274 1999 290 servamus
2022 268 2065 290 417
2084 275 2096 291 3
2113 281 2143 285 -

1581 307 1696 329 Desideria
1716 310 1805 329 terrena
1822 307 1877 329 dant
1894 306 1961 329 nobis
1983 307 2067 329 bellum
2091 308 2144 330 inte-

1579 346 1664 368 stinum
1682 350 1704 368 et
1721 346 1875 373 submergunt
1901 346 1922 368 in
1946 346 2007 368 vado
2032 350 2144 374 tempora-

1580 385 1635 407 lium
1654 385 1698 406 617
1717 384 1731 406 1)
1749 397 1779 401 -
1796 385 1878 407 Anima
1902 386 1997 407 terrenis
2020 385 2096 408 dedita
2114 386 2143 408 ad

1581 424 1677 446 modum
1703 424 1805 452 pulveris
1830 430 1871 452 per
1895 424 1970 446 varias
1995 425 2144 453 cogitationes

1580 463 1722 490 dispergitur
1740 463 1783 485 417
1802 469 1814 485 a

1629 502 1792 524 TERRAEMOTUS
1811 515 1837 517 —
1860 503 2008 529 universalis,
2032 502 2145 525 maximus

1580 544 1603 563 et
1619 541 1702 568 longus
1715 541 1757 563 erit
1774 544 1826 564 ante
1843 541 1948 564 ultimum
1967 542 2077 564 iudicium
2091 541 2119 564 34
2131 548 2143 564 a

1580 592 1611 596 —
1628 581 1649 602 ln
1668 581 1711 602 1100
1729 583 1868 603 terraemotu
1886 581 1962 603 omnia
1981 581 2029 603 solo
2048 585 2145 608 proster-

1580 622 1663 641 nentur
1680 619 1734 642 ibid,

1629 659 1701 680 Tesu
1720 672 1749 674 —
1767 659 1831 681 arida
1854 659 1910 681 celat
1933 659 2039 681 nucleum
2057 659 2144 682 bonum

1581 697 1625 719 596
1643 704 1654 719 3

1629 736 1793 759 Tesmuesrtnu
1811 749 1841 753 —
1858 737 1880 759 ln
1904 738 1975 759 veteri
1998 738 2145 760 Testamento

1582 776 1651 798 multa
1669 776 1795 803 significata
1814 779 1874 803 sunt,
1886 782 1946 805 quae
1958 776 2043 799 debent
2059 776 2108 799 fieri
2122 776 2145 798 in

1582 820 1644 837 novo
1662 814 1707 836 645
1724 821 1736 836 a
1762 827 1792 831 —
1817 816 1859 837 Per
1884 818 1951 837 vetus
1972 816 2145 838 Testamentum

1582 854 1723 881 significatur
1748 858 1841 877 sanctus
1866 855 1934 876 timor
1957 854 1997 876 521
2020 854 2035 876 b
2057 867 2087 871 —
2105 855 2146 877 Per

1582 899 1668 915 novum
1693 893 1864 916 Testamentum
1890 894 2032 921 significatur
2054 896 2146 916 sanctus

1582 938 1647 954 amor
1659 931 1713 954 ibid.
1726 946 1754 948 —
1770 932 1884 955 Christum
1902 933 2035 955 crucifixum
2053 933 2147 961 respicit

1583 974 1627 993 tota
1645 972 1764 999 sapientia,
1777 978 1837 1000 quae
1855 972 1875 994 in
1888 971 1981 994 duobus
1994 972 2146 994 Testamentis

1583 1010 1711 1032 continetur
1727 1011 1773 1032 717
1788 1010 1802 1033 b
1819 1023 1848 1027 —
1866 1011 1913 1033 duo
1930 1011 2088 1038 intelliguntur
2105 1016 2146 1039 per

1582 1049 1641 1071 duos
1659 1049 1765 1071 denarios
1777 1050 1817 1072 401
1836 1049 1850 1071 1)
1861 1062 1892 1066 -
1903 1050 1950 1072 (1110
1963 1050 2092 1078 ligurantur
2105 1056 2146 1078 per

1583 1089 1642 1111 duos
1659 1089 1779 1116 Seraphim
1798 1089 1838 1111 521
1862 1088 1876 1110 b

1629 1128 1783 1150 ‘l'nsrtmemio
1797 1140 1827 1144 —-
1845 1128 1918 1155 posita
1937 1128 1958 1150 in
1975 1134 2027 1150 area
2046 1132 2080 1150 est
2096 1128 2145 1156 ipsa

1583 1167 1626 1188 Lex
1644 1167 1688 1188 717
1707 1173 1718 1188 3

1629 1206 1725 1228 Τ11Α11515
1737 1219 1767 1222 -
1778 1206 1939 1234 interpretatur
1956 1207 2081 1234 exploratio
2093 1213 2147 1234 gatt-

1582 1245 1613 1266 dii
1631 1245 1659 1266 80
1672 1244 1695 1267 b.
1708 1245 1751 1267 346
1766 1252 1777 1267 3
1791 1258 1820 1261 -
1833 1246 1907 1267 Naves
1919 1246 2013 1268 Tharsis
2025 1246 2147 1273 designant

1583 1284 1713 1306 affectiones
1731 1285 1870 1311 gaudiorum
1889 1285 2059 1307 mundanorum
2076 1284 2130 1307 ibid.

1630 1323 1723 1345 'struma
1741 1336 1768 1339 —
1788 1324 1845 1345 ficus
1862 1324 2024 1351 interpretatur
2042 1324 2071 1345 59
2088 1330 2099 1346 a
2116 1336 2147 1340 --

1583 1362 1697 1389 significat
1713 1362 1855 1390 voluptatem
1873 1362 1927 1385 ibici.

1631 1401 1755 1423 'l'utiotoota
1774 1414 1803 1417 —
1821 1405 1917 1424 vocatur
1929 1402 2022 1424 domina
2035 1402 2080 1424 564
2092 1408 2103 1424 a
2116 1415 2147 1418 —

1583 1440 1725 1468 significatur
1742 1447 1783 1469 per
1799 1441 1913 1463 decimam
1926 1441 2061 1463 drachmam
2079 1441 2119 1463 159
2132 1441 2146 1463 b

1631 1480 1753 1502 'l'utzusrnm
1772 1492 1802 1496 —
1820 1480 1920 1502 consistit
1944 1480 1965 1502 in
1989 1480 2067 1502 divino
2085 1481 2146 1503 cultu

1583 1522 1604 1541 et
1622 1520 1709 1541 honore
1731 1520 1771 1541 182
1789 1525 1801 1541 a

1631 1558 1743 1580 'sur-,antea
1769 1570 1800 1574 ——
1827 1559 1941 1586 significat
1969 1559 2146 1581 amaritudinem

1584 1598 1736 1625 poenitentiae
1755 1597 1798 1619 637
1816 1604 1827 1619 a

1632 1637 1762 1659 ”suestanus
1778 1649 1809 1652 —
1826 1637 1870 1665 Qui
1888 1637 1943 1659 fodit
1966 1638 2085 1659 thesauros
2107 1640 2148 1659 ter-

1583 1682 1632 1697 ram
1651 1676 1718 1697 trahit
1734 1679 1755 1698 et
1773 1677 1874 1704 quaerit,
1892 1676 1967 1698 donec
1984 1676 2086 1698 inveniat
2103 1676 2147 1698 408

1584 1715 1598 1736 b
1611 1728 1640 1730 —
1652 1715 1760 1737 inventus
1778 1714 1935 1743 absconditur,
1948 1720 1972 1737 ut
1985 1718 2090 1738 servetur
2104 1715 2146 1737 153

1583 1760 1595 1776 a
1614 1767 1643 1770 —
1661 1755 1795 1776 amittuntur
1812 1755 1931 1783 effusione,
1944 1754 2101 1782 subreptione,
2113 1760 2148 1777 30-

1583 1794 1667 1821 rugine
1685 1793 1729 1815 475
1748 1793 1762 1815 b

1630 1845 1660 1848 —
1678 1833 1816 1860 temporales
1833 1836 1885 1855 sunt
1902 1833 1981 1860 magni
1994 1833 2090 1861 periculi
2103 1833 2146 1855 473

1585 1871 1599 1893 1)
1616 1884 1646 1888 -
1663 1872 1723 1893 Multi
1742 1873 1861 1894 thesauros
1873 1878 1928 1894 suos
1940 1875 2027 1894 tantum
2043 1872 2148 1901 diligunt⁷

1584 1911 1646 1939 quod
1662 1911 1723 1933 nullo
1742 1911 1812 1933 modo
1830 1911 1878 1933 aliis
1895 1911 2010 1939 aperirent
2027 1911 2071 1934 539
2090 1910 2105 1933 b
2117 1923 2148 1927 —

1585 1950 1627 1978 Qui
1646 1951 1765 1972 thesauros
1782 1950 1905 1972 ostendunt
1922 1951 1970 1972 aliis
1992 1956 2075 1978 parum
2093 1950 2147 1973 inde

1584 1992 1664 2011 curant
1688 1988 1741 2011 ibid.
1767 2001 1797 2005 —
1823 1990 1961 2017 temporales
1986 1993 2039 2012 sunt
2064 1989 2148 2012 valoris

1585 2028 1685 2055 maximi,
1702 2028 1720 2050 si
1738 2028 1771 2050 eis
1788 2028 1847 2050 bene
1866 2029 1950 2050 utimur
1964 2029 2008 2051 475
2020 2028 2035 2050 b
2046 2040 2077 2044 —
2089 2029 2148 2057 Quo-

1585 2067 1654 2089 modo
1672 2068 1789 2094 possimus
1807 2068 1919 2089 thesauris
1936 2067 2102 2095 temporalibus
2115 2067 2148 2089 uti

1585 2105 1653 2131 bene,
1673 2106 1753 2128 melius
1771 2109 1792 2128 et
1809 2107 1896 2134 optime
1914 2105 1967 2129 ibid.
1992 2119 2019 2122 -
2043 2106 2085 2134 Qui
2109 2107 2148 2128 dat

1585 2146 1716 2167 thesaurum
1736 2145 1875 2167 materialem
1894 2146 1916 2167 in
1929 2145 1991 2167 caclo
2003 2145 2046 2167 sibi
2060 2146 2148 2168 thesau-

1584 2184 1639 2206 rizat
1656 2183 1684 2206 ib.
1703 2190 1715 2206 a

1631 2235 1662 2240 ·--
1679 2223 1747 2250 Giezi,
1761 2223 1826 2245 ludas
1843 2225 1866 2245 et
1879 2223 1976 2245 Ananias
1993 2229 2148 2251 congregave-

1584 2265 1638 2284 runt
1655 2263 1774 2284 thesauros
1790 2263 1868 2290 lingua
1892 2262 2005 2284 mendacii
2023 2262 2067 2284 474
2086 2262 2100 2284 b

1632 2314 1662 2317 —
1679 2305 1713 2323 est
1737 2302 1828 2329 triplex:
1856 2302 2006 2329 possessionis
2031 2304 2148 2328 terrenae,

1584 2341 1768 2363 sanctificationis
1783 2341 1894 2368 internae,
1905 2340 2104 2368 contemplatIOnis
2116 2346 2149 2362 ar-

1585 2386 1656 2401 canae
1673 2380 1716 2402 473
1730 2380 1744 2402 b
1756 2392 1786 2396 —
1798 2380 1888 2402 Primus
1905 2383 1938 2402 est
1954 2380 2040 2402 valoris
2059 2386 2148 2408 permo-

1584 2419 1629 2441 dici
1652 2421 1673 2440 et
1695 2419 1863 2446 permutandus
1886 2419 2053 2446 permutatione
2078 2424 2148 2446 pura,

1585 2458 1622 2485 pia
1639 2461 1661 2479 et
1679 2459 1777 2485 perfecta
1790 2457 1844 2480 ibid.
1858 2458 1901 2479 474
1915 2464 1927 2479 3
1939 2469 1970 2474 —-
1984 2458 2103 2480 Secundus
2115 2460 2148 2479 est

1585 2497 1669 2519 valoris
1689 2497 1768 2524 magni
1790 2499 1812 2519 et
1833 2496 1999 2519 custodiendus
2021 2496 2148 2524 diligenter,

1584 2537 1680 2563 occulte,
1692 2536 1804 2558 indefesse
1823 2536 1867 2558 475
1885 2535 1965 2557 1)-477
1982 2542 1993 2557 3
2011 2548 2042 2552 -
2058 2535 2148 2558 Tertius

1585 2578 1618 2598 est
1640 2576 1724 2597 valoris
1747 2575 1853 2597 immensi
1870 2579 1892 2597 et
1908 2575 2076 2597 desiderandus
2091 2575 2148 2597 desi-

1585 2614 1649 2637 derio
1666 2614 1769 2641 sublimi,
1788 2614 1876 2641 humili,
1887 2613 1973 2636 liberali
1988 2614 2030 2635 473
2043 2620 2062 2635 a.
2076 2613 2120 2635 477
2134 2613 2148 2635 b

1586 2666 1614 2669 —
1627 2653 1726 2681 Quilibet
1743 2653 1811 2675 debet
1823 2653 1908 2675 habere
1920 2654 2051 2675 thesaurum
2065 2653 2149 2680 gratia-

1584 2698 1637 2714 rum
1654 2695 1676 2714 ct
1693 2693 1803 2715 virtutum
1821 2692 1865 2714 539
1884 2691 1899 2713 b
1920 2704 1947 2707 —
1968 2691 2081 2714 bonorum
2104 2691 2148 2719 spi-

1585 2731 1700 2753 ritualium
1718 2732 1852 2753 amittuntur
1866 2737 1906 2759 per
1924 2731 2053 2758 lasciviam,
2071 2737 2149 2758 super-

1586 2769 1661 2797 biam,
1678 2771 1789 2793 accidiam
1808 2770 1852 2792 475
1870 2770 1884 2792 b

1633 2811 1725 2833 'l'uottms
1742 2823 1772 2827 —
1789 2811 1916 2833 dubitando
1934 2811 2008 2838 magis
2019 2810 2086 2833 nobis
2098 2817 2148 2838 pro-

1587 2850 1640 2877 fuit,
1658 2856 1728 2878 quam
1751 2851 1819 2872 Maria
1842 2851 1988 2879 lllagdalena,
2005 2856 2064 2879 quae
2081 2851 2148 2873 citius

1586 2889 1682 2911 credidit
1700 2890 1743 2912 290
1762 2889 1777 2911 b

1635 2929 1734 2952 Tiumcrt
1752 2942 1782 2946 ·—
1800 2931 1820 2952 ln
1839 2929 1935 2952 Thracia
1959 2929 2012 2951 olim
2036 2935 2086 2951 mos
2109 2929 2148 2951 fuit

1587 2968 1608 2990 in
1627 2968 1783 2991 nativitatibus
1800 2969 1919 2991 hominnm
1938 2969 1991 2991 flere
2009 2968 2053 2990 545
2071 2968 2085 2990 b
