2269 3448
402 197 456 224 152

656 234 706 257 PEC

401 274 440 297 sed
460 281 505 297 non
523 274 618 296 veniunt
635 272 688 296 ibid.
701 285 731 289 —
743 272 847 295 Christus
864 272 965 300 loquitur

401 314 428 336 ad
448 318 582 342 peccatores
600 319 640 340 per
661 313 773 334 internam
792 311 965 339 inspirationem

401 354 429 376 53
448 359 460 375 a
478 366 508 369 —
526 353 586 375 Dens
604 354 737 380 peccatores
755 352 864 373 instanter
887 352 965 377 vocat,

401 393 513 421 patienter
525 394 653 419 exspectat,
666 391 790 413 clementer
807 390 903 418 suscipit
921 389 965 412 347

401 438 413 454 a
427 444 458 448 —-
471 431 575 455 Christus
592 433 737 458 peccatorem
752 430 859 456 illustrat,
873 432 967 451 revocat

402 478 414 494 a
428 474 538 494 consueta
556 470 739 496 conversatione,
758 471 870 497 provocat
887 469 916 491 ad
934 474 967 490 se-

401 511 494 540 quenda
511 516 551 532 sna
571 512 693 538 praecepta
712 509 756 531 397
775 508 789 530 b

450 563 478 565 —
496 550 621 572 invitantur
639 549 667 570 ad
686 548 849 576 poenitentiam
875 547 967 569 audien-

402 592 448 617 tes,
466 590 487 611 in
506 589 599 616 Angelis
616 594 657 616 per
674 589 718 610 hoc
736 587 840 615 generari
859 586 966 608 laetitiam

402 629 447 651 370
466 628 480 650 b
497 641 528 645 —
545 628 661 650 inducitur
686 627 715 649 ad
739 626 902 654 poenitentiam
927 631 967 652 per

402 667 585 690 miscricordiam
609 667 637 688 ‘28
663 672 674 688 a
701 678 731 682 —
753 665 865 687 memoria
887 664 968 686 mortis

402 707 501 730 maxime
520 709 626 728 movetur
642 706 670 727 ad
690 704 876 727 emendationem
895 703 939 725 397
953 703 967 725 b

402 759 433 762 —
450 746 593 773 dissipantur
611 751 656 767 non
676 748 699 767 ut
716 747 823 772 pereant,
841 743 881 765 sed
895 745 919 765 ut
937 743 969 765 vi-

403 789 448 808 tam
475 786 562 813 gratiae
587 787 724 811 recuperent
750 784 794 805 332
819 782 833 804 b
850 795 880 799 —
899 782 968 804 variis

402 824 479 846 modis
496 823 641 851 compellitur
663 823 691 844 ad
718 821 888 849 implorandam
912 821 968 843 divi-

402 869 455 886 nam
474 862 658 885 misericordiam
677 862 721 884 226
740 860 755 883 b

450 903 520 924 —ln
539 902 589 929 ipso
612 901 755 923 considerari
781 902 854 928 potest
877 899 969 922 sceleris

403 941 594 967 circumvolutio,
617 940 693 962 cordis
718 939 836 966 contritio,
855 939 969 961 confessio

403 981 448 1003 395
467 987 479 1003 a
499 993 529 997 —
551 981 594 1008 ipsi
621 980 763 1002 necessariae
789 981 841 1001 sunt
866 978 969 1006 expulsio

403 1021 492 1048 culpae.
510 1020 594 1042 infusio
611 1019 706 1047 gratiae,
723 1018 854 1041 exercitatio
871 1017 969 1040 iustitiae

406 1059 450 1082 453
468 1066 479 1081 a

450 1111 481 1115 —
499 1105 543 1121 non
561 1098 641 1120 obedit
659 1098 717 1125 Deo,
736 1097 777 1119 nisi
797 1097 912 1125 poeniteat
924 1096 968 1118 503

404 1138 425 1160 b.
445 1138 489 1161 504
507 1144 518 1160 a
538 1150 567 1154 —
590 1143 636 1159 non
661 1137 772 1164 poenitet,
790 1136 831 1158 nisi
851 1138 875 1158 ut
891 1136 920 1158 sit
938 1136 969 1157 iu-

403 1181 452 1200 stus
478 1177 522 1200 504
548 1183 559 1198 a
586 1189 616 1193 -
641 1176 760 1205 quomodo
777 1175 878 1198 debeant
896 1176 970 1197 facere

404 1217 566 1245 poenitentiam
586 1217 629 1238 '196
648 1215 662 1237 b
680 1228 710 1232 -
722 1215 827 1238 Conditio
843 1214 970 1242 peccatoris

404 1255 542 1279 describitur
559 1258 671 1284 quantum
690 1255 719 1277 ad
736 1257 820 1277 statum
842 1257 969 1281 transgres-

403 1296 487 1323 sionis,
513 1298 588 1317 actum
615 1294 776 1320 subiectionis,
794 1294 901 1316 affectum
922 1299 970 1315 ora-

404 1335 471 1357 tionis
490 1335 533 1356 183
552 1334 566 1356 1)
589 1346 619 1350 -
645 1334 726 1356 Anima
754 1333 869 1361 peccatrix
887 1333 970 1354 clamat

404 1375 504 1397 clamore
537 1379 629 1401 amaro,
661 1373 764 1395 veridico
778 1390 783 1399 ,
817 1371 968 1394 satisfactorio

404 1414 448 1435 213
467 1412 482 1435 b
499 1426 529 1428 —
547 1418 620 1441 quare
645 1411 730 1434 debeat
755 1417 809 1433 cum
827 1417 910 1439 magna
930 1412 969 1432 hu-

404 1453 497 1475 militate
513 1452 616 1475 confiteri
635 1454 763 1480 prostratus
776 1451 804 1473 ad
818 1451 890 1478 pedes
908 1456 969 1478 pres-

404 1491 476 1519 byteri
495 1492 539 1514 393
558 1498 569 1513 a

450 1544 480 1547 —
498 1532 516 1553 A
534 1534 629 1559 peccato
645 1530 789 1558 surgendum
807 1532 842 1552 est
858 1536 899 1557 per
917 1535 969 1551 con-

404 1571 533 1597 tritionem,
554 1570 721 1593 consessionem
745 1572 767 1592 et
788 1569 967 1592 satisfactionem

403 1610 449 1632 585
467 1616 478 1632 3
497 1622 525 1626 --
544 1609 614 1632 debet
630 1615 726 1637 surgere
744 1615 784 1637 per
803 1609 854 1630 mali
873 1608 968 1630 detesta-

404 1650 488 1672 tionem
508 1650 552 1671 239
571 1649 585 1671 b
603 1662 633 1665 —
650 1648 719 1671 debet
736 1654 861 1676 exsurgere
878 1654 919 1676 per
932 1648 969 1670 de-

403 1689 526 1711 sertionem
546 1689 632 1716 peccati
650 1687 703 1711 ibid.
717 1700 744 1704 —
758 1688 828 1710 debet
844 1693 969 1715 exsurgere

403 1734 415 1750 a
435 1728 542 1754 mortuis,
560 1728 581 1750 id
601 1731 634 1750 est
651 1727 680 1749 ab
698 1726 809 1755 operibus
826 1727 923 1749 mortuis
935 1733 970 1748 ex-

404 1770 436 1789 tra
454 1767 571 1790 caritatem
591 1767 655 1789 sactis
672 1766 727 1789 ibid.
744 1779 774 1783 —
792 1766 905 1788 manifesti
927 1772 969 1788 nec

403 1810 528 1834 resurgunt
545 1812 587 1829 nec
604 1812 726 1834 resurgere
743 1812 768 1828 se
779 1806 904 1828 ostendunt
916 1811 968 1827 cum

404 1846 494 1869 Christo
520 1846 564 1868 276
592 1845 606 1867 1)
624 1858 653 1861 —
670 1850 723 1868 sunt
748 1846 771 1867 in
788 1845 871 1873 triplici
890 1846 968 1871 fovea,

404 1892 464 1914 quae
482 1886 607 1913 opponitur
624 1885 785 1907 resurrectioni
804 1883 858 1907 ibid.
876 1897 906 1900 —
919 1885 969 1906 Pec-

405 1931 460 1947 cans
481 1925 632 1952 cogitatione,
650 1924 759 1946 continuo
781 1924 867 1952 surgit;
885 1930 968 1951 opere,

405 1964 536 1986 vivificatus
553 1964 629 1991 sedet;
647 1963 827 1990 consuetudine,
840 1963 969 1985 vivificatus

404 2004 487 2032 ligatus
504 2006 539 2025 est
556 2003 600 2025 412
619 2002 633 2025 b

453 2055 482 2059 —
500 2043 518 2065 si
536 2043 659 2065 revertitur
684 2042 712 2064 ad
737 2042 822 2068 Deum,
840 2042 889 2069 ipse
906 2047 969 2063 com-

404 2085 511 2104 movetur
529 2081 686 2104 misericordia
713 2081 757 2103 350
776 2080 790 2103 b
816 2093 845 2096 —
870 2081 969 2103 redeun-

405 2125 438 2144 tes
454 2122 483 2143 ad
502 2121 625 2143 Dominum
649 2121 725 2148 ipsum
744 2120 861 2142 invenient
878 2126 968 2142 sumine

404 2160 540 2189 placabilem
557 2160 582 2182 71
606 2159 628 2182 b.
645 2159 675 2182 72
693 2166 704 2181 a
724 2173 751 2175 —
774 2160 793 2181 si
810 2159 913 2181 converti
932 2165 969 2181 vo-

404 2200 483 2227 luerit,
501 2200 625 2222 clementer
642 2199 766 2227 suscipitur
784 2205 795 2221 a
814 2198 903 2221 Christo
925 2198 968 2220 189

404 2246 415 2262 3
434 2252 464 2256 -
481 2241 698 2268 quantumcumque
716 2244 815 2265 magnus
828 2244 874 2260 non
887 2238 970 2265 despe-

403 2282 438 2301 ret
461 2281 555 2307 propter
577 2279 683 2300 timorem
709 2277 820 2304 iustitiae,
838 2277 877 2299 sed
902 2277 970 2299 confi-

405 2319 443 2341 dat
466 2320 561 2346 propter
578 2317 742 2345 benignitatem
766 2316 858 2339 divinae
881 2316 969 2339 miseri-

404 2357 497 2380 cordiae
514 2357 559 2379 243
577 2356 592 2378 1)
608 2369 640 2373 -
656 2363 668 2378 a
688 2357 734 2378 Deo
752 2356 894 2384 recipiuntur
911 2356 970 2378 sicut

405 2397 465 2419 filius
482 2396 595 2424 prodigus
612 2402 624 2418 a
643 2398 706 2424 patre
723 2402 765 2418 suo
783 2396 828 2418 350
846 2401 857 2417 a

451 2448 482 2452 —
498 2436 633 2463 designatur
646 2441 686 2463 per
699 2435 771 2457 filium
784 2435 910 2463 prodigum
923 2435 968 2457 257

406 2475 421 2497 b
438 2487 469 2491 —
486 2475 608 2497 revertitur
625 2475 654 2497 ad
671 2476 774 2502 patrem,
795 2474 891 2502 quando
917 2480 969 2502 poe-

404 2515 461 2537 nitet
477 2513 530 2537 z‘bid.
548 2527 576 2530 —
595 2514 660 2536 Tunc
678 2517 828 2541 praeparatur
846 2514 865 2536 ei
884 2520 969 2542 corpus

404 2553 487 2576 Christi
504 2556 526 2576 et
538 2553 663 2575 consolatio
675 2553 799 2580 spiritualis
811 2552 865 2575 ibid.
877 2565 906 2569 -—
919 2559 970 2581 pro-

404 2596 454 2621 pter
472 2592 591 2614 foeditates
609 2592 742 2620 praeteritas
754 2598 765 2613 a
786 2592 831 2614 Deo
847 2592 969 2619 devitatur,

404 2632 444 2654 sed
461 2632 520 2654 sicut
538 2632 597 2654 filius
621 2631 733 2659 prodigus
759 2632 883 2653 clementer
900 2632 970 2653 susci-

405 2671 466 2699 pitur
483 2670 528 2693 347
547 2670 561 2692 b
577 2683 608 2686 —
626 2670 748 2698 Explicatio
760 2669 814 2693 ibid.
828 2683 858 2685 —
871 2670 970 2693 Tardius

404 2711 452 2732 Deo
469 2710 562 2732 videtur
579 2709 693 2737 peccatori
712 2709 803 2731 veniam
825 2709 881 2731 dare
898 2716 969 2738 quam

404 2749 448 2777 ipsi
467 2749 581 2777 peccatori
599 2749 704 2776 accipere
723 2748 766 2770 233
786 2748 800 2770 1)

451 2800 482 2804 -
499 2790 642 2810 recurrentes
660 2787 689 2809 ad
702 2787 794 2809 Mariam
808 2787 864 2810 fiunt
876 2787 971 2810 arbores

405 2827 535 2849 salutiferae
553 2827 597 2848 697
616 2826 630 2848 b

452 2878 482 2882 -
499 2866 604 2888 conversi
617 2872 663 2887 non
675 2865 809 2887 reficiuntur
822 2866 844 2887 in
857 2865 971 2887 conscien-

405 2905 443 2931 tia,
460 2905 478 2926 si
501 2905 549 2926 siue
574 2904 692 2927 doctrinae
718 2904 802 2932 pabulo
828 2905 971 2927 dimittantur

406 2944 450 2965 379
468 2949 480 2965 a
498 2955 528 2959 —
546 2944 706 2965 reconciliatus
723 2944 840 2965 etiterum
854 2944 926 2966 Deum
940 2945 970 2966 of-

405 2982 499 3004 fendens
518 2983 625 3004 vii-tutem
644 2986 741 3004 evacuat
764 2983 878 3010 passionis
895 2983 939 3004 727
957 2989 968 3004 3

1046 284 1076 287 —
1093 271 1169 294 statim
1182 271 1267 299 dignus
1279 274 1313 293 est
1324 271 1384 293 totali
1397 271 1566 297 consumtione,

1000 311 1041 333 nisi
1067 313 1127 333 esset
1151 311 1229 333 divina
1256 310 1414 333 misericordia
1440 310 1485 332 347
1504 309 1519 332 b
1536 322 1566 326 —

1000 350 1065 378 Quod
1086 351 1146 373 Deus
1163 356 1209 372 non
1226 350 1303 372 statim
1323 350 1352 372 de
1369 349 1531 378 peccatoribus
1542 355 1567 371 se

999 390 1108 416 vindicat,
1126 389 1283 412 misericordia
1301 392 1343 416 est,
1360 389 1401 411 sed
1418 389 1483 417 quod
1493 388 1566 411 vindi⁴

999 429 1061 451 eabit
1082 435 1120 456 se,
1143 429 1227 451 iustitia
1250 429 1294 451 350
1313 428 1327 450 b
1344 440 1375 444 —
1393 427 1503 450 Diabolus
1521 434 1565 450 non

1000 469 1075 491 statim
1093 468 1201 490 verberat
1212 471 1353 496 peccatores,
1364 468 1438 489 denec
1450 467 1567 489 crudelius

1001 507 1134 530 verberabit
1152 507 1173 529 in
1193 507 1279 529 inferno
1299 507 1342 528 440
1360 513 1373 528 a

1048 559 1078 563 ——
1090 547 1178 569 ratione
1190 547 1271 574 cnlpae
1284 549 1385 568 meretur
1397 552 1497 573 poenam
1509 552 1566 567 sem>

1001 586 1115 614 piternam
1134 586 1178 608 392
1198 585 1212 607 b
1230 598 1260 601 —
1276 586 1335 607 sicut
1353 585 1376 607 in
1394 585 1434 607 Dei
1458 584 1565 607 iustitiam

1001 625 1114 653 peccavit,
1132 625 1165 647 sic
1182 631 1224 653 per
1241 631 1295 646 eum
1313 624 1352 653 qui
1367 628 1473 646 aeternus
1490 626 1532 650 est,
1544 623 1566 645 in

1001 667 1120 687 aeternum
1139 664 1247 692 punietur
1264 664 1286 685 in
1304 664 1357 691 igne
1374 663 1476 685 infernali
1494 662 1539 685 344
1553 662 1567 684 b

1000 716 1031 720 —
1048 703 1160 732 quamdiu
1179 703 1286 725 vixerunt
1308 703 1437 730 praesentia
1460 702 1568 725 ardentes

1002 746 1139 765 amaverunt
1156 743 1256 771 ideoque
1273 742 1332 764 iuste
1350 742 1475 769 puniuntur
1493 747 1567 769 poena

1002 786 1093 805 aeterna
1112 783 1155 805 383
1175 782 1189 804 b
1206 794 1236 798 ——
1255 788 1310 810 prae
1327 781 1447 804 timiditate
1459 784 1481 803 et
1493 781 1569 803 incon-

1002 822 1083 845 stantia
1101 828 1147 844 non
1165 822 1241 843 valent
1258 822 1338 848 sugere
1355 821 1456 848 culpam,
1473 820 1525 842 ideo
1538 820 1569 842 iu-

1002 864 1035 884 ste
1052 862 1180 889 puniuntur
1197 867 1270 889 poena
1289 860 1369 882 inferni
1388 859 1432 882 400
1446 859 1460 881 b
1471 872 1502 876 —
1516 862 1570 882 sunt

1002 901 1077 923 sidera
1090 901 1197 928 errantia,
1210 899 1296 928 quibus
1309 899 1407 927 procella
1421 898 1568 921 tenebrarum

1003 944 1134 962 reservatur
1152 940 1196 962 659
1215 946 1227 962 a

1050 992 1080 996 —
1097 979 1216 1001 Terribilis
1234 982 1267 1001 est
1284 978 1373 1000 animae
1395 977 1517 1006 peccatrici
1534 984 1569 999 oc-

1003 1025 1085 1041 cursus
1103 1019 1186 1041 Indicis
1204 1018 1248 1040 694
1267 1024 1279 1040 a
1298 1031 1326 1033 —
1348 1017 1505 1040 formidabunt
1529 1017 1570 1039 Do-

1003 1059 1091 1081 minum
1106 1058 1126 1080 in
1139 1058 1177 1080 die
1191 1058 1282 1080 ultionis
1293 1058 1319 1079 71
1336 1056 1351 1079 b
1365 1070 1392 1072 —
1412 1057 1433 1078 in
1451 1057 1489 1079 die
1507 1056 1569 1078 ultio·

1003 1098 1038 1120 nis
1055 1097 1168 1120 videbunt
1185 1097 1292 1124 superius
1309 1097 1395 1119 iustum
1414 1096 1526 1122 iudicem,
1539 1095 1569 1117 in-

1003 1137 1072 1159 ferius
1090 1137 1168 1164 ignem
1191 1138 1319 1162 aeternum,
1340 1135 1434 1157 interius
1453 1135 1570 1157 conscien-

1004 1177 1057 1198 tiam
1075 1176 1246 1198 remordentem
1265 1180 1286 1197 et
1303 1175 1402 1197 exterius
1414 1175 1503 1196 hostem
1516 1180 1570 1196 con-

1003 1215 1141 1238 stantissime
1158 1217 1304 1237 accusantem
1322 1213 1375 1236 ibid.

1051 1255 1167 1277 Paeonum
1185 1266 1216 1270 —
1234 1254 1283 1276 Duo
1300 1256 1354 1275 sunt
1370 1259 1455 1281 genera
1468 1255 1571 1280 peccato>

1003 1301 1064 1321 rum,
1082 1294 1168 1316 scillcet
1184 1293 1295 1321 originale
1312 1297 1334 1314 et
1351 1293 1439 1314 actuale
1457 1292 1502 1314 634
1515 1298 1527 1314 a
1540 1304 1570 1308 —

1003 1332 1116 1362 originale
1127 1333 1270 1360 significatur
1283 1332 1400 1360 tripliciter
1410 1338 1451 1359 per
1462 1331 1569 1353 morbum

1004 1374 1081 1401 leprae
1100 1373 1128 1394 47
1146 1378 1166 1399 a,
1185 1371 1199 1394 b
1217 1384 1246 1388 —-
1266 1377 1306 1399 per
1318 1370 1449 1399 rubiginem
1463 1371 1570 1398 designa-

1004 1414 1039 1434 tur
1058 1412 1103 1434 634
1120 1418 1140 1434 a.
1158 1411 1204 1434 7=l4
1223 1418 1234 1433 a
1254 1424 1282 1426 —
1299 1414 1448 1438 comparatur
1465 1410 1569 1432 surditati

1003 1458 1029 1474 ex
1047 1452 1133 1479 duplici
1150 1451 1237 1474 ratione
1255 1451 1283 1473 47
1303 1450 1317 1473 b

1050 1504 1079 1507 —
1098 1491 1193 1513 Ratione
1211 1490 1325 1512 foeditatis
1347 1489 1465 1517 originalis
1487 1489 1569 1516 culpae

1003 1531 1120 1553 nascimur
1137 1536 1219 1553 omnes
1237 1530 1274 1552 filii
1293 1530 1339 1552 irae
1351 1534 1373 1551 et
1384 1529 1487 1551 carnales
1500 1528 1543 1550 224
1557 1535 1569 1550 3

1004 1583 1032 1586 —
1051 1570 1128 1592 Merito
1146 1570 1220 1597 ipsius
1240 1575 1333 1591 eramus
1356 1573 1464 1597 tanquam
1489 1568 1570 1596 pupilli

1002 1612 1025 1632 et
1041 1609 1130 1638 absque
1148 1613 1212 1637 patre
1229 1612 1251 1631 et
1263 1608 1345 1636 privati
1359 1608 1485 1630 hereditate
1498 1607 1542 1629 485
1556 1607 1570 1629 b

1003 1661 1033 1665 —
1052 1655 1093 1671 nos
1111 1649 1212 1677 privavit
1229 1648 1355 1670 hereditate
1378 1648 1443 1676 regni
1467 1648 1570 1669 caelestis

1004 1689 1048 1710 ‘224
1067 1695 1079 1710 ti

1049 1740 1080 1744 —
1099 1728 1175 1750 foedat
1192 1730 1217 1749 ut
1234 1727 1331 1754 macula,
1350 1727 1418 1749 laedit
1436 1730 1459 1748 ut
1477 1726 1569 1748 infirmi·

1004 1770 1037 1789 tas
1053 1770 1076 1789 et
1099 1767 1155 1795 ligat
1178 1770 1202 1789 ut
1220 1769 1296 1788 reatus
1314 1766 1359 1788 634
1378 1765 1392 1788 b
1410 1778 1439 1781 —
1457 1766 1499 1788 Per
1516 1765 1569 1787 illud

1004 1806 1086 1828 inflicta
1104 1809 1139 1828 est
1156 1806 1283 1834 ignorantia
1302 1806 1323 1827 in
1341 1805 1467 1833 intellectu,
1486 1805 1569 1827 malitIa

1003 1846 1025 1868 in
1043 1847 1133 1872 affectu,
1152 1845 1285 1873 impotentia
1305 1845 1325 1867 in
1349 1845 1438 1873 ellectu,
1461 1844 1569 1871 concupi-

1003 1885 1087 1908 scentia
1104 1885 1127 1907 in
1145 1885 1179 1907 his
1197 1884 1306 1907 omnibus
1317 1884 1363 1906 720
1375 1890 1387 1905 a
1401 1896 1428 1899 —
1442 1884 1464 1905 in
1477 1884 1571 1906 homine

1005 1925 1056 1947 fecit
1068 1924 1241 1951 obscuritatem,
1253 1924 1404 1951 tepiditatem,
1416 1924 1569 1950 timiditatem,

1004 1970 1064 1992 quae
1082 1970 1135 1986 eum
1154 1963 1323 1986 deordinabant
1340 1969 1351 1985 a
1372 1963 1481 1985 Trinitate
1500 1963 1544 1985 400
1557 1969 1569 1984 a

1004 2016 1033 2019 —
1051 2004 1072 2025 ln
1091 2003 1184 2025 homine
1201 2006 1266 2025 erant
1283 2005 1334 2024 ante
1347 2002 1474 2024 adventum
1487 2002 1569 2024 Christi

1002 2042 1106 2064 defectus
1129 2042 1252 2069 potentiae,
1275 2041 1429 2069 expet-Ientiae
1450 2044 1471 2063 et
1488 2041 1570 2063 intelli-

1003 2081 1094 2109 gentiae
1119 2081 1148 2103 45
1171 2087 1183 2103 a
1202 2094 1231 2096 —
1253 2081 1294 2103 Per
1320 2081 1412 2108 culpam
1433 2080 1569 2108 originalem

1003 2121 1080 2142 anima
1097 2120 1210 2142 infirmata
1236 2124 1269 2142 est
1295 2119 1420 2142 amissione
1445 2120 1568 2147 potentiae,

1003 2162 1122 2182 excaecata
1146 2159 1269 2181 amissione
1294 2159 1431 2186 sapientiae,
1455 2158 1569 2186 captivata

1003 2199 1126 2221 amissione
1144 2198 1240 2220 iustitiae
1259 2198 1287 2220 90
1305 2204 1317 2219 a

1052 2251 1078 2254 —
1099 2238 1140 2260 Per
1158 2241 1278 2265 peccatum
1292 2237 1403 2265 originale
1415 2238 1484 2259 homo
1498 2237 1569 2259 incur-

1003 2278 1032 2300 rit
1041 2277 1236 2304 tenebrositatem,
1246 2277 1419 2305 malignitatem,
1429 2276 1568 2299 debilitatem

1004 2317 1043 2338 331
1066 2322 1079 2338 a
1101 2329 1131 2332 —
1150 2316 1224 2338 Homo
1247 2322 1287 2344 per
1313 2319 1433 2344 peccatum
1457 2316 1569 2344 originale

1002 2356 1095 2378 devenit
1112 2356 1141 2378 ad
1160 2355 1326 2382 hebitudinem,
1338 2356 1484 2382 curvitatem,
1499 2355 1570 2377 ferita-

1003 2398 1056 2423 tem,
1074 2395 1204 2423 segnitiem,
1222 2395 1369 2417 voracitatem
1388 2398 1410 2416 et
1426 2395 1568 2416 atrocitatem

1003 2434 1047 2456 647
1067 2434 1082 2456 1)
1099 2447 1130 2450 -
1142 2434 1213 2456 Media
1226 2434 1255 2456 ad
1268 2434 1396 2456 sanandum
1410 2433 1462 2456 ibid.
1476 2446 1506 2450 -
1520 2434 1569 2455 Pro-

1003 2476 1053 2501 pter
1066 2474 1118 2496 illud
1133 2473 1216 2495 inflicta
1228 2476 1262 2496 est
1273 2473 1458 2501 concupiscentia
1471 2475 1493 2495 et
1505 2473 1569 2500 igno-

1004 2513 1075 2535 rantia
1095 2513 1139 2535 588
1158 2512 1172 2534 b
1190 2525 1220 2529 —
1238 2513 1315 2535 Merito
1340 2512 1427 2540 peccati
1450 2512 1569 2539 origInalis

1004 2558 1083 2580 pugna
1102 2555 1135 2574 est
1153 2552 1210 2574 inter
1227 2558 1319 2574 carnem
1338 2555 1360 2574 et
1376 2551 1482 2579 spiritum
1496 2551 1540 2573 398
1554 2550 1568 2572 b

1051 2604 1080 2607 —
1096 2592 1136 2614 Per
1149 2594 1268 2619 peccatum
1282 2591 1387 2613 homines
1398 2590 1496 2618 dispersi
1505 2593 1569 2612 erant

1004 2633 1099 2658 propter
1115 2631 1289 2658 septemplicem
1306 2630 1446 2652 discordiam
1464 2630 1488 2651 61
1512 2629 1526 2651 1)
1541 2641 1568 2644 —

1005 2670 1045 2691 Per
1063 2673 1183 2697 peccatum
1207 2670 1319 2697 originale
1342 2671 1410 2692 homo
1434 2674 1515 2696 passus
1535 2671 1569 2690 est

1004 2711 1092 2736 septem
1110 2709 1213 2731 defectus
1229 2710 1257 2731 50
1270 2708 1285 2730 h
1298 2721 1328 2725 —
1340 2709 1381 2731 Per
1393 2711 1513 2736 peccatum
1526 2709 1568 2729 ori-

1004 2748 1079 2775 ginale
1092 2749 1161 2770 homo
1174 2754 1256 2776 passus
1268 2750 1302 2770 est
1314 2747 1488 2770 incommodum
1502 2747 1523 2769 in
1536 2748 1568 2769 ef-

1005 2787 1077 2814 fectu,
1095 2788 1197 2814 profectu
1215 2790 1238 2809 ct
1257 2788 1351 2814 affectu,
1369 2787 1422 2815 quia
1446 2786 1538 2809 recessit
1555 2792 1567 2808 a

1004 2832 1096 2848 summa
1109 2827 1233 2853 maiestate,
1248 2826 1348 2848 bonitate
1365 2829 1387 2848 et
1403 2826 1486 2854 pietate
1504 2826 1543 2847 183
1555 2831 1566 2847 a

1004 2877 1034 2881 —
1044 2866 1085 2887 Per
1094 2865 1170 2893 ipsum
1183 2866 1277 2888 incurrit
1290 2867 1359 2888 homo
1369 2865 1525 2888 difficultatem
1538 2864 1567 2886 ad

1004 2904 1092 2926 bonum
1110 2907 1132 2926 et
1148 2905 1286 2932 pronitatem
1305 2905 1334 2927 ad
1350 2905 1434 2926 malum
1449 2904 1476 2926 46
1490 2910 1510 2926 a.
1523 2903 1566 2925 437

1004 2950 1015 2965 3
1029 2956 1058 2960 -
1072 2945 1112 2966 Per
1129 2947 1249 2971 peccatum
1268 2944 1378 2971 originale
1391 2943 1431 2965 fnit
1445 2944 1514 2965 homo
1531 2943 1568 2965 de-

1004 2983 1121 3010 spoliatus,
1146 2983 1279 3005 vulneratus
1301 2985 1324 3004 et
1341 2981 1472 3005 debilitatus
1491 2981 1534 3003 400
1553 2981 1567 3003 b

947 193 1046 222 lNDEX
1068 193 1307 222 ALPHABETICUS
1328 193 1407 221 NONl
1429 192 1616 222 VOLUMlNlS.

1862 231 1913 254 PEC

1600 283 1630 287 -
1639 270 1721 292 Anima
1732 273 1825 298 peccato
1838 270 1943 298 originali
1956 272 2012 292 facta
2025 274 2059 292 est
2070 270 2131 293 nuda
2144 273 2166 293 et

1600 310 1718 336 deformis,
1736 309 1837 332 sauciata
1855 313 1878 332 et
1899 310 2018 337 languens,
2040 310 2127 332 caduca
2144 313 2166 332 et

1601 348 1683 371 debilis
1706 348 1745 371 401
1768 355 1781 371 3
1798 361 1829 364 —
1847 349 1899 371 Post
1915 351 2036 376 peccatum
2054 349 2166 377 originale

1600 388 1681 411 oculus
1698 388 1773 410 carnis
1789 388 1813 410 in
1830 394 1871 410 sua
1888 388 1939 410 luce
1956 388 2073 415 remansit,
2085 388 2165 410 oculus

1600 427 1694 449 rationis
1706 430 1739 449 est
1751 427 1907 454 obnubilatus,
1919 428 2001 449 oculus
2011 427 2104 450 divinae
2115 434 2166 450 con-

1601 466 1754 494 templationis
1771 469 1905 489 excaecatus
1923 466 1967 488 459
1987 466 2001 488 b

1647 517 1678 522 -
1695 505 1762 528 nobis
1780 506 1884 528 causavit
1895 506 2033 533 multiplices
2045 505 2168 533 poenalita-

1601 548 1634 567 tes
1651 545 1691 567 411
1714 545 1729 567 1)
1747 558 1775 561 —
1795 545 1835 567 Per
1853 545 1908 567 illud
1926 546 2022 567 fractum
2040 548 2074 567 est
2094 551 2167 573 genus

1601 586 1729 607 humanum
1746 584 1792 606 714
1809 584 1825 606 b
1841 596 1872 601 —
1890 585 1931 606 Per
1949 585 2025 612 ipsum
2050 586 2119 607 homo
2137 585 2167 607 si-

1602 624 1660 646 milis
1679 625 1750 646 factus
1767 627 1802 646 est
1818 624 1891 646 brutis
1913 624 1937 646 in
1959 624 2096 646 necessitate
2119 630 2168 646 mo-

1601 664 1673 686 riendi
1692 667 1713 685 et
1731 665 1752 686 in
1770 663 1899 685 brutalitate
1916 663 2025 685 vitiorum
2044 663 2088 685 647
2107 662 2121 685 b
2138 676 2167 679 —

1602 704 1680 725 Merito
1699 703 1786 731 peccati
1804 703 1921 730 originalis
1943 703 2018 725 omnis
2041 703 2111 725 homo
2134 705 2168 725 est

1602 742 1682 765 mortis
1699 742 1789 764 debitor
1808 742 1852 764 400
1870 748 1881 764 3
1899 754 1930 758 -
1948 742 2000 764 ldeo
2023 742 2084 764 Deus
2107 748 2168 764 nunc

1603 782 1721 809 permittit,
1741 781 1884 804 innocentem
1902 781 1977 804 occidi
1989 781 2019 803 ab
2030 781 2102 809 impio
2115 780 2168 804 ibid.

1602 835 1632 837 —
1650 821 1817 843 Praevaricatio
1835 821 1964 843 voluntaria
1982 821 2023 843 fuit
2039 821 2129 843 initium
2146 824 2168 843 et

1602 861 1668 889 origo
1687 862 1803 883 humanae
1820 860 1900 883 mortis
1917 860 1961 882 208
1980 866 1991 882 a

1649 913 1680 916 —
1690 900 1751 922 Deus
1762 900 1825 922 solus
1836 906 1879 922 nos
1890 899 1988 922 liberare
1998 902 2086 927 poterat
2098 906 2110 921 a
2123 905 2169 922 ma-

1603 939 1629 961 lis
1646 945 1687 967 per
1704 939 1767 961 Adae
1785 941 1904 966 peccatum
1922 939 2044 961 contractis
2062 939 2090 961 38
2110 938 2124 960 b
2138 952 2168 954 —

1602 979 1688 1001 Luctus
1705 981 1727 1000 et
1744 978 1832 1000 tristitia
1850 981 1914 1000 erant
1936 978 1957 1000 in
1981 979 2046 1000 vultu
2069 978 2168 1001 hominis

1603 1018 1691 1040 ratione
1703 1018 1791 1046 primae
1803 1017 2012 1046 praevaricationis,
2025 1018 2066 1040 sed
2077 1019 2134 1040 haec
2147 1018 2169 1040 in

1603 1057 1715 1085 gaudium
1729 1063 1841 1079 conversa
1858 1059 1911 1079 sunt
1923 1057 1944 1079 in
1960 1056 2042 1080 Christi
2054 1057 2169 1079 nativitate

1605 1098 1644 1119 411
1667 1103 1679 1118 a
1696 1100 1832 1119 —tantum
1858 1102 1899 1124 per
1922 1096 2037 1118 Christum
2063 1096 2169 1119 mundari

1604 1136 1678 1164 potuit
1696 1136 1740 1158 -187
1758 1142 1771 1158 a
1789 1148 1817 1151 —
1836 1135 1907 1163 Culpa
1920 1136 2038 1163 originalis
2050 1135 2122 1158 deleta
2136 1139 2170 1158 est

1604 1182 1645 1204 per
1662 1175 1778 1198 Christum
1797 1176 1825 1197 29
1844 1181 1856 1197 3
1874 1187 1904 1191 -
1921 1175 2003 1197 Anima
2021 1177 2116 1203 peccato
2127 1175 2170 1197 ori-

1604 1215 1673 1243 ginali
1692 1215 1773 1237 infecta
1791 1221 1803 1236 a
1821 1214 1911 1237 Christo
1929 1215 1969 1237 fuit
1982 1215 2070 1241 vestita,
2083 1217 2169 1243 sanata,

1604 1254 1710 1276 roborata
1736 1254 1774 1276 401
1798 1260 1809 1276 3
1827 1266 1858 1270 -
1874 1253 1988 1276 Liberatio
2012 1253 2041 1276 ab
2064 1254 2170 1282 originali

1603 1294 1669 1321 culpa
1689 1293 1831 1321 significatur
1848 1299 1889 1321 per
1907 1293 2050 1321 leprosorum
2074 1293 2170 1315 munda-

1605 1333 1689 1355 tionem
1707 1336 1729 1355 et
1745 1332 1863 1355 surditatis
1880 1333 2021 1355 sanationem
2041 1333 2068 1355 47
2086 1339 2107 1360 a,
2126 1332 2140 1355 b

1651 1384 1681 1388 —
1698 1372 1720 1394 in
1739 1372 1808 1394 Maria
1827 1372 1867 1394 fuit
1884 1372 1984 1394 deletum
2007 1375 2119 1400 quantum
2140 1372 2169 1395 ad

1604 1412 1727 1438 maculam,
1752 1411 1869 1439 sequelam
1896 1414 1917 1433 et
1943 1417 2036 1433 causam
2054 1411 2099 1433 634
2117 1417 2137 1440 a,
2155 1410 2169 1433 b

1604 1463 1634 1467 —
1652 1451 1673 1473 in
1701 1451 1799 1473 aliorum
1827 1450 2006 1473 sanctificatione
2034 1451 2170 1480 relinquitur

1604 1493 1717 1519 quantum
1736 1490 1765 1513 ad
1783 1490 1921 1518 pronitatem
1939 1490 1968 1512 ad
1980 1490 2125 1518 peccandum
2137 1489 2167 1513 ib.

1604 1537 1616 1552 a
1633 1542 1664 1546 -
1682 1530 1820 1552 mundatum
1838 1532 1872 1551 est
1889 1529 2039 1557 sufficienter,
2057 1529 2108 1552 licet
2124 1536 2169 1552 nou

1603 1572 1717 1599 quantum
1743 1569 1772 1591 ad
1798 1575 1878 1591 omnes
1904 1569 2028 1591 efficienter
2047 1569 2090 1591 187
2108 1575 2121 1591 a
2138 1581 2168 1585 —

1603 1609 1705 1632 Rebellio
1723 1609 1744 1631 in
1763 1614 1831 1630 carne
1844 1612 1921 1630 contra
1934 1608 2040 1636 spiritum
2053 1608 2169 1630 reordina-

1604 1651 1640 1671 tur
1658 1655 1699 1676 per
1716 1648 1923 1675 obtemperantiam
1942 1647 2075 1670 humilitatis
2092 1648 2137 1670 588
2155 1647 2169 1669 b

1603 1700 1634 1704 -
1653 1688 1711 1710 Vide
1728 1688 1796 1710 etiam
1816 1688 1844 1709 V.
1861 1686 1946 1710 Adam.

1651 1739 1681 1743 —
1698 1726 1790 1749 actuale
1807 1727 1910 1749 consistit
1927 1727 1949 1749 in
1966 1726 2086 1749 aversione
2098 1726 2128 1748 ab
2140 1726 2170 1748 in·

1604 1766 1763 1789 commutabili
1781 1766 1843 1788 bono
1861 1769 1883 1788 et
1899 1766 2051 1788 conversione
2068 1766 2096 1788 ad
2109 1771 2169 1788 com-

1604 1805 1714 1828 mutabile
1737 1805 1825 1827 bonum
1849 1806 1878 1828 50
1896 1805 1918 1827 b.
1938 1805 1980 1827 v137
1999 1811 2012 1827 a
2029 1817 2060 1821 —
2077 1805 2171 1827 includit

1605 1846 1728 1872 maculam,
1746 1846 1864 1874 sequelam
1883 1848 1904 1866 et
1921 1845 2031 1867 offensam
2050 1844 2095 1866 625
2113 1844 2127 1866 b
2139 1857 2169 1861 —

1605 1885 1664 1913 Quid
1682 1886 1738 1907 haec
1756 1884 1901 1906 introducant
1918 1883 1971 1906 ibid.
1984 1896 2014 1900 —
2026 1887 2071 1906 tam
2085 1889 2169 1912 magna

1604 1927 1665 1951 sunt,
1683 1926 1783 1952 quantus
1800 1926 1834 1946 est
1851 1923 1886 1945 ille
1903 1923 1942 1952 qui
1959 1923 2083 1945 offenditur
2099 1923 2143 1945 246
2156 1928 2168 1945 a

1604 1976 1634 1980 -
1652 1963 1735 1985 dicitur
1753 1962 1854 1988 tenebra,
1871 1962 1924 1991 quia
1941 1962 1998 1984 sitin
2012 1962 2112 1984 tenebris
2124 1962 2169 1984 527

1604 2009 1616 2024 a
1635 2015 1663 2018 —
1681 2003 1788 2025 dicuntur
1810 2001 1910 2024 nebulae
1933 2002 1977 2023 659
1996 2008 2008 2023 a
2025 2014 2056 2018 —
2073 2004 2169 2024 vocatur

1604 2042 1717 2069 paralysis
1739 2042 1864 2069 spiritualis
1887 2041 1931 2063 423
1955 2047 1967 2063 3
1988 2054 2018 2057 -—
2036 2041 2077 2063 Per
2094 2041 2169 2063 stellas

1604 2081 1682 2108 nigras
1709 2081 1863 2108 intelliguntur
1888 2080 1995 2103 obstinati
2021 2081 2043 2102 in
2070 2080 2169 2108 peccatis

1603 2120 1648 2142 720
1667 2126 1679 2141 a
1696 2132 1727 2136 —
1745 2120 1840 2142 mortale
1856 2125 1911 2141 vere
1923 2122 1957 2142 est
1968 2120 2085 2142 desertum
2099 2119 2143 2141 609
2157 2125 2168 2141 3

1652 2172 1681 2174 -
1700 2160 1798 2181 Pet-care
1815 2159 1876 2181 idem
1890 2159 1999 2187 estquod
2011 2159 2111 2181 deficere
2123 2159 2167 2181 398

1604 2198 1627 2220 b.
1646 2198 1689 2220 400
1707 2205 1719 2220 a
1737 2211 1767 2215 -
1785 2198 1827 2227 Qui
1846 2204 1887 2226 per
1905 2201 2025 2226 peccatum
2049 2198 2169 2226 elongatur

1604 2244 1616 2260 a
1635 2238 1681 2260 Deo
1699 2238 1776 2260 deficit
1793 2237 1822 2259 ab
1840 2241 1891 2260 ente
1909 2238 1948 2259 531
1971 2243 1983 2259 a
2001 2249 2031 2253 ———
2052 2237 2106 2259 nihil
2124 2240 2169 2264 est,

1604 2282 1626 2299 et
1643 2277 1681 2306 qui
1701 2280 1780 2305 peccat
1796 2277 1851 2299 nihil
1866 2277 1890 2298 fit
1902 2276 1955 2299 ibid.
1973 2289 2004 2293 —
2022 2283 2067 2299 non
2085 2276 2169 2299 habent

1604 2323 1687 2339 verum
1706 2322 1764 2343 esse,
1781 2316 1822 2339 sed
1839 2322 1925 2338 vanum
1944 2319 1966 2338 et
1982 2315 2111 2338 defectibile
2123 2316 2167 2338 322

1604 2355 1619 2378 h
1635 2368 1666 2372 —
1684 2356 1811 2383 corrumpit
1828 2358 1850 2378 et
1866 2355 1960 2378 deducit
1977 2355 2006 2377 ab
2024 2361 2074 2377 esse
2091 2355 2131 2377 531
2154 2361 2167 2377 3

1651 2408 1681 2411 -
1699 2396 1723 2417 flt
1734 2401 1776 2423 per
1787 2397 1886 2423 quatuor
1899 2401 1988 2422 passus,
2000 2394 2039 2423 qui
2051 2398 2105 2416 sunt
2116 2400 2168 2422 pec-

1603 2435 1647 2457 cati
1666 2434 1773 2462 cognitio,
1792 2434 1919 2461 delectatio,
1936 2433 2077 2461 deliberatio,
2089 2433 2167 2456 electio

1605 2474 1649 2496 225
1668 2473 1682 2496 11
1702 2486 1730 2489 ——
1748 2474 1771 2495 ln
1788 2474 1898 2495 electione
1916 2473 2051 2501 pervenitur
2068 2473 2096 2495 ad
2110 2479 2168 2495 mor-

1604 2517 1649 2535 tem
1673 2513 1763 2535 auimae
1779 2512 1834 2535 ibid.
1850 2524 1881 2528 —
1898 2512 2018 2534 inchoatur
2039 2512 2061 2533 in
2078 2513 2167 2539 affectu,

1603 2552 1694 2580 proficit
1706 2553 1728 2574 in
1740 2558 1852 2574 consensu
1866 2554 1888 2573 et
1897 2554 2072 2573 consummatur
2082 2551 2102 2573 in
2115 2555 2167 2573 actu

1603 2591 1648 2613 270
1666 2597 1678 2613 3
1696 2603 1726 2607 -
1744 2591 1765 2613 111
1783 2596 1810 2613 eo
1833 2594 1867 2612 est
1888 2590 2014 2618 suggestio,
2039 2590 2167 2618 delectatio,

1602 2636 1728 2652 consensus
1746 2633 1768 2652 et
1784 2629 1887 2657 operatio
1905 2630 1950 2652 635
1962 2636 1974 2651 a
1987 2642 2016 2645 —-
2029 2629 2166 2652 describitur

1602 2669 1680 2698 quoad
1699 2669 1821 2697 originem,
1838 2669 2061 2691 consummationem
2079 2669 2167 2691 6111113-

1602 2709 1646 2731 lem
1665 2708 1834 2731 ordinationem
1853 2708 1892 2730 331
1915 2714 1927 2730 3

1649 2760 1678 2763 -
1696 2747 1775 2769 Anima
1795 2747 1856 2769 cadit
1873 2753 1914 2774 per
1932 2747 2092 2774 Ignorantiam,
2116 2752 2166 2769 con-

1602 2786 1776 2813 cupiscentiam,
1798 2786 1929 2808 violentiam
1950 2785 1993 2807 423
2011 2792 2023 2807 3
2040 2799 2070 2801 -
2088 2785 2166 2808 omnia

1603 2825 1697 2847 veniunt
1714 2831 1740 2847 ex
1757 2825 1902 2853 septemplici
1919 2825 1974 2847 falso
1992 2831 2071 2847 amore
2089 2825 2133 2847 264
2150 2824 2165 2846 1)

1601 2877 1632 2881 -
1649 2864 1724 2886 onmia
1743 2865 1854 2891 pullulant
1870 2870 1897 2886 ex
1915 2864 2009 2890 luxuria,
2032 2864 2126 2886 avaritia
2144 2867 2166 2886 et

1601 2903 1710 2931 superbia
1729 2904 1773 2925 306
1791 2910 1803 2925 a
1822 2916 1849 2919 ——
1868 2909 1937 2926 omne
1954 2906 2036 2925 autes(
2050 2903 2070 2925 in
2085 2903 2165 2930 Deum,

1601 2945 1641 2965 aut
1659 2943 1678 2964 in
1698 2943 1837 2971 proximum,
1855 2945 1894 2964 aut
1915 2943 1938 2964 111
1961 2942 2089 2964 subiectum
2113 2948 2165 2970 pro-

1602 2982 1678 3009 prium
1698 2982 1742 3003 367
1760 2988 1772 3003 a
