2269 3448
392 190 427 219 58
1176 183 1392 212 DlSSERTATlO
1415 182 1443 210 ll.

391 268 577 306 vigilantiam,
599 266 749 303 cogitatum
771 267 923 299 auxerunt,
938 267 970 292 ut
985 263 1184 292 meditaremur
1200 270 1246 291 ve-

393 315 552 345 hementius
574 318 600 343 et
621 313 781 350 diligentius
802 312 1025 345 attenderemus,
1047 310 1114 348 quid
1130 310 1180 347 ipsi
1202 317 1246 338 ec-

393 363 505 397 clesiae,
528 361 595 399 quid
616 361 705 390 dictae
726 360 803 394 sedi,
830 359 897 396 quid
926 358 1013 387 eidem
1038 365 1123 394 regno
1152 357 1179 385 in
1207 357 1246 385 fa-

393 410 489 439 cienda
510 409 667 447 provisione
689 407 848 436 huiusmodi
872 406 964 443 potius
985 405 1146 442 expediret,
1175 404 1247 441 aspi-

394 461 487 486 rantes
509 456 574 485 totis
595 455 739 484 affectibus
760 458 787 483 et
809 453 932 483 sollicitis
954 452 1053 481 studiis
1074 452 1247 480 intendentes

393 504 427 534 ad
451 505 541 533 virum
564 503 695 532 dilectum
718 505 745 531 et
764 501 905 534 devotum,
922 499 998 529 Sedis
1019 499 1142 528 eiusdem
1161 499 1247 527 eccle-

393 552 449 581 siae
471 552 610 589 praefatae
632 550 727 578 utilem
751 552 778 577 et
800 548 887 585 ipsius
918 547 995 584 regni
1026 546 1101 583 pacis
1129 549 1156 574 et
1184 553 1248 574 con-

395 599 505 628 cordiae
526 600 695 630 amatorem,
718 596 751 625 ad
774 596 865 625 virum
890 595 945 623 vita
966 594 1159 630 conspicuum,
1182 592 1247 621 insi-

394 654 475 683 gnem
491 645 613 679 scientia,
630 643 803 681 providentia
818 642 1006 679 spectabilem,
1022 648 1106 678 quem
1122 640 1249 676 diligeret

396 693 529 722 Dominus
550 696 577 721 et
599 692 625 720 in
642 691 722 720 cuius
737 690 924 727 requiesceret
948 689 1085 722 bonitate,
1107 687 1141 716 ad
1157 687 1247 715 virum

395 749 446 778 pro
467 740 525 769 suis
547 739 629 768 claris
650 738 782 775 operibus
797 737 879 773 digna
898 736 1049 764 imitatione
1065 734 1248 772 sequendum,

395 796 445 825 per
467 795 549 824 quem
572 794 643 823 grex
669 785 822 814 catholicus
851 787 982 820 tanquam
1012 791 1061 819 per
1091 782 1160 811 lucis
1188 790 1249 818 spe-

395 836 490 864 culum
512 833 708 862 convenienter
734 835 826 868 posset
853 831 933 868 dirigi
956 830 989 858 ad
1018 830 1145 859 salutem.
1174 829 1250 858 Unde

395 885 490 911 nostra
512 881 537 909 in
562 880 604 909 his
625 879 760 908 desideria
782 878 902 907 totaliter
924 880 1116 907 convertentes
1141 876 1175 905 ad
1197 876 1250 904 Do-

396 929 520 963 minum,
542 931 569 956 et
591 927 750 956 huiusmodi
774 926 939 963 provisionis
961 924 1101 962 negotium
1124 924 1184 953 eius
1203 923 1250 952 be-

397 976 534 1014 neplacito
556 975 759 1004 committentes
780 982 811 1002 ac
826 973 879 1002 sub
894 981 942 1010 spe
964 973 1049 1001 solius
1064 979 1131 1001 suae
1146 971 1250 1008 gratiae

396 1023 514 1052 fidenter
536 1022 733 1059 procedentes,
754 1021 788 1049 de
809 1020 855 1048 illo
878 1019 972 1048 habito
993 1021 1137 1048 contractu
1165 1025 1250 1054 super

397 1072 450 1100 hoc
471 1078 534 1099 cum
558 1069 700 1098 Fratribus
722 1068 825 1097 nostris
840 1071 866 1096 et
882 1068 1005 1104 ipsorum
1022 1066 1149 1100 consilio,
1164 1066 1197 1094 ad
1213 1066 1251 1093 Te

398 1118 554 1147 direximus
576 1119 686 1145 nostrae
718 1114 945 1144 considerationis
973 1114 1121 1146 intuitum,
1154 1113 1180 1140 in
1213 1113 1251 1140 Te

398 1169 462 1194 vota
484 1168 578 1193 nostra
599 1163 788 1196 firmavimus,
811 1162 837 1190 in
860 1163 896 1190 Te
918 1165 1012 1190 noster
1034 1160 1149 1197 spiritus
1172 1160 1251 1197 plena

397 1212 595 1242 deliberatione
617 1211 731 1248 quievit.
754 1209 930 1238 Attendentes
953 1209 1045 1245 itaque
1067 1208 1093 1236 in
1117 1208 1153 1236 Te
1181 1207 1251 1235 Reli-

400 1259 488 1297 gionis
502 1258 689 1295 asperitatem,
705 1257 822 1285 nitorem
840 1256 919 1288 vitae,
935 1254 1152 1284 conversationis
1172 1262 1252 1282 mun-

400 1307 510 1340 ditiam,
533 1306 708 1335 eminentiam
739 1304 884 1337 scientiae,
914 1302 1103 1340 providentiae
1131 1302 1251 1330 circum-

399 1354 566 1391 spectionem
583 1356 609 1381 et
631 1351 857 1388 compositionem
873 1350 1029 1387 gravitatis,
1052 1353 1079 1378 et
1100 1349 1173 1386 quod
1197 1351 1252 1376 tam

399 1401 460 1434 diu,
483 1403 538 1428 tam
561 1398 736 1428 laudabiliter
759 1398 807 1426 toti
829 1398 888 1425 Tuo
911 1396 1054 1434 praefuisti
1076 1395 1183 1429 Ordini‚
1206 1403 1252 1424 su-

400 1451 525 1484 sceptum
554 1446 682 1483 generale
703 1445 886 1473 ltlinisterium
915 1451 999 1480 super
1027 1444 1106 1472 illum
1133 1443 1253 1480 gerendo

400 1495 518 1523 fideliter
540 1498 567 1522 et
588 1493 738 1522 salubriter
760 1491 940 1528 exsequendo
960 1490 995 1519 ad
1016 1498 1148 1527 magnum
1172 1490 1254 1518 hono-

402 1550 461 1571 rem
485 1541 572 1578 ipsius
595 1540 706 1569 Ordinis
727 1541 754 1568 'et
769 1538 940 1576 profectum
962 1537 1094 1575 quodque
1116 1537 1154 1566 sic
1177 1538 1255 1565 inno—

404 1593 498 1618 center
520 1588 678 1617 conversari
707 1586 817 1615 assidue
846 1585 975 1614 studuisti
1005 1585 1058 1614 sub
1079 1584 1255 1613 observantia

404 1636 542 1674 regulari,
564 1635 639 1672 quod
660 1634 753 1663 divina
773 1634 811 1662 Te
826 1641 935 1670 semper
951 1633 1040 1670 gratia
1059 1635 1255 1669 prosequente,

402 1683 544 1712 reddidisti
567 1683 604 1711 Te
626 1681 764 1719 placidum
797 1684 824 1709 et
852 1680 996 1708 amabilem
1019 1679 1097 1716 quasi
1127 1679 1256 1707 omnibus

402 1734 430 1760 et
451 1730 571 1767 ubique,
594 1737 625 1758 ac
647 1732 760 1766 propter
783 1728 835 1756 hoc
860 1731 1003 1765 sperantes
1031 1726 1160 1761 firmiter,
1182 1726 1256 1763 quod

405 1779 486 1815 pleno
501 1778 527 1806 in
551 1778 587 1806 Te
603 1784 806 1814 prosequemur
821 1775 938 1809 affectu,
958 1775 984 1803 id
999 1774 1073 1811 quod
1089 1774 1162 1802 circa
1178 1781 1256 1810 prae-

404 1829 503 1854 tactam
526 1824 687 1858 ecclesiam,
709 1823 806 1851 Sedem
829 1822 942 1851 eandem
969 1825 995 1850 et
1017 1822 1107 1858 ipsum
1138 1829 1255 1858 regnum

405 1874 431 1901 in
454 1873 505 1901 hac
534 1871 656 1900 eiusdem
686 1870 816 1899 ccclesiae
844 1869 1016 1898 ordinatione
1041 1868 1120 1897 avide
1147 1869 1256 1897 affecta-

405 1927 483 1953 mus,
505 1919 539 1947 de
562 1926 679 1955 persona
700 1918 759 1946 Tua
781 1917 831 1953 ipsi
854 1917 985 1945 ecclesiae
1006 1916 1171 1945 auctoritate
1192 1923 1257 1952 apo-

405 1967 500 1995 stolica
521 1966 713 2003 providemus,
735 1968 762 1993 et
783 1965 820 1993 Te
842 1965 878 1992 illi
902 1964 1079 2001 praeficimus
1100 1964 1128 1992 in
1150 1963 1257 1992 archie-

406 2014 549 2051 piscopum
572 2017 599 2041 et
622 2015 773 2049 pastorem,
795 2011 969 2040 absolventes
991 2011 1027 2039 Te
1049 2019 1065 2039 a
1084 2010 1195 2039 vinculo
1210 2010 1258 2038 Mi-

407 2060 511 2089 nisterii
534 2059 671 2097 generalis
692 2058 806 2095 praefati
823 2058 934 2086 Ordinis
956 2062 982 2086 et
1004 2058 1037 2086 ad
1052 2057 1152 2086 dictam
1175 2057 1258 2086 eccle-

409 2108 476 2136 siam
499 2106 712 2140 transferentes,
736 2106 849 2134 liberam
873 2105 920 2134 tibi
944 2105 1104 2133 transeundi
1126 2104 1159 2132 ad
1182 2104 1256 2132 illam

408 2154 546 2183 licentiam
569 2153 750 2181 concedendo
775 2152 891 2189 ideoque
913 2151 1088 2189 prudentiam
1113 2154 1187 2179 tuam
1204 2159 1258 2179 mo-

407 2209 506 2230 nemus
528 2204 555 2229 et
577 2201 739 2233 hortamur,
765 2202 867 2228 attente
896 2203 923 2227 et
951 2199 1099 2227 affectuose
1129 2206 1258 2236 rogamus

408 2248 514 2285 tibique
536 2248 562 2276 in
586 2248 688 2276 virtute
702 2246 873 2275 obedientiae
894 2246 1017 2275 districte
1033 2246 1218 2282 praecipimus
1232 2248 1259 2274 et

407 2296 436 2324 in
468 2295 656 2323 remissionem
689 2294 861 2331 iniungimus
896 2297 1089 2330 peccatorum,
1121 2297 1260 2330 quatenus

409 2342 531 2371 eiusdem
566 2342 697 2371 ecclesiae
729 2342 936 2375 necessitatem,
966 2341 1099 2369 honorem
1128 2344 1155 2368 et
1186 2348 1260 2369 com—

409 2390 520 2418 modum
543 2389 632 2418 dictae
653 2389 745 2422 Sedis,
767 2392 794 2417 et
809 2391 910 2417 statum
934 2387 1046 2424 praefati
1070 2387 1146 2424 regni
1173 2387 1260 2416 valide

409 2437 453 2466 his
474 2437 572 2465 diebus
605 2439 766 2473 tempestate
798 2435 941 2464 turbatum
967 2439 994 2463 et
1015 2435 1144 2463 intestina
1176 2442 1259 2463 vexa-

411 2484 484 2513 tione
509 2484 667 2517 divulsum,
699 2486 812 2520 propter
844 2482 917 2519 quod
950 2482 1101 2519 proborum
1134 2482 1259 2510 virorum

411 2531 532 2568 potentia
555 2530 670 2567 indiget,
692 2538 813 2567 quorum
836 2530 976 2566 diligentia
998 2533 1024 2557 et
1039 2529 1130 2557 studio
1149 2536 1260 2565 repare-

412 2582 467 2611 tur,
484 2578 568 2606 solide
583 2585 614 2605 ac
636 2578 742 2614 integre
758 2577 935 2610 reformetur,
951 2577 1068 2605 solerter
1085 2576 1261 2604 considerans

411 2628 437 2653 et
460 2624 598 2660 sapienter
619 2623 778 2657 advertens,
793 2623 893 2652 divinis
908 2623 934 2651 in
957 2623 1009 2651 hoc
1024 2622 1201 2659 beneplacitis
1216 2622 1261 2650 ali-

411 2675 549 2708 quatenus
571 2679 624 2699 non
648 2679 786 2707 repugnes
808 2671 966 2707 nostrisque
995 2670 1163 2699 iussionibus
1190 2670 1261 2698 diffi-

413 2719 523 2747 cultatis
545 2726 592 2747 seu
618 2718 752 2746 tarditatis
774 2718 948 2746 obstaculum
971 2717 1080 2754 penitus
1102 2725 1155 2745 non
1177 2725 1262 2755 oppo-

413 2773 477 2799 nas,
499 2765 546 2794 sed
569 2765 702 2793 vocationi
737 2764 845 2793 caelesti
868 2764 1011 2792 humiliter
1039 2764 1213 2800 acquiescas,
1235 2767 1262 2792 et

412 2813 446 2841 de
468 2820 590 2848 superno
611 2820 642 2841 ac
664 2815 759 2840 nostro
780 2811 901 2840 conlisus
922 2811 1037 2845 auxilio,
1060 2815 1220 2840 reverenter
1236 2814 1263 2839 et

413 2859 511 2887 devote
533 2858 666 2895 suscipias
688 2858 846 2895 impositum
869 2866 885 2886 a
906 2858 1021 2886 Domino
1043 2858 1090 2886 tibi
1113 2866 1197 2892 onus,
1220 2866 1263 2886 re-

413 2906 501 2942 gendo
524 2909 550 2934 ct
571 2905 714 2942 dirigendo
736 2906 815 2934 iuxta
836 2905 926 2933 datam
943 2905 990 2933 tibi
1013 2905 1047 2933 ab
1070 2905 1128 2941 ipso
1146 2905 1262 2941 gratiam

415 2953 581 2989 praedictam
605 2953 746 2981 ecclesian]
769 2956 796 2981 et
817 2953 843 2981 in
866 2952 1058 2989 spiritualibus
1077 2955 1104 2980 et
1126 2955 1263 2989 tempora-

416 3000 487 3028 libus
509 3000 673 3036 ampliando,
696 3000 733 3028 ita
754 3000 826 3037 quod
849 3000 949 3028 exinde
978 3000 1080 3036 grande
1108 3000 1262 3036 praemium

1303 261 1376 298 apud
1398 261 1486 290 Deum
1508 264 1535 289 et
1557 268 1641 297 penes
1661 259 1715 288 Nos
1739 259 1878 288 uberioris
1898 258 2001 287 favoris
2025 258 2158 287 beneficia

1304 308 1444 337 merearis.
1462 308 1561 336 Datum
1584 306 1688 336 Perusii
1712 306 1775 335 Vlll.
1792 306 1849 334 Kal.
1865 306 2026 335 Decembris
2046 314 2089 335 an.
2107 307 2115 334 l
2131 317 2156 335 n.

1382 355 1419 384 Ad
1443 356 1513 384 hanc
1536 362 1630 383 vocem
1652 354 1701 382 vix
1722 357 1862 390 acceptam
1886 354 2080 382 Bonaventura
2105 354 2158 383 cito

1304 403 1418 440 reliquit
1451 402 1567 431 Parisios
1584 403 1602 436 ¹,
1635 401 1681 430 ubi
1714 404 1780 430 tunc
1808 401 1980 436 morabatur,
2012 405 2096 438 atque
2124 401 2158 430 ad

1304 450 1462 478 Pontificem
1486 450 1578 486 ipsum
1600 457 1629 478 se
1651 449 1781 483 contulit,
1804 457 1905 486 rogans
1926 449 2025 483 enixe,
2048 452 2079 477 ut
2094 457 2158 477 eum

1304 497 1339 525 ab
1361 497 1488 533 imposito
1509 505 1594 525 onere
1617 497 1754 525 liberaret.
1778 496 1924 524 Instantiae
1950 496 2159 524 Bonaventurae

1305 544 1420 572 fuerunt
1440 544 1537 581 procul
1559 544 1644 573 dubio
1661 543 1871 580 urgentissimae
1890 547 1917 572 et
1939 543 2093 571 rationibus
2115 551 2160 571 ro-

1306 591 1427 625 boratae,
1443 599 1507 619 cum
1524 591 1647 620 Pontifex
1671 599 1701 620 re
1717 599 1782 620 vera
1804 591 1934 627 precibus
1955 591 2015 619 eius
2036 590 2158 619 cesserit.

1306 639 1441 667 Chronica
1453 639 1498 667 XV
1511 638 1686 668 Generalium
1700 638 1757 667 sive
1768 638 1914 675 Catalogus
1927 638 2084 674 adscriptus
2096 638 2160 666 Ber-

1306 685 1393 714 nardo
1407 685 1441 714 de
1456 686 1536 714 Bessa
1552 694 1609 714 rem
1626 686 1663 714 ita
1677 689 1793 714 narrant
1805 686 1831 713 2:
1851 685 1944 713 «Huic
1960 685 2093 719 Ministro,
2108 685 2160 713 sci-

1306 732 1369 761 licet
1384 733 1471 761 Fratri
1488 733 1708 766 Bonaventurae,
1725 732 1923 761 Eboracensem
1939 732 2160 769 archiepiscopa-

1307 783 1365 808 tum
1386 780 1600 817 pinguissimum
1622 779 1750 808 dominus
1766 780 1837 816 Papa
1851 779 1978 807 Clemens
1999 779 2040 807 IV.
2063 783 2160 807 contu—

1308 827 1353 861 lit,
1377 827 1423 855 sed
1445 827 1503 863 ipse
1524 826 1557 855 ad
1580 827 1763 863 praesentiam
1791 827 1877 863 Papae
1898 826 1932 860 de
1955 826 2090 860 Parisius,
2112 826 2159 855 ubi

1308 877 1374 902 tunc
1395 878 1469 908 erat,
1491 882 1519 902 se
1541 874 1695 907 conferens,
1711 876 1766 902 tarn
1789 877 1947 902 constanter
1968 876 1995 902 et
2017 873 2160 901 humiliter

1307 921 1398 955 cessit,
1420 924 1452 949 ut
1474 921 1531 957 ipse
1553 920 1683 949 dominus
1704 920 1855 949 cessionem
1878 920 1921 957 pie
1942 920 2099 954 admittens,
2122 920 2160 948 ei-

1307 968 1369 997 dem
1392 968 1518 996 intulerit
1539 968 1606 996 illud
1630 968 1763 996 verbum:
1787 967 1839 996 Sta
1860 968 1892 995 iu
1921 971 2087 996 testamento
2110 971 2158 996 cuo

1307 1020 1333 1043 et
1354 1015 1384 1043 z'n
1406 1015 1454 1043 illo
1476 1015 1635 1053 colloquere
1657 1019 1681 1043 et
1703 1015 1734 1043 iit
1756 1023 1839 1051 opere
1860 1015 2073 1043 mendatorum
2098 1019 2160 1043 ίιιο-

1308 1071 1377 1090 rum
1398 1062 1602 1090 veterasce-³³».
1626 1062 1697 1090 Idem
1731 1062 1922 1091 transcribunt
1953 1070 1987 1090 ex
2022 1062 2161 1091 Bernardo

1307 1110 1444 1138 Chronica
1465 1109 1546 1137 XXlV
1573 1109 1773 1138 Generalium4
1800 1110 1903 1146 aliique
1934 1109 2085 1146 scriptores
2115 1118 2161 1146 po—

1308 1157 1448 1185 steriores.

1391 1204 1433 1232 18.
1457 1203 1540 1232 Paulo
1563 1206 1623 1240 post
1645 1211 1776 1232 reversus
1798 1204 1924 1238 Parisios,
1940 1204 2091 1232 celebravit
2112 1204 2163 1232 ibi-

1308 1251 1370 1279 dem
1383 1251 1539 1287 Capitulum
1552 1251 1680 1287 generale
1695 1250 1722 1278 in
1735 1250 1804 1279 festo
1817 1251 1988 1279 l'eutecostes
2002 1251 2085 1279 1266.
2098 1251 2162 1278 Nar-

1310 1302 1387 1332 rant,
1410 1300 1436 1326 in
1461 1298 1503 1326 his
1524 1298 1647 1326 Comitiis
1666 1298 1887 1326 Bonaventuram
1904 1298 2055 1327 instituisse
2073 1298 2162 1335 prima

1311 1346 1369 1374 vice
1392 1354 1442 1382 pro
1464 1344 1641 1373 studentibus
1662 1344 1774 1373 Ordinis
1794 1345 1995 1381 disputationes
2021 1345 2162 1382 publicas,

1310 1401 1381 1430 quae
1402 1393 1532 1429 deinceps
1554 1400 1602 1429 per
1625 1393 1706 1429 ptura
1736 1392 1845 1421 saecula
1877 1393 2075 1421 concomitatae
2098 1395 2163 1421 sunt

1311 1439 1532 1476 unumquodque
1544 1439 1701 1476 Capitulum
1716 1439 1844 1476 generale
1856 1439 1875 1467 ⁵.
1889 1456 1926 1460 -
1938 1440 2077 1468 Statutum
2094 1448 2163 1477 quo-

1311 1495 1365 1523 que
1387 1487 1439 1515 fuit
1461 1487 1487 1515 in
1512 1487 1554 1515 his
1575 1487 1713 1521 Comitiis,
1735 1490 1767 1515 ut
1787 1494 1883 1515 omnes
1899 1487 1969 1515 vitae
1985 1487 2009 1514 S.
2026 1487 2162 1516 Francisci

1311 1534 1344 1563 de
1367 1534 1456 1563 medio
1478 1534 1656 1568 tollerentur,
1679 1542 1743 1562 cum
1766 1541 1864 1562 earum
1889 1535 1978 1563 locum
2002 1538 2095 1563 tenere
2116 1534 2163 1563 de-

1312 1581 1390 1609 beret
1412 1581 1536 1618 Legenda
1567 1581 1655 1609 maior
1684 1583 1839 1619 conscripta
1869 1590 1885 1610 a
1913 1583 1938 1609 S.
1963 1582 2162 1610 Bonaventura.

1313 1629 1425 1665 Legitur
1446 1628 1520 1657 enim
1536 1629 1562 1656 6:
1587 1640 1600 1653 «
1616 1629 1680 1657 Item
1704 1630 1837 1666 praecipit
1858 1629 1986 1666 generale
2006 1629 2163 1665 Capitulum

1314 1684 1363 1712 per
1391 1676 1591 1709 obedientiam,
1620 1676 1693 1713 quod
1725 1684 1821 1705 omnes
1852 1676 1993 1713 Legendae
2023 1676 2057 1704 de
2084 1675 2163 1704 beato

1315 1723 1457 1751 Francisco
1478 1723 1543 1751 olim
1566 1723 1652 1752 factae
1673 1723 1828 1757 deleantur,
1843 1727 1870 1752 et
1892 1724 1938 1752 ubi
1954 1723 2071 1759 inveniri
2088 1725 2164 1760 pote-

1314 1774 1381 1799 runt
1402 1773 1484 1798 extra
1506 1770 1654 1805 Ordinem,
1670 1771 1743 1807 ipsas
1758 1771 1868 1799 Fratres
1883 1770 2011 1799 studeant
2026 1777 2163 1804 amovere,

1314 1825 1377 1846 cum
1399 1818 1445 1845 illa
1467 1817 1607 1854 Legenda,
1629 1826 1700 1855 quae
1721 1818 1792 1846 facta
1814 1821 1855 1846 est
1873 1826 1922 1855 per
1937 1817 2108 1851 Generatem,
2130 1817 2165 1845 sit

1314 1865 1475 1901 compilata,
1506 1868 1589 1901 prout
1620 1865 1678 1902 ipse
1710 1865 1808 1893 habuit
1838 1865 1871 1893 de
1899 1873 1948 1893 ore
1976 1865 2086 1893 illorum
2116 1864 2164 1901 qui

1314 1920 1377 1940 cum
1400 1912 1479 1940 beato
1500 1912 1645 1941 Francisco
1660 1913 1737 1949 quasi
1761 1920 1871 1949 semper
1886 1912 2008 1946 fuerunt,
2024 1915 2051 1940 et
2065 1915 2165 1940 cuncta

1379 2022 1387 2035 ²
1408 2031 1420 2043 «
1431 2023 1476 2045 Sed
1495 2023 1544 2051 ipse
1562 2023 1591 2045 de
1609 2023 1716 2049 Parisios,
1728 2022 1768 2045 ubi
1781 2025 1835 2045 tunc
1849 2024 1904 2048 crat,
1916 2021 1945 2044 ad
1956 2021 2110 2049 praesentiam
2123 2021 2164 2043 Do-

1315 2062 1371 2085 mini
1382 2063 1456 2090 Papae
1468 2069 1492 2085 se
1504 2063 1625 2085 conserens
1638 2070 1659 2084 ιι.
1671 2062 1778 2084 Analecta
1788 2062 1909 2088 Francisc.,
1920 2064 1975 2083 tom.
1993 2061 2025 2083 ΙΙΙ.
2040 2067 2094 2089 pag.
2111 2060 2165 2082 331.

1378 2101 1387 2114 ²
1404 2103 1512 2124 Analecta
1530 2102 1653 2128 Francisc„
1671 2104 1727 2124 tom.
1744 2102 1776 2123 ΙΙΙ.
1794 2107 1848 2129 pag.
1865 2101 1919 2123 700.

1378 2139 1387 2152 ⁸
1405 2142 1464 2163 Eccl.
1485 2142 1519 2168 it,
1537 2141 1574 2163 21.

1378 2179 1387 2192 ⁴
1405 2181 1512 2203 Analecta
1528 2181 1650 2207 Francisc.,
1667 2183 1723 2203 tom.
1741 2180 1773 2202 lll.
1791 2186 1846 2208 pag.
1864 2180 1917 2202 331.

1379 2219 1388 2231 ⁵
1407 2220 1540 2247 Wadding.‚
1557 2219 1587 2242 ad
1604 2226 1640 2242 an.
1659 2220 1719 2252 4266
1736 2226 1758 2241 n.
1777 2219 1797 2241 4.

1379 2258 1389 2271 Β
1405 2259 1506 2287 Rinaldi,
1523 2259 1637 2287 seraphici
1655 2258 1698 2281 viri
1721 2258 1794 2281 sancti
1816 2258 1928 2280 Francisci
1949 2258 2083 2280 Assisiensis
2104 2257 2165 2279 vitae

1316 2299 1389 2326 duae,
1408 2299 1505 2327 (Romae
1524 2299 1594 2327 Ι1806)
1612 2304 1666 2326 pag.
1684 2299 1723 2321 Xl.
1739 2298 1787 2320 Hoc
1804 2298 1923 2320 decretum
1936 2297 2038 2325 Angelus
2055 2296 2165 2320 Clarenus

1317 2341 1370 2360 ante
1388 2339 1467 2361 oculos
1485 2337 1593 2360 habuisse
1611 2338 1715 2365 videtur,
1734 2343 1787 2360 cum
1811 2337 1833 2359 in
1858 2337 1906 2359 suis
1928 2336 2047 2359 chronicis
2068 2336 2105 2358 vel
2131 2336 2165 2358 Hi-

1317 2379 1387 2401 storia
1406 2378 1579 2401 tribulationum
1599 2378 1686 2405 (Ehrle,
1704 2377 1789 2399 Archiv
1807 2376 1843 2399 fiir
1860 2376 1981 2399 Litteratur
1998 2376 2044 2398 und
2057 2376 2165 2398 Rirchen-

1317 2418 1458 2446 geschichte,
1476 2418 1520 2439 vol.
1540 2418 1564 2439 tl.
1582 2423 1636 2445 pag.
1654 2416 1692 2445 56)
1706 2416 1834 2445 scripserit:
1857 2416 1941 2444 «Quae
1958 2416 2042 2443 scripta
2060 2419 2125 2437 erant
2143 2415 2166 2437 in

1317 2458 1425 2485 Legenda
1439 2457 1534 2486 prima,
1552 2462 1614 2479 ἠουῑι
1632 2455 1693 2479 edita
1710 2462 1724 2479 a
1743 2456 1830 2479 Fratre
1847 2456 2029 2483 Bonavemura,
2053 2454 2126 2478 deletu
2144 2456 2165 2477 et

1317 2495 1438 2519 destructa.
1455 2496 1518 2523 smil,
1537 2495 1586 2524 ipso
1605 2494 1696 2518 iubente
1708 2504 1730 2517 n.
1748 2495 1896 2522 Waddingus
1909 2494 1947 2523 (ad
1960 2500 1996 2516 an.
2010 2494 2070 2516 1260
2082 2500 2105 2516 n.
2122 2494 2164 2523 ¹8.)

1317 2535 1426 2557 amandat
1443 2534 1586 2557 decisionem
1604 2535 1663 2556 hanc
1681 2534 1709 2556 ad
1728 2534 1870 2562 praecedens
1894 2533 2025 2561 Capitulum
2044 2533 2165 2559 Pisanum,

1318 2576 1343 2595 ut
1359 2579 1429 2601 supra
1447 2579 1501 2601 pag.
1519 2573 1549 2595 55
1566 2573 1608 2595 col.
1628 2573 1650 2595 ΙΙ.
1668 2573 1775 2595 diximus.
1793 2573 1922 2595 Notandum
1941 2575 2030 2599 tamen,
2047 2572 2166 2594 ardentem

1318 2612 1452 2639 Cim-enum,
1470 2611 1607 2635 scribentem
1620 2612 1671 2641 ipso
1684 2611 1782 2639 iubente,
1797 2615 1820 2634 et
1831 2612 1920 2640 aliquos
1931 2611 2102 2634 recentissimos
2114 2610 2166 2632 scri-

1319 2655 1396 2680 ptores
1413 2654 1566 2680 protestantes
1581 2652 1702 2674 detrahere
1713 2652 1896 2678 Bonaventurae,
1909 2657 1935 2673 ac
1947 2651 1964 2673 si
1977 2651 2026 2678 ipse
2038 2651 2166 2672 destructor

1318 2691 1457 2713 litteraturae
1474 2691 1637 2713 Franciscanae
1655 2691 1714 2713 circa
1729 2691 1801 2713 vitam
1819 2691 1840 2712 S.
1854 2690 1966 2712 Francisci
1979 2690 2066 2712 suisset.
2078 2689 2166 2711 Decisio

1319 2731 1354 2753 illa
1373 2732 1430 2753 facta
1448 2734 1482 2753 ost
1498 2737 1510 2752 a
1528 2730 1640 2758 Capituio,
1657 2737 1702 2753 non
1720 2737 1732 2752 a
1751 2731 1919 2756 Bonaventura,
1937 2729 1976 2758 qui
1993 2732 2055 2751 certe
2072 2729 2101 2751 ad
2124 2728 2167 2750 im-

1320 2770 1454 2798 ponendum
1473 2770 1521 2792 aliis
1537 2776 1597 2798 opus
1622 2776 1634 2791 a
1657 2776 1682 2792 se
1707 2769 1864 2797 conscriptum
1882 2774 1978 2796 prorsus
1997 2769 2092 2796 incapax
2110 2770 2166 2790 erat.

1318 2809 1427 2837 Legenda
1445 2809 1528 2837 scripta
1547 2815 1559 2831 a
1578 2809 1738 2831 Bonaventura
1757 2809 1779 2830 in
1798 2808 1866 2830 finem
1885 2807 2057 2835 pacificationis,
2069 2813 2116 2829 non
2134 2812 2167 2828 se-

1320 2849 1384 2871 davit
1400 2848 1495 2870 omnino
1513 2848 1615 2875 animos,
1637 2850 1781 2876 quapropter
1803 2847 1933 2875 Capitulum
1956 2847 2068 2875 processit
2085 2847 2114 2868 ad
2131 2852 2166 2868 ex-

1321 2892 1406 2917 trema,
1428 2888 1557 2915 stabiliens,
1583 2890 1606 2909 ut
1632 2890 1721 2910 ceterae
1747 2888 1869 2915 Legendae
1896 2887 2028 2913 deleantur;
2054 2886 2166 2913 agebatur

1320 2928 1382 2950 enim
1401 2928 1429 2950 de
1448 2933 1505 2955 pace
1522 2927 1543 2949 in
1562 2927 1647 2949 Ordine
1661 2931 1759 2949 servata.
1772 2927 1804 2948 De
1816 2929 1891 2949 cetero
1904 2925 1989 2948 decreti
2003 2929 2067 2947 tenor
2079 2924 2166 2952 optime

1320 2968 1421 2996 loquitur
1433 2967 1462 2989 de
1473 2966 1567 2989 scientia
1580 2968 1602 2988 et
1613 2966 1736 2988 veracitate
1753 2965 1869 2987 sociorum
1887 2965 1909 2987 S.
1926 2964 2047 2991 Francisci,
2065 2963 2094 2986 acl
2111 2969 2166 2992 quo-

1320 3013 1371 3029 rum
1389 3006 1522 3029 relationem
1541 3006 1700 3028 Bonaventura
1711 3005 1810 3032 scripsit.
