2269 3448
635 231 687 254 ECC

429 283 460 288 —-—
477 271 582 293 Romana
599 273 632 292 est
646 273 718 292 mater
729 270 834 293 omnium
848 270 950 293 fidelium

383 310 428 333 215
447 310 461 332 b

430 362 461 366 —
480 350 501 371 ln
519 349 634 377 principio
653 349 765 372 Ecclesiae
783 349 890 377 regnavit
902 349 951 371 infi-

383 389 476 416 delitas,
495 389 516 411 in
535 395 661 417 progressu
679 390 793 416 haeresiS,
806 389 827 411 in
845 395 951 411 consum-

382 428 482 450 matione
500 427 607 456 iniquitas
625 427 670 450 593
688 427 703 449 b
720 439 751 443 —
769 427 822 449 ldeo
840 427 965 449 Dominus·

382 467 445 490 dedit
458 467 533 495 primo
546 467 654 489 miracula
668 467 790 495 potentiae,
800 466 950 494 postmodum

382 510 518 534 argumenta
528 506 657 535 sapientiae
666 509 688 528 et
697 509 815 534 postremo
826 506 848 527 in
856 507 877 528 S.
885 506 951 528 Fran·

381 547 442 569 cisco
460 547 524 574 signa
542 546 634 574 pietatis
651 548 674 568 et
690 545 864 568 misericordiae
881 544 936 568 ibid.

429 599 459 601 —
477 586 511 608 Ad
535 591 587 607 eam
611 585 736 607 recurritur
753 591 796 613 pro
814 584 951 613 quaestioni-

382 625 426 647 bus
438 625 593 647 dissolvendis
611 624 656 646 674
674 624 689 646 b
707 637 737 640 —
755 625 778 646 ln
796 630 821 645 ea
838 624 951 646 Dominus

382 664 411 687 ad
424 665 550 692 praelatum
564 664 585 686 in
599 668 675 686 mente
687 663 788 692 loquitur
800 666 823 685 et
834 663 951 685 mediante

382 705 418 727 illo
441 705 470 727 ad
492 704 599 726 subditos
620 703 674 726 ibid.
691 716 722 719 —
739 704 822 725 clamat
844 702 950 725 clamori-

382 744 426 766 bus
449 743 631 770 declarantibus,
648 742 812 768 suadentibus,
831 742 949 770 increpan-

382 783 444 805 tibus
461 783 506 805 213
524 782 539 804 b
557 795 588 799 —
606 783 658 804 Eius
675 788 701 804 os
718 785 752 804 est
764 782 849 804 veritas
861 783 949 804 consor-

381 822 425 844 mis
443 822 496 844 iidei
515 821 560 843 324
573 821 587 843 b
604 834 635 837 ——
647 821 720 843 Huius
737 821 783 843 oris
800 821 881 843 dentes
898 824 951 843 sunt

381 862 425 883 viri
444 861 496 883 iusti
517 860 571 884 ibid.

430 913 460 917 —
486 901 571 923 multos
596 900 656 928 parit
683 903 705 923 et
733 900 801 927 virgo
829 903 951 928 permanet

382 941 427 962 603
445 940 460 962 b
476 952 507 956 —
525 940 573 962 Filii
596 940 675 962 matris
702 940 815 962 Ecclesiae
833 945 875 967 per
898 946 951 967 gra-

381 980 435 1002 tiam
453 979 553 1007 Spiritus
571 980 593 1001 S.
611 983 751 1007 generantur
769 979 814 1001 627
833 979 848 1001 b
865 991 896 995 —
909 985 950 1007 per

380 1020 453 1042 solam
472 1019 542 1041 fidem
561 1019 608 1041 Deo
626 1021 721 1047 generat
733 1019 822 1046 prolem
836 1019 880 1040 688
893 1024 905 1040 a
920 1031 948 1034 —-

382 1059 411 1081 ad
429 1059 498 1081 instar
517 1059 620 1086 Virginis
637 1059 704 1086 virgo
723 1058 783 1086 parit
800 1058 845 1080 627
858 1064 878 1086 a,
893 1058 907 1080 b
919 1070 949 1074 —

382 1098 416 1120 Ad
434 1104 485 1120 eam
505 1098 601 1120 mittitur
626 1097 717 1120 Gabriel
741 1097 794 1120 ibid,
814 1110 842 1113 *—
860 1097 950 1125 peperit

380 1137 497 1160 Christum
515 1132 663 1165 sp'iritualiter
681 1137 709 1158 98
728 1137 743 1159 l)

430 1177 519 1206 —Qui
545 1183 589 1199 non
615 1180 649 1199 est
674 1177 724 1199 eius
747 1176 879 1199 membrum
903 1182 949 1198 non

381 1217 462 1244 recipit
479 1216 621 1239 influentiam
639 1216 722 1239 Christi
740 1216 784 1238 379
803 1222 815 1237 a
833 1228 863 1232 —
882 1217 904 1238 ln
922 1222 947 1238 ea

381 1257 446 1278 electi
464 1259 516 1278 sunt
533 1256 600 1278 celati
617 1256 661 1278 719
680 1255 695 1278 b

428 1308 459 1312 —
476 1295 515 1318 ubi
542 1295 623 1318 habuit
647 1296 835 1323 impugnatores,
854 1295 885 1317 ibi
904 1301 949 1316 ma-

382 1335 442 1357 xime
460 1335 533 1357 crevit
550 1335 595 1358 357
613 1341 624 1357 a
638 1347 668 1351 —-
680 1335 819 1357 assimilatur
836 1335 948 1363 equitatui

382 1375 506 1397 Pharaonis
518 1377 613 1402 propter
625 1374 745 1397 consimile
758 1374 856 1400 bellum,
869 1373 949 1400 robur,

381 1414 536 1442 praesidium,
554 1414 698 1441 triumphum
718 1414 758 1436 501
781 1413 796 1435 b

429 1466 459 1470 —
476 1459 518 1481 per
535 1452 651 1476 Christum
670 1453 850 1475 descendentem
869 1453 889 1474 in
903 1458 949 1474 car-

382 1499 433 1515 nem
452 1496 473 1515 et
491 1493 601 1520 Spiritum
615 1492 828 1514 §.descendentem
847 1492 869 1513 111
887 1498 949 1514 men-

381 1536 427 1555 tem
438 1532 558 1554 descendit
575 1532 683 1554 sanctitas
700 1532 722 1553 in
740 1531 864 1553 Ecclesiam
877 1531 922 1554 599
935 1538 947 1553 a

381 1584 411 1588 —
429 1573 451 1594 ln
468 1571 555 1599 nuptiis
571 1577 625 1593 cum
644 1571 741 1593 Domino
760 1571 858 1593 Ecclesia
876 1571 900 1593 sit
917 1570 949 1593 di-

382 1611 434 1633 vina
452 1614 474 1633 et
490 1611 593 1632 caelestis
612 1611 655 1632 136
674 1617 686 1632 a
709 1622 739 1627 —
762 1610 879 1632 lntluentia
898 1610 949 1638 Spi-

381 1651 438 1673 ritus
460 1652 483 1672 S.
501 1650 522 1672 in
540 1656 566 1672 ea
583 1656 703 1679 nunquam
725 1650 807 1672 arescit
825 1650 869 1671 340
888 1656 900 1671 a
918 1663 948 1666 —

382 1690 474 1718 Docuit,
493 1692 517 1712 nt
534 1690 556 1711 in
575 1695 600 1711 ea
622 1692 682 1712 esset
698 1690 838 1717 septiformis
855 1689 949 1717 spiritns

382 1730 426 1751 599
444 1736 455 1751 a
473 1741 504 1745 —
521 1735 532 1751 a
552 1729 620 1751 Maria
646 1729 714 1751 trahit
739 1729 865 1756 originem,
886 1729 949 1751 celsi-

381 1769 484 1791 tudinem
502 1771 525 1791 et
541 1768 686 1791 stabilitatem
705 1768 749 1790 688
763 1775 783 1795 a,
797 1769 818 1790 b.
831 1769 875 1790 689
888 1774 901 1790 a
918 1781 949 1784 —
965 1763 966 1768 ¹

382 1809 505 1835 Beneficia,
523 1814 583 1836 quae
601 1808 698 1836 percipit
715 1807 745 1829 ab
763 1808 863 1835 Angelis,
881 1808 948 1835 signi·
965 1817 966 1844 1

382 1848 479 1870 licantur
496 1854 538 1875 per
555 1847 680 1870 duodecim
697 1848 772 1869 stellas
790 1848 830 1869 631
848 1853 868 1874 a,
887 1847 900 1869 b
918 1859 948 1863 —
965 1849 966 1858 ¹

381 1887 444 1915 quod
463 1887 514 1908 tiliis
530 1887 578 1909 suis
595 1887 660 1908 deest
682 1887 774 1914 supplet
790 1887 819 1908 de
841 1888 948 1909 thesauro

382 1926 518 1948 meritorum
536 1926 698 1953 Apostolorum
718 1927 762 1947 332
782 1925 796 1947 1)

431 1978 459 1981 —
477 1965 576 1987 militans
593 1971 662 1992 opera
689 1971 731 1988 sna
757 1972 768 1986 a
794 1965 948 1987 daemonibus

382 2004 507 2027 defendere
524 2004 594 2026 debet
608 2005 649 2026 721
672 2011 683 2026 a
701 2016 732 2020 ——
749 2004 860 2032 operibus
877 2005 947 2027 salva·

382 2047 418 2066 tur
435 2044 479 2065 613
498 2043 513 2065 b

428 2095 459 2099 —-
471 2083 493 2104 ln
507 2083 620 2105 Ecclesiae
633 2082 780 2105 tabernaculo
793 2083 905 2106 Dominus
916 2090 948 2106 rc-

381 2123 479 2151 qttiescit
495 2123 689 2145 sacramentaliter
708 2123 748 2144 671
771 2122 786 2145 b
810 2135 840 2139 —
863 2123 948 2145 Civitas

382 2163 457 2184 Sancti
475 2162 567 2188 dicitur,
579 2162 632 2190 quia
652 2162 673 2184 in
691 2169 717 2184 ea
736 2162 847 2184 Dominus
863 2163 949 2190 specia-

382 2202 430 2224 ttter
449 2201 547 2228 habitat,
565 2202 666 2229 pascitur
686 2206 708 2224 et
727 2202 853 2224 delectatur
870 2203 914 2224 603
934 2201 948 2224 b

381 2253 411 2257 —
428 2242 450 2263 ln
469 2247 495 2263 ea
513 2241 637 2269 requiescit
659 2241 770 2263 Dominus
787 2242 815 2263 ad
834 2242 947 2269 populum

382 2280 582 2307 sanctificandum,
595 2280 750 2302 erudiendum
763 2285 785 2302 et
797 2281 947 2303 reficiendum

382 2319 427 2342 651
444 2325 464 2347 a,
483 2319 505 2341 b.
522 2319 568 2341 675
586 2326 597 2341 a
610 2332 640 2336 —
653 2323 686 2342 est
699 2320 762 2342 locus
773 2320 947 2342 scaturitionum

382 2359 583 2387 permanentium,
600 2358 710 2381 arborum
724 2360 899 2387 pomiferarum,
912 2361 948 2381 ha-

383 2398 499 2420 bitationis
517 2398 621 2420 virorum
635 2398 781 2420 deiformium
795 2398 841 2420 335
852 2405 872 2425 a,
892 2398 906 2420 b
918 2411 948 2415 —-

382 2438 465 2459 dicitur
483 2438 547 2459 locus
565 2443 676 2465 pascuae,
688 2437 727 2459 ubi
741 2438 797 2460 sacta
810 2440 844 2459 est
856 2438 949 2460 011111011-

382 2477 412 2498 tia
429 2477 533 2498 omnium
555 2477 725 2499 iucunditatum
751 2479 773 2499 et
797 2478 947 2499 refectionum

382 2515 427 2537 257
454 2515 468 2537 b
496 2528 523 2531 -—
551 2516 603 2537 Eius
624 2518 777 2538 tutamentum
804 2521 837 2538 est
862 2517 948 2544 praesi-

384 2555 447 2577 dium
466 2557 544 2576 contra
561 2555 649 2582 peccati
666 2555 783 2583 sequelam
803 2556 847 2577 662
866 2555 880 2577 b

429 2606 458 2609 —
478 2594 498 2615 ln
517 2594 615 2616 Ecclesia
634 2594 731 2616 habe-tur
755 2595 842 2622 gradus
865 2595 948 2617 activo-

382 2639 446 2659 rum,
464 2634 620 2660 praelatorum
638 2637 659 2655 et
672 2634 905 2661 contemplativorum
919 2634 948 2656 85

382 2678 403 2694 a.
421 2673 465 2694 216
483 2679 504 2694 a.
522 2673 566 2694 219
584 2679 596 2694 a
614 2685 645 2689 -
663 2673 685 2694 ln
704 2674 801 2695 Ecclesia
819 2676 853 2695 est
865 2674 948 2695 modus

383 2711 477 2733 vivendi
496 2712 687 2740 praesidentium,
706 2712 872 2740 laborantium,
896 2719 948 2735 con⁴

383 2751 542 2778 templantiutn
569 2751 614 2773 354
631 2750 647 2773 b
669 2763 700 2767 —
723 2752 746 2773 lu
769 2758 795 2773 ea
818 2755 852 2774 est
877 2755 948 2774 status

383 2790 480 2816 laicalis,
498 2790 621 2817 clericalis,
639 2790 781 2812 monasticus
806 2790 861 2813 ibid.
878 2803 907 2807 —
926 2792 947 2813 la

384 2829 481 2851 Ecca-sia
500 2829 598 2851 habetur
609 2830 707 2852 ducatus
719 2830 885 2858 patriarchalis,
898 2837 948 2858 pro-

383 2869 492 2896 phetalis,
509 2869 650 2896 apostolicus
675 2869 720 2891 354
737 2876 758 2897 a,
776 2869 790 2891 1]
807 2882 838 2886 —
856 2870 947 2898 Triplex

383 2908 470 2934 gradus
499 2908 519 2929 in
548 2909 646 2930 Ecclesia
675 2909 842 2936 correspondet
866 2910 947 2937 triptici

384 2947 525 2969 hierarchiae
542 2948 633 2970 caelesti
652 2948 680 2970 85
698 2954 718 2976 a,
737 2948 752 2970 1)
769 2960 799 2964 —
816 2949 873 2970 'l'res
896 2955 948 2976 gra—

383 2986 427 3007 ‹lus
445 2987 466 3008 111
486 2988 583 3010 Ecclesia
601 2988 730 3016 figurantur
748 2995 789 3016 per
806 2989 906 3016 Petrum,
920 2989 948 3010 la<

985 270 1071 293 cobum
1097 274 1119 292 et
1145 271 1252 293 loannem
1276 271 1321 292 216
1345 277 1366 293 a.
1388 271 1433 293 219
1451 277 1463 293 a
1481 283 1512 287 -—
1530 271 1551 292 ln

986 310 1098 332 membris
1123 310 1237 332 Ecclesiae
1263 313 1297 332 est
1322 310 1408 332 iustitia
1435 310 1552 338 eminens,

986 355 1092 372 crescens
1110 351 1132 371 et
1149 349 1266 371 sufficiens
1284 349 1312 371 36
1330 349 1345 371 b
1362 361 1393 366 —-
1414 350 1435 371 ln
1453 349 1553 372 Ecclesia

985 392 1038 411 sunt
1055 388 1160 411 membra
1180 389 1315 417 principalia
1332 392 1355 411 et
1372 395 1417 411 non
1436 389 1554 417 principa-

986 428 1014 450 lia
1034 428 1078 450 517
1105 427 1120 450 b
1140 440 1171 444 —
1193 428 1294 456 Utraque
1319 431 1372 450 sunt
1396 428 1497 450 instituta
1524 428 1552 450 ad

985 470 1084 496 quatuor
1110 466 1163 489 ibid.
1190 467 1234 489 518
1261 473 1273 489 a
1291 469 1362 490 —ln
1387 468 1485 490 Ecclesia
1514 467 1553 489 Dei

985 506 1045 529 bene
1056 506 1160 529 ordinata
1173 507 1292 529 interiores
1308 506 1421 529 obediunt
1431 507 1553 534 superiori-

985 545 1029 568 bus
1046 546 1091 568 588
1110 545 1125 568 b
1142 559 1172 562 —
1190 546 1314 574 Quomodo
1335 545 1439 569 Christus
1460 546 1552 569 diversa

985 591 1070 612 genera
1089 585 1192 607 fidelium
1210 585 1233 607 in
1250 585 1350 607 Ecclesia
1368 585 1450 608 doceat
1469 586 1512 608 402
1530 586 1552 608 b.

986 624 1030 646 403
1047 631 1068 652 a,
1087 624 1101 646 b

1032 675 1062 680 —
1080 664 1101 685 ln
1118 664 1216 686 Ecclesia
1229 663 1344 686 debemus
1355 665 1486 686 conversari
1499 670 1552 686 cum

984 702 1140 730 subtecssone,
1163 703 1298 730 dilectione,
1319 703 1485 731 aemulatione,
1502 710 1553 726 ora-

985 742 1046 764 tione
1066 742 1109 765 154
1127 742 1142 764 b

1031 795 1062 797 —
1080 781 1111 804 ob
1128 783 1212 804 multas
1230 788 1312 805 causas
1337 786 1413 810 potest
1430 783 1499 805 etiam
1517 784 1553 805 ha-

984 821 1039 843 bere
1057 821 1117 843 bona
1141 822 1275 849 temporalia
1303 822 1348 844 374
1374 828 1385 844 a
1408 834 1439 839 —
1457 823 1553 845 Reditus

985 861 1099 883 Ecclesiae
1116 867 1161 883 non
1179 860 1265 883 debent
1282 860 1394 884 abscondi
1412 862 1441 883 62
1459 861 1474 883 b

1031 913 1062 917 —
1086 903 1184 923 vocatur
1210 901 1295 923 domus
1320 901 1430 924 orationis
1458 901 1504 923 674
1530 901 1552 924 b.

984 940 1030 963 675
1048 946 1059 962 a
1078 953 1108 956 —
1126 942 1160 962 est
1185 940 1249 962 locus
1274 940 1455 968 propitiationis,
1478 941 1553 963 erudi·

984 980 1063 1006 tionis,
1081 980 1211 1002 resectionis
1237 980 1281 1002 388
1300 987 1312 1002 a
1329 992 1362 997 ·-
1384 981 1406 1002 ln
1423 980 1495 1003 domo
1512 981 1551 1002 Dei

984 1020 1114 1048 frequenter
1132 1020 1256 1042 consolatio
1273 1020 1384 1047 recipitur
1401 1019 1431 1042 54
1449 1019 1463 1042 b
1480 1032 1510 1036 —
1529 1020 1552 1042 ln

984 1059 1035 1087 ipsa
1052 1059 1114 1081 Deus
1131 1059 1227 1081 mundat
1244 1062 1266 1081 et
1283 1059 1409 1081 sanctificat
1427 1059 1472 1081 674
1490 1066 1501 1081 a

1031 1111 1059 1114 -«
1079 1098 1114 1120 Α(1
1132 1098 1252 1120 ecclesiam
1279 1098 1394 1121 debemus
1418 1099 1497 1121 venire
1522 1099 1551 1121 ad

984 1138 1128 1160 audiendum
1146 1138 1245 1160 verbum
1259 1138 1345 1166 salutis,
1358 1145 1403 1160 non
1416 1138 1444 1160 ad
1458 1138 1551 1160 audien-

983 1177 1026 1200 dos
1043 1183 1149 1200 rumores
1167 1178 1203 1199 vel
1222 1177 1311 1200 fabulas
1334 1178 1379 1199 5⁵25
1398 1178 1412 1200 b
1430 1190 1460 1194 —-
1478 1178 1550 1200 Tanta

983 1220 1017 1239 est
1033 1217 1162 1239 excellentia
1190 1217 1274 1239 domus
1301 1217 1350 1243 Dei,
1370 1219 1394 1239 ut
1417 1217 1437 1239 in
1462 1223 1487 1239 va
1506 1223 1550 1239 non

982 1259 1086 1284 acceptet
1104 1256 1164 1278 Deus
1176 1259 1252 1278 actum
1266 1256 1359 1278 alterius
1375 1257 1467 1284 generIS
1479 1262 1550 1285 quam

982 1296 1092 1318 orationis
1110 1296 1154 1317 390
1172 1302 1197 1323 a,
1216 1295 1230 1317 b
1253 1308 1283 1312 —
1306 1296 1354 1318 Nou
1377 1295 1491 1318 debemus
1514 1302 1551 1318 ve-

982 1336 1031 1357 nire
1043 1335 1072 1357 ad
1084 1335 1204 1357 ecclesiam
1222 1338 1316 1362 propter
1332 1335 1454 1362 pecuniam
1473 1335 1518 1357 644
1536 1334 1551 1356 b

982 1386 1013 1391 —
1030 1374 1054 1396 fit
1077 1375 1186 1402 spelunca
1213 1375 1341 1401 latronum,
1361 1375 1456 1403 quando
1480 1375 1501 1396 in
1525 1380 1551 1396 ea

983 1417 1017 1436 est
1039 1414 1155 1436 contentio
1180 1413 1349 1441 superborum,
1373 1414 1463 1436 infectio
1480 1413 1552 1436 lubri-

983 1459 1077 1479 corum,
1095 1453 1201 1481 deceptio
1219 1456 1241 1475 et
1264 1453 1388 1481 negotiatio
1411 1453 1550 1481 cupidorum

983 1493 1028 1514 389
1052 1492 1067 1514 b
1090 1505 1120 1509 —
1144 1493 1243 1521 Quinam
1269 1499 1321 1514 eam
1345 1493 1428 1514 faciant
1454 1493 1550 1515 domum

982 1532 1161 1560 prostitutionis,
1180 1532 1342 1560 negotiationis
1357 1532 1392 1554 vel
1405 1533 1551 1554 comessatio-

983 1572 1017 1594 nis
1035 1571 1080 1594 674
1099 1571 1122 1593 b.
1139 1572 1184 1593 675
1202 1578 1214 1594 a

1032 1624 1061 1627 —
1079 1611 1138 1633 Vide
1156 1611 1225 1633 etiam
1240 1611 1265 1633 V.
1280 1610 1414 1640 Apostolus,
1434 1610 1550 1638 caristus,

985 1650 1134 1673 Hier-archia.

1033 1691 1127 1712 Ecctrsts
1148 1703 1179 1707 —-
1201 1691 1254 1712 sotis
1280 1691 1394 1718 significat
1420 1691 1551 1712 exinanitio-

983 1736 1035 1751 nem
1055 1730 1149 1751 Deitatis
1165 1730 1211 1752 703
1229 1736 1240 1751 a

1031 1769 1132 1791 Ecsrasts
1149 1782 1178 1785 -—
1196 1772 1230 1791 est
1247 1769 1352 1791 alienatio
1370 1775 1381 1791 a
1401 1769 1508 1791 sensibus
1529 1772 1551 1791 et

982 1808 1012 1830 ab
1029 1809 1093 1830 omni
1111 1815 1138 1830 eo
1156 1809 1218 1837 quod
1237 1811 1272 1830 est
1292 1811 1367 1835 extra,
1385 1811 1407 1830 et
1428 1809 1550 1831 conversio

982 1848 1011 1869 ad
1030 1848 1116 1874 Deum,
1135 1848 1174 1876 qni
1199 1851 1233 1869 cst
1259 1848 1316 1869 intra
1341 1848 1384 1870 209
1412 1861 1440 1863 -
1458 1848 1550 1870 videtur

983 1893 1034 1909 esse
1051 1887 1116 1916 quasi
1136 1887 1210 1909 nubes
1226 1888 1301 1909 lucida
1320 1888 1388 1909 simul
1406 1887 1551 1909 obumbrans

982 1930 1005 1949 et
1022 1927 1153 1948 illuminans
1179 1928 1224 1948 229
1244 1927 1258 1948 b
1277 1939 1305 1942 —-
1333 1927 1462 1949 llleditantis
1479 1927 1551 1949 admi-

982 1966 1093 1988 rationem
1119 1968 1140 1987 et
1166 1966 1302 1988 admirantis
1326 1966 1499 1988 delectationem
1517 1972 1550 1988 se-

981 2005 1060 2034 quitur
1078 2005 1162 2027 mentIs
1178 2005 1286 2027 alienatio
1303 2004 1358 2027 ibid.
1375 2017 1404 2021 -—
1420 2005 1453 2027 Ad
1468 2006 1550 2027 mentis

982 2044 1143 2066 alienationem
1162 2045 1231 2066 homo
1250 2044 1381 2071 disponitur
1399 2050 1441 2072 per
1460 2045 1550 2072 magni-

982 2083 1085 2105 tudinem
1104 2083 1248 2111 devotionis,
1265 2083 1424 2105 admirationis
1446 2086 1469 2105 et
1485 2084 1549 2111 spiri-

983 2123 1049 2145 tualis
1067 2122 1224 2144 exsultationis
1242 2121 1297 2145 ibid.

1029 2162 1149 2184 Enuunnus
1166 2174 1196 2177 —
1215 2161 1324 2184 Diabolus
1336 2162 1379 2189 ipsi
1393 2162 1455 2189 dixit,
1467 2167 1493 2184 se
1505 2168 1549 2184 me-

982 2201 1026 2223 lius
1043 2201 1134 2223 devinci
1162 2207 1206 2223 non
1234 2207 1303 2228 posse
1328 2207 1398 2229 quam
1421 2207 1463 2229 per
1480 2201 1549 2224 devo-

982 2243 1028 2262 tam
1047 2241 1184 2262 memoriam
1204 2240 1317 2268 passionis
1334 2239 1418 2262 Christi
1436 2241 1480 2262 626
1494 2247 1505 2262 a

1030 2280 1091 2301 Enon
1109 2291 1139 2295 -—
1156 2279 1320 2307 interpretatur
1337 2280 1462 2308 longinqua
1476 2280 1520 2302 58⁶2
1534 2280 1549 2302 b

982 2331 1012 2335 —
1030 2319 1194 2346 interpretatur
1216 2319 1407 2347 sanguinolentus
1425 2319 1470 2341 274
1488 2319 1502 2341 b

1028 2359 1142 2381 Errizcws
1158 2371 1189 2375 —
1206 2359 1281 2380 omnis
1299 2365 1355 2380 suae
1372 2364 1456 2381 causae
1473 2359 1550 2381 simili-

982 2397 1086 2420 tudinem
1104 2398 1164 2425 gerit
1181 2398 1221 2419 601
1244 2404 1256 2419 a
1273 2410 1303 2414 -—
1321 2401 1407 2426 quanto
1419 2401 1453 2420 est
1469 2398 1549 2420 imme-

982 2437 1077 2465 citatior,
1095 2440 1156 2459 tanto
1168 2437 1295 2459 similitudo
1307 2441 1341 2459 est
1353 2437 1483 2465 expressior
1495 2436 1549 2460 ibid.

982 2489 1013 2493 —
1030 2476 1135 2504 cognitio
1153 2477 1247 2499 effectus
1264 2477 1328 2499 ducit
1345 2477 1374 2499 ad
1392 2477 1547 2504 cognitionem

983 2522 1067 2538 causae
1086 2516 1129 2538 179
1147 2522 1167 2537 a.
1186 2517 1226 2537 311
1248 2522 1260 2537 a

1030 2556 1096 2577 anm
1105 2567 1135 2571 —
1145 2559 1260 2584 quaerunt
1272 2556 1347 2577 locum
1359 2554 1468 2577 ubertatis
1478 2556 1523 2577 690
1533 2555 1548 2577 1)

1030 2596 1139 2617 Ecnessus
1163 2608 1194 2612 —
1221 2596 1305 2617 dicitur
1330 2601 1437 2617 excessus
1465 2595 1548 2617 mentis

983 2635 1028 2656 286
1046 2634 1060 2656 b
1079 2648 1108 2650 —
1125 2639 1159 2657 est
1176 2635 1322 2663 praeparatio
1339 2635 1409 2662 digna
1423 2635 1450 2656 96
1469 2641 1488 2656 a.
1506 2636 1542 2657 121

982 2680 994 2695 a
1011 2686 1043 2690 —
1060 2677 1093 2696 est
1111 2674 1190 2702 triplex
1207 2673 1260 2697 ibid.

1030 2714 1109 2735 Etarto
1128 2726 1158 2729 —
1176 2714 1277 2735 lilii-anda
1296 2713 1355 2735 actio
1380 2719 1433 2735 cnm
1451 2713 1547 2735 elatione

982 2758 1029 2774 non
1046 2752 1130 2779 elevat,
1148 2753 1188 2775 sed
1207 2755 1290 2780 gravat
1308 2752 1351 2774 483
1370 2758 1382 2774 a

1029 2792 1121 2813 Etccrio
1139 2804 1169 2807 —
1195 2792 1300 2819 designat
1324 2792 1484 2818 eminentiam,
1506 2798 1547 2820 per

982 2837 1052 2859 quam
1070 2831 1122 2859 quis
1140 2831 1305 2859 superponitur
1330 2831 1366 2853 alii
1383 2831 1428 2853 579
1446 2837 1458 2852 a
1475 2843 1505 2847 -
1523 2832 1546 2853 ln

982 2869 1092 2892 electione
1109 2871 1264 2897 praelatorum
1283 2870 1401 2892 observari
1419 2869 1489 2892 debet
1511 2870 1546 2891 tri·

982 2910 1032 2937 plex
1050 2910 1137 2937 gradus
1155 2909 1200 2931 514
1219 2909 1233 2931 b
1250 2922 1281 2926 —
1299 2910 1321 2931 ln
1339 2910 1449 2932 electione
1462 2910 1546 2937 praela-

982 2953 1058 2971 torum
1076 2949 1218 2971 considerari
1238 2953 1313 2977 potest
1335 2949 1479 2978 quadruplex
1497 2955 1546 2976 gra-

983 2990 1020 3016 tia,
1032 2989 1124 3017 iustitia,
1136 2989 1238 3011 osticium
1251 2992 1272 3011 et
1285 2990 1392 3011 meritum
1406 2988 1460 3011 ibid.
1472 2989 1517 3011 517
1530 2988 1545 3010 b

931 192 1031 221 tNDEX
1052 192 1293 221 ALPHABETICUS
1315 192 1394 221 NONl
1416 192 1604 221 VOLUllllNlS.

1858 234 1900 256 ELI

1586 282 1617 285 —
1643 270 1702 292 Bene
1729 272 1829 294 tacerent
1854 278 1948 300 omnes,
1973 273 1992 295 si
2017 274 2152 296 electionem

1586 315 1652 331 suam
1671 309 1769 332 Domino
1785 312 1978 334 commendarent
1989 313 2034 335 628
2049 313 2070 335 b.
2083 314 2127 335 629
2140 320 2153 336 a

1633 361 1663 364 —
1690 349 1730 371 Alii
1753 352 1807 372 sunt
1830 351 1931 373 contenti
1954 352 2065 374 electione
2086 352 2154 380 boni3

1586 387 1636 415 alii,
1654 388 1767 411 electione
1784 390 1897 417 melioris;
1914 391 1959 417 atii,
1976 397 2023 414 non
2048 392 2092 414 nisi
2109 393 2153 415 ele-

1586 427 1661 449 ctione
1679 428 1759 456 optimi
1778 429 1823 451 562
1841 429 1856 451 b
1875 442 1903 445 —-
1928 431 2025 458 Semper
2047 432 2153 459 eligenda

1586 469 1639 488 sunt
1657 467 1732 495 tnagis
1750 467 1810 490 bona
1829 468 1874 491 566
1893 470 1907 491 b
1925 482 1955 486 —
1973 470 2017 498 Qui
2036 470 2093 493 bene
2109 471 2154 494 dis-

1586 506 1660 528 cernit
1684 509 1706 528 et
1728 507 1787 529 male
1812 508 1875 536 eligit
1900 509 1950 536 ipse
1973 516 1997 531 se
2015 511 2154 533 condemnat

1587 544 1640 567 ibid.
1657 558 1688 562 —
1706 546 1763 568 Cum
1782 547 1811 569 sit
1827 547 1926 570 dubium
1945 549 1966 570 in
1983 550 2097 577 eligendo,
2114 550 2154 572 de-

1587 583 1625 606 bet
1652 585 1740 607 recurri
1768 586 1796 608 ad
1825 587 1946 609 consilium
1976 589 2153 616 prudentiorum

1586 623 1640 646 ibid.
1658 636 1688 640 —
1706 625 1728 647 Si
1746 625 1768 647 hi
1785 626 1935 654 dissentiunt,
1948 627 2107 651 adhibendum
2120 632 2154 652 est

1587 663 1698 685 indicium
1717 664 1863 687 discretionis
1880 668 1902 688 et
1919 667 1992 689 oratio
2010 666 2063 690 ibid.
2138 693 2140 696 ,

1634 715 1663 718 —-
1682 703 1743 725 Deus
1760 704 1824 732 eligit
1849 705 1974 733 praecipue
2000 713 2115 735 pauperes
2132 711 2154 730 et

1587 742 1698 769 humiles,
1716 745 1741 765 ut
1757 744 1864 766 excludat
1886 745 2048 772 gloriationem
2074 747 2154 769 huma-

1587 787 1639 803 nam
1658 781 1703 803 515
1721 788 1733 804 a

1634 833 1664 837 —
1682 821 1724 849 Qui
1748 822 1793 844 sint
1813 822 1852 845 filii
1874 824 2049 851 promissionis,
2066 825 2153 848 scimus

1586 860 1663 888 quoad
1682 861 1728 883 iam
1746 862 1844 889 electos,
1861 863 1902 885 sed
1917 870 1961 885 non
1974 864 2051 892 quoad
2066 863 2153 886 beatifi-

1586 900 1673 922 candos
1685 900 1731 922 515
1744 901 1758 923 1)
1772 914 1800 917 —
1813 902 1912 930 Scimus,
1925 903 1988 931 quod
2002 903 2040 925 filii
2053 904 2153 931 promis-

1587 939 1658 961 sionis
1669 941 1844 968 comparatione
1856 942 2009 964 multitudinis
2020 943 2088 970 pauci
2101 946 2153 966 sunt

1586 977 1640 1001 ibid.
1657 992 1687 995 —
1706 980 1728 1002 ln
1747 980 1845 1003 Ecclesia
1863 982 1929 1009 pauci
1953 985 2007 1004 sunt
2023 982 2081 1009 vii-i,
2098 983 2153 1011 quia

1585 1018 1636 1040 licet
1655 1019 1718 1041 multi
1731 1020 1818 1047 vocati,
1832 1021 1899 1048 pauci
1912 1024 1988 1043 tamen
2001 1022 2066 1044 electi
2079 1022 2124 1044 604
2139 1022 2153 1044 b

1586 1070 1614 1074 —
1632 1058 1681 1080 Non
1700 1065 1825 1086 possumus
1842 1060 1960 1088 assignare
1986 1067 2079 1083 causam
2097 1061 2154 1084 divi-

1585 1104 1627 1119 nae
1644 1098 1762 1120 electionis
1779 1099 1821 1121 nisi
1840 1099 1912 1127 ipsius
1927 1100 2069 1122 voluntatem
2081 1101 2127 1123 575
2140 1107 2152 1123 a

1585 1149 1615 1153 —
1633 1137 1759 1160 Possumus
1770 1139 1874 1166 reperire
1886 1139 2020 1161 huiusmodi
2035 1140 2153 1163 electionis

1585 1177 1659 1204 signa,
1676 1183 1737 1205 quae
1754 1181 1808 1200 sunt
1825 1181 1913 1206 septem
1931 1177 1960 1201 ib.
1979 1185 1999 1207 a,
2018 1178 2032 1200 b

1632 1229 1663 1232 —
1681 1217 1775 1239 Peccata
1801 1218 1926 1240 electorum
1953 1221 2019 1240 erunt
2048 1219 2104 1246 ipsis
2132 1221 2153 1241 et

1586 1256 1633 1277 Deo
1651 1256 1672 1277 in
1696 1257 1808 1278 bonorem
1832 1256 1877 1279 526
1902 1257 1917 1279 b
1934 1270 1961 1273 —
1982 1258 2034 1280 Post
2051 1264 2153 1280 resurre-

1585 1295 1684 1317 ctionem
1711 1301 1792 1318 eorum
1818 1302 1929 1318 numerus
1954 1297 1997 1319 erit
2024 1298 2153 1326 completus

1586 1335 1631 1356 363
1659 1334 1672 1356 b
1690 1347 1721 1351 —
1739 1335 1806 1357 Electi
1828 1336 1939 1364 recipient
1960 1337 2153 1360 remunerationis

1585 1373 1735 1396 abundatiam
1755 1374 1795 1397 451
1818 1381 1830 1396 a

1633 1414 1749 1436 EtncTnun
1772 1426 1803 1430 —
1826 1414 1850 1436 fit
1875 1421 1902 1436 ex
1927 1421 1984 1437 auro
2009 1418 2031 1437 et
2055 1418 2152 1444 argento

1587 1453 1631 1474 109
1648 1459 1660 1474 a

1634 1493 1777 1515 liceant)va
1791 1505 1821 1509 —
1834 1494 1888 1515 Eam
1902 1495 1975 1516 tacere
1987 1494 2102 1517 debemus
2114 1495 2153 1517 do-

1586 1532 1675 1559 nando,
1694 1533 1855 1560 supportando
1873 1535 1894 1555 et
1912 1533 2065 1556 condonando
2080 1534 2125 1556 636
2139 1540 2152 1557 a

1585 1583 1616 1587 —-
1634 1571 1690 1593 Cum
1709 1574 1823 1594 terrenam
1842 1573 2011 1600 possessionem
2038 1579 2083 1595 non
2102 1579 2153 1601 pos-

1585 1616 1667 1633 sumus
1689 1612 1747 1633 serre
1765 1611 1900 1640 nobiscum,
1918 1612 2037 1635 tradamus
2055 1619 2105 1635 eam
2130 1613 2151 1635 in

1586 1649 1693 1672 manibus
1711 1656 1841 1678 pauperum
1861 1651 1904 1673 >158
1922 1651 1937 1673 b
1954 1664 1985 1668 —
2003 1652 2031 1674 de
2052 1652 2152 1680 propriis

1586 1690 1667 1712 melior
1692 1693 1727 1712 est
1751 1697 1821 1719 quam
1843 1691 1872 1713 de
1895 1691 1994 1713 fortuitis
2017 1692 2061 1713 288
2090 1691 2103 1713 b
2122 1705 2150 1708 —

1585 1735 1715 1757 pauperum
1729 1730 1747 1752 si
1761 1730 1811 1752 aliis
1828 1730 1896 1752 datur
1913 1736 1983 1759 quam
2003 1730 2152 1759 pauperibus,

1586 1775 1630 1790 non
1648 1772 1682 1791 est
1705 1770 1803 1797 iustitia,
1825 1770 1865 1792 sed
1893 1770 2001 1799 iniquitas
2026 1771 2070 1792 567
2089 1770 2104 1792 b
2121 1783 2151 1787 —

1585 1808 1715 1836 Largiendo
1732 1809 1890 1837 eleemosynas
1913 1810 2096 1832 thesaurizamus
2113 1816 2151 1832 no-

1586 1847 1620 1870 bis
1639 1849 1759 1870 thesauros
1777 1849 1798 1870 in
1816 1849 1878 1871 caelo
1896 1849 1941 1871 475
1959 1855 1971 1871 a
1983 1861 2014 1865 ·—
2026 1856 2072 1871 non
2086 1856 2151 1872 mun-

1585 1888 1636 1914 dat,
1655 1888 1696 1909 nisi
1715 1888 1763 1915 ipsa
1787 1888 1816 1910 sit
1838 1888 1925 1910 munda
1944 1888 1989 1911 655
2013 1888 2027 1910 b
2044 1901 2075 1905 —
2093 1889 2150 1911 Dare

1584 1927 1754 1954 eleemosynam
1773 1933 1817 1949 non
1836 1927 1947 1949 cessando
1971 1933 1983 1949 a
2004 1930 2100 1956 peccato
2117 1931 2152 1950 est

1584 1967 1649 1994 quasi
1667 1972 1720 1988 cnm
1738 1967 1884 1994 eleemosyna
1902 1967 1958 1989 dare
1975 1967 2065 1995 alapam
2078 1967 2123 1989 636
2136 1966 2150 1989 b

1584 2019 1614 2021 —
1633 2009 1657 2028 ut
1673 2006 1702 2028 sit
1719 2006 1866 2034 purgatoria,
1884 2009 1987 2034 oportet,
2006 2013 2047 2028 nos
2065 2006 2150 2029 habere

1584 2045 1653 2067 tidem
1671 2048 1693 2067 et
1711 2052 1755 2067 non
1773 2045 1889 2068 offendere
1906 2046 1980 2068 Deum
1998 2045 2053 2068 ibid.

1629 2096 1660 2100 —
1679 2085 1739 2106 Deus
1755 2085 1819 2107 dedit
1837 2085 1960 2107 maximam
1978 2085 2149 2113 eleemosynam

1584 2123 1628 2144 636
1647 2129 1658 2144 a
1676 2136 1707 2139 —
1724 2124 1792 2145 Filius
1810 2124 1850 2145 Dei
1868 2128 1901 2146 est
1913 2124 2071 2152 eleemosyna,
2089 2131 2149 2153 quae

1584 2166 1667 2191 purgat
1684 2166 1777 2190 peccata
1795 2162 1850 2186 ibid.

1629 2203 1747 2224 ELEMENTA
1765 2214 1795 2218 —
1812 2205 1866 2224 sunt
1887 2205 1986 2231 quatuor
2012 2202 2057 2225 604
2083 2209 2096 2225 a
2118 2215 2149 2220 —

1583 2241 1708 2270 Qualitates
1724 2241 1876 2263 elementares
1894 2242 1915 2263 in
1929 2242 1973 2263 fine
1985 2242 2065 2264 mundi
2079 2244 2149 2264 trans-

1584 2280 1650 2303 ibunt
1667 2281 1744 2309 quoad
1762 2280 1870 2303 virtutem
1889 2284 1911 2303 et
1927 2282 2028 2309 effigiem
2048 2281 2072 2303 41
2090 2281 2105 2303 b
2119 2294 2147 2297 —

1583 2332 1614 2336 —
1626 2320 1678 2342 Post
1690 2320 1881 2342 resurrectionem
1894 2320 1993 2342 cessabit
2004 2327 2085 2343 eorum
2101 2326 2149 2342 mu-

1583 2362 1620 2381 tua
1640 2359 1699 2381 actio
1724 2360 1769 2381 383
1795 2359 1810 2381 b
1828 2372 1857 2375 -—
1879 2362 1949 2388 agent
1970 2362 2046 2381 tamen
2071 2360 2148 2382 adhuc

1584 2399 1604 2420 in
1630 2404 1728 2426 corpora
1754 2399 1916 2421 damnatorum
1940 2398 1993 2421 ibid.
2019 2411 2049 2415 —
2072 2399 2148 2420 Status

1583 2441 1683 2466 quatuor
1698 2438 1865 2460 elementorum
1884 2440 1936 2466 post
1958 2438 2064 2460 ultimum
2089 2437 2148 2460 iudi-

1583 2477 1644 2499 cium
1663 2477 1692 2499 35
1710 2483 1722 2498 a

1630 2517 1728 2538 Eternas
1744 2528 1775 2532 ——-
1792 2519 1826 2538 est
1850 2516 1934 2538 animal
1961 2516 2078 2538 fastidiens
2099 2522 2147 2538 san-

1582 2556 1677 2583 guinem
1702 2556 1747 2578 513
1770 2556 1784 2577 b
1810 2568 1839 2571 —
1866 2556 1980 2578 animatur
2001 2556 2030 2577 ad
2049 2555 2147 2582 bellum,

1581 2595 1674 2623 quando
1692 2595 1755 2617 videt
1772 2595 1909 2623 sanguinem
1927 2594 1982 2617 ibid.

1630 2635 1726 2657 EtavAm
1743 2647 1774 2651 —
1791 2638 1825 2656 est
1842 2634 1865 2656 in
1882 2634 2035 2656 admiratione
2061 2634 2147 2661 gloriae

1582 2674 1621 2695 Dei
1639 2674 1750 2701 suspendi
1769 2674 1814 2695 346
1833 2673 1847 2695 b

1628 2714 1691 2735 Ettis
1707 2725 1737 2729 -—
1755 2713 1796 2735 ruit
1817 2712 1915 2735 eximius
1938 2713 2049 2740 Propheta
2075 2713 2115 2734 128
2133 2718 2145 2734 a

1580 2765 1609 2769 —
1627 2752 1773 2774 desiderabat
1796 2758 1838 2780 pet·
1858 2756 1955 2774 mortem
1979 2752 2078 2774 evadere
2101 2754 2146 2774 ten-

1581 2792 1677 2813 tationes
1698 2794 1720 2814 et
1742 2792 1871 2819 periculum
1896 2792 1936 2813 271
1959 2790 1973 2813 1)
1990 2803 2020 2807 -
2036 2791 2145 2817 credens,

1580 2837 1605 2853 se
1621 2831 1695 2853 solum
1713 2837 1763 2853 esse
1790 2831 1881 2853 Domini
1898 2837 2006 2858 servum,
2024 2831 2146 2858 reprehen-

1580 2876 1620 2892 sus
1637 2872 1671 2892 est
1688 2870 1733 2892 597
1751 2876 1763 2892 a
1782 2883 1811 2885 —
1829 2873 1853 2892 ut
1870 2869 2002 2897 perveniret
2026 2869 2055 2891 ad
2073 2875 2145 2891 secre-

1581 2912 1628 2931 tum
1646 2910 1787 2938 colloquium
1807 2909 1857 2936 Dei,
1870 2909 1980 2931 ieiunavit
1992 2908 2145 2937 quadraginta

1579 2949 1663 2971 diebus
1686 2949 1731 2971 635
1750 2949 1763 2970 b
1781 2962 1811 2964 —
1830 2949 1850 2970 ln
1869 2949 1913 2970 hoc
1938 2948 2022 2970 ieiunio
2039 2948 2144 2976 designa-

1581 2991 1616 3011 tur
1634 2989 1763 3016 purificatio
1787 2988 1928 3016 prophetalis
1945 2987 1998 3010 ibid.
2017 3000 2047 3004 -—
2065 2987 2144 3010 habuit
