2269 3448
623 240 720 269 lNDEX
744 240 983 269 Atrtttssti't'tctis
1005 241 1081 269 NONl
1106 240 1291 269 votitntn'ts.

329 280 384 302 CON

126 332 156 336 —
174 322 206 341 est
224 319 283 342 sicut
301 319 413 341 medicina
431 318 549 346 expulsiva
568 318 612 339 5550
630 324 642 339 a

77 371 107 375 —
124 359 152 380 ad
176 358 302 380 orationem
329 357 417 379 reducit
442 357 487 379 723
506 356 520 378 1)
538 369 567 372 —
586 363 642 384 pura

77 402 198 420 conservat
215 397 365 419 humilitatem
384 397 429 418 597
449 396 462 418 1)

125 449 155 453 -
181 437 280 465 Quidam
306 436 376 458 semel
409 436 431 457 in
460 441 520 457 anno
547 434 643 456 veniunt

77 477 106 499 ad
124 476 290 499 confessionem
316 478 338 497 et
364 475 469 496 nesciunt
491 474 567 496 dicere
591 480 643 501 pec-

78 519 126 538 cutn
152 522 192 538 sua
212 516 256 537 362
276 514 290 536 b
308 526 338 531 —
357 514 417 536 Multi
435 514 464 536 ‹le
487 519 513 535 ca
532 513 643 535 recedunt

78 555 168 583 peiores
185 560 255 583 quam
282 554 424 576 intraverunt
447 552 501 575 ibid.
522 564 550 568 —
569 552 642 580 Aliqui

78 594 244 616 confessionem
262 593 342 615 dicunt
363 592 422 614 sicut
446 591 545 613 fabulam
564 591 609 613 5555
628 590 642 612 b

77 645 107 649 -—
126 633 167 655 Vix
186 635 261 660 potest
282 633 400 654 confessor
423 630 452 652 ab
475 630 592 659 aliquibus
608 636 642 652 ex-

78 675 185 700 torquere
203 674 323 699 peccatum
340 670 393 693 t‘bt'tl.
405 682 436 687 ——
451 671 543 692 Peccata
558 670 578 691 in
591 675 643 691 con-

79 712 176 734 fessione
194 717 238 732 uon
257 713 309 732 sunt
327 709 468 732 dimidiando
488 710 523 731 xel
536 708 642 730 allevian-

77 751 105 773 da
126 750 169 772 437
188 756 207 778 a,
227 749 240 771 1)
259 762 287 765 —-
305 749 394 777 Aliqui,
407 755 435 770 ne
454 748 575 770 videantur
588 747 643 769 mul-

79 793 126 812 tum
146 792 290 817 peccatores,
308 788 386 811 dicunt
403 787 479 816 aliqua
498 790 590 815 peccata
604 786 642 808 uni

78 829 204 855 sat-erdoti,
222 828 295 856 aliqua
314 827 377 849 alteri
403 826 432 849 ib.
450 833 461 848 a
479 838 510 842 —-
527 825 600 854 Aliqui
619 825 641 847 in

78 868 219 890 confessione
247 874 271 889 se
300 867 362 895 ipsos
388 866 520 893 iustificam,
550 864 642 893 propria

79 910 170 935 peccata
183 906 289 929 alleviant
306 909 329 928 et
345 906 418 927 aliena
437 907 535 933 gravant
546 903 601 926 ibid.
614 916 642 919 -

77 946 259 974 Aggraxnndinn
272 949 306 967 est
317 948 439 972 peceatum
456 943 577 971 proprium
590 942 643 965 ibid.

77 997 108 1002 --
126 985 203 1013 pulcra
216 987 251 1007 est
267 984 359 1006 nonnita
378 983 422 1005 527
440 990 452 1004 a
470 983 591 1010 —pulcra
604 982 643 1004 du-

78 1025 108 1047 cit
124 1024 151 1047 ad
171 1023 277 1046 tenebras
295 1023 375 1045 inferni
393 1022 446 1045 ibid.

126 1077 153 1080 —
174 1064 284 1086 Dominus
302 1069 347 1085 non
366 1062 450 1088 voluit,
471 1061 535 1090 quod
553 1060 643 1082 confite-

79 1109 158 1126 remur
175 1103 262 1130 Angelo
279 1108 352 1130 puro,
369 1101 410 1123 sed
437 1101 537 1128 bomini,
555 1100 595 1128 qui
615 1101 644 1122 t'o·

79 1142 156 1165 refecit
173 1141 259 1170 aliquid
277 1141 321 1163 526
341 1140 355 1163 b
369 1153 396 1156 —
410 1141 432 1163 ln
444 1140 587 1162 confessione
598 1145 642 1161 non

78 1181 199 1204 erubeseat
217 1182 286 1203 lionio
305 1186 347 1208 pro
365 1180 457 1202 modico
475 1179 585 1207 pudoris,
602 1178 643 1201 sed

79 1222 157 1244 timeat
174 1220 288 1248 pudorem
307 1219 447 1247 maximum,
465 1219 505 1247 qui
522 1218 564 1240 erit
581 1218 602 1240 in
614 1218 643 1239 al·

79 1263 127 1283 tero
144 1260 236 1282 saeculo
253 1258 307 1281 ibid.

125 1312 156 1316 —
173 1299 272 1328 Quidam
290 1301 383 1321 sanctus
409 1298 467 1325 Papa
491 1296 644 1320 confitebatur

78 1345 124 1361 non
140 1339 232 1365 sedens,
249 1338 289 1361 sed
316 1338 453 1366 provolutus
469 1337 498 1359 ad
516 1336 589 1364 pedes
609 1342 644 1358 ea-

79 1378 162 1406 pellani
180 1379 224 1400 368
243 1384 254 1399 a

126 1418 251 1440 Conrasson
267 1429 298 1433 -—
315 1417 336 1439 lu
356 1416 389 1439 eis
414 1419 449 1438 est
473 1415 586 1438 rectitudo
610 1415 644 1437 iu-

78 1457 153 1479 stitiae
178 1457 222 1478 613
246 1456 260 1479 b
286 1469 316 1472 ——
339 1456 361 1478 ln
387 1455 420 1478 eis
445 1455 526 1477 claruit
543 1454 645 1482 spiritus

78 1496 186 1519 scientiae
204 1496 248 1518 599
267 1502 279 1517 a
297 1508 326 1511 —
344 1496 408 1522 ipsos
425 1494 508 1516 imitari
531 1493 645 1516 debemus

78 1535 108 1559 ib.
127 1535 141 1557 b
160 1548 188 1551 ——
206 1536 290 1557 Eorum
308 1535 402 1557 caritate
426 1533 526 1556 Ecclesia
549 1533 645 1560 pacifice

79 1575 207 1597 custoditur
225 1574 269 1596 603
288 1573 303 1595 b
319 1586 351 1590 —
368 1574 452 1595 Eorum
475 1572 605 1595 obedientia
623 1575 646 1594 et

79 1614 161 1636 caritas
189 1620 230 1641 per
258 1613 347 1641 lapides
374 1613 476 1640 sculptos
511 1612 646 1639 designatur

78 1653 124 1676 604
142 1659 154 1675 a

126 1692 273 1716 Comama
291 1705 320 1707 —
347 1695 424 1714 nostra
452 1692 511 1713 Deus
534 1694 579 1718 est,
605 1690 646 1719 qui

79 1733 175 1755 domum
194 1732 285 1754 animae
303 1731 380 1753 firmat
400 1731 441 1753 152
455 1730 469 1753 b
481 1743 512 1746 —
523 1730 646 1753 Confiden-

80 1772 136 1794 dutn
154 1775 187 1793 est
204 1771 225 1793 in
244 1771 290 1793 Filii
308 1770 428 1798 sapientia,
446 1770 545 1798 Spiritus
562 1771 584 1792 S.
603 1770 646 1792 cle-

80 1811 176 1838 mentia,
200 1810 271 1832 Patris
292 1810 393 1838 potentia
419 1809 459 1831 451
487 1815 500 1831 a
526 1822 555 1825 —
572 1808 645 1832 Confi-

79 1850 183 1873 dendum
201 1852 235 1872 est
257 1849 286 1872 de
309 1849 348 1871 Dei
372 1848 528 1871 misericordia
552 1847 582 1870 ob
600 1851 645 1870 tres

78 1890 178 1912 rationes
197 1889 240 1911 452
259 1888 273 1911 1)
290 1901 320 1904 -
335 1888 504 1911 Confidendum
517 1890 552 1910 est
563 1887 593 1910 de
604 1888 645 1909 Dei

78 1928 162 1951 iustitia
181 1934 222 1956 per
240 1928 280 1950 tria
304 1927 357 1951 ibid.
382 1927 426 1950 453
449 1934 461 1949 a
484 1939 516 1944 —-
537 1927 586 1949 Non
612 1930 646 1949 εει

79 1968 243 1990 confidendum
270 1968 300 1990 de
324 1966 414 1989 viribus
439 1967 535 1995 nostriS,
553 1967 593 1989 sed
615 1966 645 1988 de

79 2006 215 2030 muneribus
237 2007 322 2029 divinis
344 2007 389 2028 330
412 2012 425 2028 a
445 2018 476 2022 —
497 2006 541 2034 Qui
563 2006 585 2028 in
607 2007 645 2028 bo·

79 2047 141 2069 mine
154 2046 249 2069 contidIt
261 2046 445 2068 maledictionem
465 2045 560 2068 incurrit
572 2046 616 2067 686
630 2045 644 2067 b

125 2098 156 2102 —-
174 2089 208 2108 est
224 2091 293 2108 causa
306 2085 447 2108 constantiae
459 2085 503 2107 217
516 2084 531 2107 b
543 2097 574 2101 —
585 2084 645 2107 Con-

79 2125 175 2148 fidentes
186 2128 240 2147 sunt
257 2125 317 2146 firmi
335 2128 430 2152 propter
446 2124 585 2146 soliditatem
602 2125 645 2146 for-

81 2164 183 2187 titudinis
200 2169 222 2186 et
240 2163 363 2192 patientiae
380 2162 435 2186 ibid.
451 2175 482 2179 —
499 2163 645 2186 Confidentes

79 2203 164 2226 habent
181 2203 367 2232 tranquillitatem
384 2203 448 2231 pacis
470 2202 523 2225 ibid.
541 2215 571 2219 —
589 2203 645 2225 Con-

79 2243 176 2266 fidentes
193 2249 240 2265 non
266 2242 359 2265 turbant
381 2249 406 2264 se
428 2242 505 2270 ipsum
524 2248 565 2265 nee
582 2248 645 2264 scan-

80 2282 178 2304 dalizant
196 2282 327 2309 proximum
345 2281 399 2304 ibid.
412 2293 442 2298 ·-
460 2281 504 2310 Qui
517 2282 538 2303 in
551 2282 645 2303 bomine

80 2321 175 2344 confidit
192 2321 377 2343 maledictionem
397 2321 492 2343 incurrit
509 2321 553 2342 686
572 2320 587 2342 1)

127 2360 233 2383 Conresio
253 2372 280 2375 ——
298 2366 352 2382 vera
371 2359 454 2382 accidit
470 2360 557 2382 homini
571 2366 597 2382 ex
611 2360 646 2382 tri-

81 2399 125 2422 bus
143 2399 186 2421 453
206 2399 221 2421 1)

127 2438 275 2461 Coxontzeixnt:
292 2451 322 2454 —-
340 2438 458 2461 Debemus
483 2445 525 2461 nos
549 2445 647 2466 congre-

82 2484 138 2506 gare
154 2477 184 2500 ad
208 2484 280 2500 unum
304 2478 459 2506 principium,
478 2481 501 2500 ut
519 2484 560 2506 per
586 2478 647 2501 istud

82 2518 199 2545 possimus
214 2523 265 2539 esse
281 2517 358 2539 omnia
376 2517 417 2539 6111
439 2516 454 2539 b

129 2556 250 2579 Comuoiuu
268 2568 298 2573 —
315 2557 376 2579 Bona
394 2560 429 2579 est
453 2557 580 2580 fecunditas
597 2563 648 2579 con-

83 2596 178 2624 iugalis,
204 2596 285 2618 melior
310 2599 388 2619 autem
414 2597 505 2619 castitas
529 2597 648 2625 virginalis

83 2636 127 2658 679
146 2636 161 2658 1)
178 2648 209 2652 -
227 2636 270 2664 Qui
290 2636 366 2664 ipsum
384 2636 513 2664 suscipiunt
525 2643 552 2658 ex
569 2643 649 2659 amore

83 2674 184 2698 libidinis
201 2676 274 2698 Deum
292 2682 305 2697 a
322 2681 347 2697 se
363 2676 488 2698 excludunt
504 2677 548 2698 223
562 2682 574 2698 a

129 2714 272 2737 Cosscmmm
289 2727 321 2730 ——
342 2717 439 2737 vocatur
461 2715 545 2738 domus
570 2716 615 2738 225
634 2715 648 2737 1)

83 2765 114 2770 -
130 2758 226 2776 vocatur
243 2754 316 2776 lectus
333 2755 378 2776 286
397 2754 412 2776 1)
434 2767 464 2771 -
482 2757 578 2777 vocatur
595 2755 649 2777 civi-

84 2796 129 2820 tas,
151 2793 174 2821 in
191 2799 237 2822 qua
264 2796 296 2815 tot
321 2798 375 2816 sunt
400 2794 496 2822 palatia,
513 2798 571 2823 quot
587 2797 647 2817 reeta

83 2832 188 2860 consilia,
205 2836 282 2856 saneta
300 2833 423 2861 desideria,
434 2833 471 2862 pia
484 2834 589 2856 exercitia
602 2834 647 2856 229

83 2877 95 2893 a
113 2884 143 2887 —
160 2876 257 2894 vocatur
274 2873 355 2901 civitas
372 2873 472 2900 munita,
488 2873 542 2902 quia
563 2873 593 2895 ibi
612 2875 648 2896 tia·

84 2911 141 2934 bitat
158 2912 281 2934 multitudo
298 2913 430 2935 caelestium
449 2913 613 2935 charismatum
626 2917 648 2936 et

84 2950 195 2973 virtutum
213 2951 266 2974 ibid.
285 2964 316 2967 ——
332 2952 380 2974 Non
396 2952 504 2974 videntur
516 2953 648 2980 percepisse

85 2990 161 3012 divina
185 2990 295 3014 beneficia
324 2992 364 3020 qui
389 2998 437 3014 non
463 2991 558 3014 libenter
583 2993 648 3021 quie-

84 3034 151 3053 seunt
167 3031 190 3053 in
207 3031 299 3053 civitate
315 3031 356 3053 ista
373 3030 427 3054 ibid.

724 330 754 335 ·—
771 321 805 340 cst
822 319 944 340 excolendo
962 321 983 341 et
1002 319 1143 346 purittvanda
1171 320 1210 340 199
1229 326 1240 340 a

677 369 707 373 —
724 357 844 385 quomodo
862 358 885 379 flt
903 364 959 384 pura
978 358 1021 379 1329
1046 357 1059 379 b
1076 370 1107 374 -
1126 357 1241 379 Debemus

677 402 727 418 eam
746 397 833 423 colere,
852 396 958 423 irrigare,
976 397 1090 418 seminare
1119 397 1161 418 ¹953
1180 396 1194 418 1)
1211 408 1241 412 -

677 437 711 456 est
727 435 849 457 excolenda
868 438 963 463 propter
980 435 1151 463 susceptionem
1169 435 1240 457 divini

677 473 770 496 seminis
791 474 832 496 itit
851 480 861 495 a
880 487 910 490 ——-
928 477 962 496 est
980 474 1100 501 diligenter
1117 475 1241 496 cxvotenita

681 513 721 534 107
739 519 751 534 a
770 526 799 528 —
818 513 934 535 Debemus
951 513 1098 535 considerare
1115 513 1164 535 cius
1176 513 1241 534 semi·

677 554 710 574 tas
728 555 750 574 et
767 552 816 573 vias
834 553 879 574 225
898 552 919 574 n.
937 553 981 574 226
1000 558 1012 573 a

723 603 754 607 --
773 591 858 613 nonius
875 591 1028 613 conscientiae
1045 594 1079 613 est
1101 591 1241 618 vtaiutentta,

676 636 705 651 ne
723 630 828 652 diabolus
845 630 954 658 exspoliet
966 630 1055 652 animas
1071 633 1160 652 nostras
1172 630 1217 652 572
1229 636 1241 651 a

676 681 706 685 —
723 670 911 697 imperfectorum
930 672 982 691 sunt
1000 669 1118 697 impurae,
1131 669 1184 697 quia
1203 676 1242 691 no—

676 709 724 730 lunt
745 715 784 730 eas
811 710 956 737 frequentare
979 709 1023 730 226
1051 708 1065 730 Ι)
1083 721 1112 724 —-
1130 708 1173 736 Qui
1191 715 1242 730 con-

676 748 783 770 scientias
800 754 854 770 suas
877 755 922 770 non
949 750 1081 775 penetrant,
1099 748 1138 769 sed
1157 748 1242 769 alicnus

676 787 816 815 suspicando
834 788 980 815 perlustrant,
992 790 1045 809 sunt
1057 787 1141 809 diaboli
1160 787 1242 809 officia-

677 828 708 849 les
733 827 777 848 226
803 833 815 848 a
838 839 870 843 —
893 827 960 848 Tales
984 826 1093 849 videntur
1110 827 1196 848 similes
1213 826 1243 848 la>

677 866 788 889 trunculis
805 865 860 888 ibid.

726 918 753 921 —
772 906 824 927 Eius
846 911 964 927 remorsus
986 905 1129 932 appellantur
1154 910 1242 932 aerugo

677 947 699 967 ει
716 945 802 967 vermis
821 945 864 966 428
883 944 898 966 1)
915 957 946 960 -
965 944 1023 966 bona
1042 950 1086 966 non
1105 944 1174 966 nabet
1191 950 1242 966 ver-

679 990 739 1006 incin
757 984 918 1006 corrodentem
937 983 981 1005 506
1001 983 1015 1005 1)

724 1036 755 1039 *-
772 1023 928 1045 Conscientiae
947 1023 1059 1045 rectitudo
1086 1025 1182 1045 vocatur
1207 1023 1241 1044 lex

678 1063 757 1084 matris
774 1066 793 1085 et
813 1062 881 1084 (locet
904 1061 1029 1084 bonitatem
1048 1062 1092 1083 680
1111 1068 1123 1083 a
1140 1074 1170 1078 —-
1188 1061 1243 1084 Con-

677 1102 785 1124 scientiae
802 1101 915 1123 rectitudo
933 1104 967 1123 est
984 1101 1058 1129 prima
1076 1101 1196 1129 dispositio
1214 1101 1242 1123 ad

677 1142 774 1169 gratiani
793 1140 846 1163 ibid.
872 1154 901 1156 —
925 1141 1065 1163 Scrutinium
1092 1141 1243 1163 conscientiae

678 1184 799 1209 praeparat
817 1181 1000 1209 tranquillitatem
1019 1180 1091 1202 6491)
1109 1192 1139 1196 —
1158 1180 1244 1202 l’uritas

678 1221 832 1242 conscientiae
849 1220 951 1248 disponit
973 1220 1002 1242 ad
1020 1220 1132 1241 visionem
1150 1220 1243 1242 divinae

677 1260 804 1287 sapientiae
822 1259 866 1281 942
884 1265 895 1281 a

724 1312 755 1315 —
773 1299 815 1327 Qui
833 1299 882 1320 vult
905 1298 991 1320 babere
1017 1298 1101 1326 gaudia
1127 1298 1244 1321 conscien-

678 1338 734 1366 tiae,
753 1338 823 1360 debet
839 1337 925 1360 nabere
949 1338 1051 1360 animam
1068 1338 1193 1365 mundam,
1211 1338 1244 1359 vi-

678 1382 724 1400 tam
747 1378 892 1405 religiosam,
915 1379 998 1399 famam
1022 1377 1161 1399 odoriferam
1183 1377 1213 1398 78
1232 1383 1244 1398 a

679 1429 708 1433 —
726 1420 802 1439 nostra
827 1423 852 1439 cx
872 1417 953 1438 mundi
977 1417 1068 1438 iudiciis
1086 1423 1130 1438 non
1149 1416 1173 1438 fit
1189 1416 1244 1439 'uidi-

678 1456 745 1484 gnior
762 1456 790 1478 87
809 1456 824 1478 1)

725 1495 848 1518 Cousnnsus
865 1508 895 1511 ——
912 1495 975 1517 ducit
992 1496 1020 1517 ad
1039 1501 1098 1523 opus
1116 1496 1160 1517 662
1179 1502 1191 1517 a
1213 1507 1244 1511 —

680 1535 773 1557 t‘eccato
791 1534 957 1561 consentimus,
975 1534 1069 1562 quando
1087 1535 1197 1556 volumus
1213 1534 1243 1556 ita

679 1581 742 1601 esse,
760 1574 818 1597 sicut
834 1574 940 1603 nequiter
957 1574 1087 1601 cogitamus
1103 1574 1147 1595 539
1166 1573 1181 1595 1)

726 1613 879 1636 (ΣοΝεΕιινΑτιο
896 1626 926 1629 -
943 1614 977 1635 Ad
995 1616 1096 1635 nostram
1123 1619 1244 1635 conserva-

679 1653 765 1675 tionem
794 1653 898 1675 omnium
925 1656 1082 1675 creaturarum
1105 1653 1197 1675 servitia
1223 1655 1245 1674 et

681 1692 791 1715 beneficia
814 1696 938 1714 occurrunt
964 1692 1008 1714 420
1032 1692 1046 1713 b
1068 1704 1099 1708 -
1122 1692 1244 1719 Explicatio

680 1731 734 1754 ibid.
751 1745 781 1748 --
799 1732 1002 1754 Conservationem
1028 1738 1146 1754 meremur
1168 1738 1179 1753 a
1200 1732 1245 1753 Deo

680 1778 721 1799 per
737 1777 841 1798 amorem
859 1775 881 1793 et
898 1771 1003 1793 timorem
1022 1770 1077 1793 ibid.

726 1810 887 1833 CossinssnAwo
904 1823 934 1826 —
946 1810 1042 1838 provida
1056 1810 1146 1838 singula
1158 1810 1245 1839 disqui-

679 1850 708 1872 rit
724 1853 747 1872 et
764 1850 877 1879 perquirit
895 1850 939 1872 154
956 1856 968 1871 a

726 1889 842 1912 Constituu
861 1902 889 1905 ——
909 1889 1006 1912 nabetur
1023 1896 1064 1917 pcr
1087 1889 1245 1917 congregatio

678 1935 730 1951 nem
749 1929 901 1957 sapientium,
919 1935 979 1958 quae
996 1928 1065 1951 debet
1082 1935 1133 1951 esse
1144 1928 1245 1951 laudabi-

678 1969 718 1996 lis,
737 1969 863 1995 unanimis,
888 1968 990 1996 perutilis
1012 1968 1056 1990 293
1082 1974 1094 1990 a
1117 1980 1148 1984 —
1174 1968 1245 1990 Nemo

680 2011 754 2036 potest
779 2008 834 2030 dare
864 2014 932 2030 unam
956 2008 1038 2030 stillam
1065 2007 1120 2030 boni
1145 2008 1245 2034 consilii,

678 2047 720 2069 nisi
740 2047 851 2069 Dominus
877 2047 972 2069 illustret
995 2050 1095 2069 mentem
1122 2047 1167 2069 543
1185 2053 1198 2069 a
1215 2059 1245 2063 —

679 2087 808 2115 Aliquando
827 2088 896 2109 nomo
919 2087 1016 2114 simplex
1038 2087 1077 2109 dat
1095 2087 1176 2109 melius
1194 2092 1245 2109 con-

678 2127 753 2149 silium
780 2132 851 2155 quam
880 2126 963 2155 aliquis
990 2126 1174 2154 sapientissimus
1192 2125 1245 2149 ibid.

724 2177 755 2181 —
772 2166 815 2194 Qui
828 2165 856 2187 ad
870 2165 963 2187 consilia
982 2165 1053 2187 bodie
1065 2165 1181 2193 implenda
1200 2171 1245 2187 non

663 2208 712 2227 -εει
721 2208 788 2232 aptus
799 2211 850 2227 cras
862 2205 938 2227 minus
950 2208 1017 2232 aptus
1029 2205 1071 2226 erit
1080 2204 1125 2227 504
1138 2210 1149 2226 a
1162 2217 1192 2221 —
1204 2205 1246 2226 tlte-

679 2244 722 2266 lius
733 2247 767 2266 est
786 2245 859 2266 facere
875 2244 968 2266 consilia
985 2250 1055 2272 quam
1074 2249 1167 2266 servare
1184 2249 1247 2265 man-

679 2283 731 2305 data
744 2283 788 2305 527
806 2289 819 2305 a

728 2335 756 2338 -
776 2322 868 2345 Consilii
887 2323 974 2345 donum
992 2323 1135 2350 significatur
1152 2323 1175 2344 in
1193 2329 1247 2345 con-

680 2362 786 2389 ceptione
803 2364 883 2384 Annae
900 2362 945 2384 656
964 2368 975 2383 a
993 2374 1024 2378 —
1050 2362 1141 2384 Consilii
1158 2362 1246 2384 donum

681 2401 701 2423 in
721 2401 766 2423 1)εο
784 2400 853 2423 debet
870 2401 976 2424 collocari
993 2401 1048 2424 ibid.

727 2439 862 2463 Consonario
879 2453 908 2456 —
927 2441 1007 2463 mundi
1025 2447 1069 2463 non
1087 2444 1121 2463 est
1138 2447 1192 2463 vera
1205 2447 1247 2463 nec

682 2481 781 2508 perfecta
798 2486 840 2502 nec
863 2480 1014 2508 temperativa
1040 2480 1085 2502 329
1102 2486 1115 2502 a
1132 2493 1163 2496 —
1180 2483 1247 2502 terre-

681 2525 724 2541 nae
742 2522 890 2547 comparatae
907 2519 1098 2541 delectationibus
1110 2519 1248 2542 caelestibus

683 2559 757 2586 tnagis
774 2558 887 2581 dicendae
903 2562 956 2581 sunt
967 2559 1120 2581 desolationes
1134 2559 1176 2581 t73
1190 2559 1205 2581 b
1217 2571 1247 2575 —

682 2597 725 2626 Qui
737 2598 853 2620 desiderat
864 2598 1044 2620 consolationem
1058 2601 1172 2621 terrenam
1184 2599 1248 2621 amit-

682 2637 707 2659 tit
724 2638 846 2659 caelestem
865 2637 909 2659 579
928 2637 942 2659 b
959 2650 991 2654 —
1008 2637 1176 2666 Quaerentibus
1193 2644 1247 2660 con-

682 2676 815 2699 solationem
839 2680 954 2699 terrenam
977 2677 1151 2706 appropinquat
1173 2683 1246 2705 poena

682 2719 775 2738 aeterna
794 2716 838 2738 ι104
856 2722 867 2738 a

730 2768 758 2770 —
776 2756 875 2783 Spiritus
892 2756 914 2777 S.
932 2758 966 2778 est
982 2762 1045 2783 vera,
1064 2757 1177 2784 perfecta,
1194 2759 1248 2778 tem-

683 2795 784 2822 perativa
812 2795 856 2817 329
879 2801 890 2817 a
909 2808 938 2811 —
956 2796 1032 2818 divina
1051 2797 1124 2818 aufert
1141 2796 1247 2818 timorem

683 2834 712 2856 24
737 2840 750 2855 a
770 2847 801 2850 —
823 2834 947 2857 Promissio
971 2835 1063 2857 divinae
1087 2835 1248 2858 consolationis

681 2874 757 2896 reddit
774 2873 913 2897 benevolum
933 2876 960 2897 23
980 2874 994 2897 1)
1016 2887 1046 2891 -
1068 2876 1131 2903 Aqua
1155 2875 1249 2897 divinae

682 2914 843 2936 consolationis
866 2915 984 2936 deseendit
1008 2915 1037 2937 ad
1061 2915 1159 2937 humiles
1185 2914 1214 2936 64
1235 2920 1247 2935 a

682 2966 712 2970 -—
730 2954 807 2976 divina
825 2957 859 2976 εει
876 2955 988 2982 pretiosa,
1011 2960 1054 2976 nec
1079 2955 1147 2978 datur
1169 2954 1249 2976 admit-

682 2993 783 3015 tentibus
800 2994 897 3016 alienam
916 2993 961 3016 254
980 2993 994 3015 b
1012 3007 1040 3009 —
1059 2995 1076 3015 Α
1095 2993 1248 3015 consolatione

682 3033 773 3055 caelesti
798 3033 913 3055 immundi
938 3033 1090 3055 excluduntur
1112 3032 1157 3054 574
1180 3038 1192 3054 a
1207 3040 1248 3047 ·-

1783 246 1827 272 ln:

1530 282 1584 303 CON
1828 246 1837 273 g

1275 319 1322 340 Non
1345 320 1412 341 datin·
1437 320 1560 342 musolatio
1585 320 1628 342 vibi
1655 322 1769 347 ‹·:wlesti<,
1796 322 1837 344 nis-i

1276 358 1397 385 praet-edat
1415 359 1506 380 :dilictio
1525 359 1568 380 vini
1587 360 1698 381 terrestris
1717 361 1761 381 2116
1779 367 1789 381 a
1809 373 1839 377 —

1276 396 1354 424 triplex
1372 398 1440 419 datur
1458 398 1661 425 persexerantibns
1681 400 1708 420 ets
1726 406 1737 420 a

1321 448 1352 452 —
1368 436 1485 458 (Iottsolari
1504 444 1545 458 nos
1562 437 1631 458 «lebet
1649 438 1758 459 uwniuria
1776 439 1837 465 apud

1275 474 1347 496 Deum
1358 478 1448 496 nostrae
1463 476 1611 503 operationis,
1625 478 1695 498 t'oruist
1710 476 1775 498 uoltis
1787 478 1838 499 <luta

1274 516 1366 535 sanctae
1391 514 1532 543 dilectionis,
1551 516 1614 537 locus
1637 516 1734 537 devotae
1759 517 1839 538 ‹ii-atiu-

1275 553 1322 579 uiS,
1340 559 1416 575 sermo
1441 557 1533 576 sanctae
1558 555 1732 581 exhortationis,
1752 562 1840 577 uit-rcus

1275 595 1381 614 aeternae
1399 592 1556 615 retributionis
1574 593 1603 615 534
1622 593 1636 615 b

1323 631 1462 654 (Iouson'rten
1481 644 1511 648 —
1530 632 1616 654 bouum
1634 634 1695 654 valet.
1706 634 1734 655 ad
1749 634 1839 655 vim-en-

1275 670 1331 692 dum
1350 671 1509 693 adversarium
1529 672 1572 693 516
1592 679 1603 693 a
1621 684 1651 688 —
1670 672 1783 694 bonorum
1798 674 1840 694 fre-

1275 710 1434 737 quentandum
1464 714 1498 732 est
1526 714 1620 738 propter
1645 712 1840 739 consolationem,

1276 749 1442 776 cruditionem,
1461 750 1648 772 intercessionem
1668 751 1711 772 227
1731 750 1746 772 1)

1323 800 1352 803 —
1372 794 1469 816 pravum
1489 789 1623 816 fugiendum
1643 792 1676 811 est
1693 790 1723 811 ob
1736 790 1840 818 quinque

1276 833 1357 849 causas
1384 827 1428 849 542
1454 834 1479 854 a,
1503 827 1517 849 b
1539 841 1568 844 -—
1592 829 1651 850 lllulti
1672 832 1765 856 propter
1783 829 1840 851 mala

1275 867 1389 887 consortia
1408 870 1460 888 sunt
1478 866 1544 889 bonis
1562 868 1666 895 gratuitis
1679 868 1767 895 spoliati
1785 871 1806 890 ct
1819 868 1840 890 in

1276 904 1343 927 bonis
1361 905 1502 928 naturalibus
1519 907 1630 929 vulnerati
1650 908 1693 928 227
1707 913 1719 929 a
1731 920 1760 923 —-
1775 907 1841 929 Tales

1276 943 1360 966 debent
1377 951 1460 967 cavere
1477 952 1488 967 a
1508 946 1585 968 talium
1598 946 1718 973 societate,
1737 947 1793 973 nisi,
1806 953 1841 968 ar-

1277 985 1329 1005 mati
1348 984 1395 1005 zelo
1413 984 1512 1006 caritatis
1531 986 1649 1012 fraternae,
1666 988 1785 1013 sperarent
1802 992 1841 1008 eos

1277 1022 1306 1044 al)
1324 1023 1442 1045 erroribus
1456 1030 1565 1046 revocare
1583 1024 1636 1046 ibid.

1324 1074 1354 1078 —
1371 1062 1437 1090 Quod
1457 1063 1526 1084 liomo
1544 1064 1582 1085 fiat.
1595 1069 1688 1085 consors
1700 1064 1792 1085 divinae
1805 1070 1842 1086 na-

1277 1103 1341 1123 turae
1359 1105 1393 1123 est
1410 1108 1451 1129 per
1468 1102 1576 1124 virtutem
1602 1106 1623 1124 et
1641 1103 1728 1125 donum
1747 1103 1842 1125 ‘ft-inita-

1278 1140 1305 1162 tis
1323 1141 1367 1162 338
1385 1147 1397 1162 a

1325 1180 1461 1202 tIonsTANTtit
1479 1193 1510 1196 —
1527 1180 1621 1203 roborat
1646 1182 1746 1203 animam
1764 1182 1842 1209 quoad

1277 1219 1415 1241 irascibilem
1442 1220 1520 1241 3121)
1537 1232 1567 1236 —
1591 1221 1643 1242 iiius
1668 1224 1783 1243 armatura
1809 1224 1843 1243 cst

1280 1258 1386 1280 divinum
1404 1259 1559 1286 adiutorium,
1576 1266 1623 1288 quo
1641 1260 1778 1287 praemuniti
1793 1266 1843 1288 pos-

1278 1304 1360 1320 sumus
1386 1298 1492 1320 resistere
1519 1298 1577 1320 malo
1603 1302 1625 1320 et
1650 1305 1800 1326 perseverare
1817 1300 1839 1321 in

1279 1336 1341 1359 bono
1359 1338 1403 1359 313
1421 1343 1433 1359 a
1446 1349 1476 1353 —
1489 1338 1592 1359 flumana
1611 1339 1720 1365 fragilitas
1732 1345 1777 1361 non
1797 1342 1844 1366 pot-

1278 1380 1312 1398 est
1343 1380 1518 1404 perseveranter
1546 1377 1652 1399 resistere
1680 1378 1730 1399 sine
1758 1378 1843 1400 virtute

1279 1417 1419 1438 constantiae
1437 1415 1491 1438 ibid.
1508 1429 1537 1431 —
1555 1416 1700 1438 Constantine
1718 1417 1785 1444 vigor
1802 1423 1843 1445 per

1279 1458 1368 1483 portam
1388 1455 1546 1484 aquilonarem
1565 1455 1699 1483 designatur
1717 1456 1761 1478 604-
1781 1455 1795 1477 1)
1813 1469 1842 1472 -

1279 1495 1341 1516 lianc
1358 1498 1447 1522 portam
1466 1494 1569 1517 Christus
1587 1495 1608 1517 in
1630 1495 1737 1522 passione
1753 1495 1844 1523 aperuit

1278 1533 1331 1556 ibid.

1325 1574 1492 1596 Coxsram'inus
1508 1586 1539 1590 —
1557 1574 1600 1601 ipsi
1617 1575 1725 1602 apparuit
1749 1574 1842 1602 signum

1278 1613 1354 1635 erucis
1371 1613 1392 1635 in
1410 1613 1501 1640 signum
1519 1613 1629 1635 victoriae
1647 1613 1691 1635 586
1710 1613 1725 1635 b
1737 1627 1766 1629 —
1779 1614 1844 1636 Tunc

1278 1651 1416 1674 Crucifixum
1435 1653 1571 1680 recognovit
1587 1652 1641 1675 ibid.
1653 1665 1683 1669 —
1701 1653 1785 1675 l’lacuit
1804 1653 1844 1674 Do-

1280 1692 1342 1713 mino
1360 1692 1429 1714 finem
1448 1692 1567 1720 imponere
1593 1692 1777 1715 tribulationibus
1802 1698 1844 1720 per

1279 1731 1372 1758 signum
1398 1732 1472 1753 crucis
1497 1732 1541 1759 ipsi
1566 1734 1683 1754 ostensum
1708 1732 1753 1754 587
1776 1738 1787 1754 a
1814 1745 1843 1748 —

1261 1785 1263 1791 .
1281 1771 1393 1792 transtulit
1410 1777 1501 1793 crucem
1520 1771 1547 1793 ad
1566 1770 1707 1793 Christianos
1725 1772 1768 1793 266
1787 1771 1802 1793 1)
1824 1764 1825 1767 ¹

1327 1810 1470 1832 Constffi‘ruoo
1488 1823 1518 1826 —
1535 1812 1570 1832 est
1586 1811 1655 1832 altera
1673 1814 1753 1833 natura
1771 1811 1811 1833 551
1830 1810 1844 1833 b

1280 1862 1309 1865 —
1328 1850 1382 1871 Eam
1409 1853 1499 1872 mutare
1525 1856 1571 1871 non
1594 1856 1719 1877 possumus
1743 1849 1796 1883 ibid.
1814 1863 1844 1866 —-

1281 1889 1387 1916 Exempla
1405 1888 1459 1912 ibid.
1486 1889 1530 1911 552
1548 1896 1560 1911 a
1578 1901 1608 1905 —
1625 1889 1674 1911 Non
1693 1890 1756 1911 facile
1774 1889 1846 1912 eradi-

1280 1931 1317 1950 tur
1334 1929 1396 1957 quod
1414 1929 1485 1951 rudes
1502 1928 1571 1950 animi
1592 1928 1759 1956 praebiberunt
1771 1929 1811 1951 551
1829 1928 1844 1951 b

1280 1980 1310 1983 —
1328 1968 1399 1990 inficit
1416 1971 1438 1990 et
1455 1968 1582 1995 corrumpit
1599 1968 1704 1990 affectum
1723 1968 1767 1990 644
1786 1974 1797 1990 a
1815 1980 1846 1984 —-

1282 2008 1321 2029 Per
1338 2008 1431 2035 longam
1450 2008 1639 2030 assuefactionem
1666 2008 1688 2029 in
1706 2008 1789 2029 malitia
1807 2007 1846 2030 ob-

1280 2047 1355 2069 stinati
1373 2047 1419 2069 iam
1437 2047 1503 2076 quasi
1522 2053 1565 2069 non
1584 2049 1682 2074 possunt
1699 2047 1751 2069 vitia
1771 2047 1846 2069 exstir-

1281 2092 1336 2114 pare
1353 2086 1398 2108 592
1416 2093 1427 2108 a

1328 2126 1496 2148 Cos'renvtmo
1513 2138 1544 2142 —
1561 2126 1616 2154 quid
1629 2126 1658 2148 sit
1669 2126 1798 2148 secundum
1811 2126 1846 2148 Ri-

1281 2165 1393 2188 chardum
1412 2165 1456 2187 408
1475 2171 1486 2187 a

1326 2218 1357 2221 —
1377 2205 1427 2227 Vita
1444 2205 1621 2232 contemplativa
1632 2208 1673 2233 est,
1685 2205 1706 2226 in
1719 2211 1764 2233 qua
1777 2206 1846 2226 liomo

1282 2245 1372 2272 proficit
1389 2245 1410 2266 in
1428 2245 1622 2272 contemplatione
1644 2244 1688 2266 470
1707 2244 1721 2265 b
1739 2256 1768 2260 —
1787 2250 1847 2266 com-

1282 2288 1375 2312 paratur
1393 2285 1446 2306 vino
1472 2287 1494 2306 et
1519 2284 1570 2306 lacti
1588 2284 1616 2306 38
1635 2283 1650 2306 b
1667 2296 1697 2299 —
1716 2283 1847 2311 intelligitur

1282 2330 1323 2352 per
1340 2330 1408 2345 avem
1427 2324 1542 2346 volatilem
1561 2323 1605 2345 647
1624 2329 1635 2345 a
1657 2335 1687 2339 —-
1705 2323 1846 2350 Contempla-

1282 2364 1342 2386 tivus
1366 2363 1508 2391 significatur
1533 2369 1574 2390 per
1598 2363 1699 2391 aquilam
1721 2362 1765 2384 727
1784 2362 1799 2383 1)
1816 2374 1847 2378 -

1281 2402 1457 2431 Contemplativi
1477 2402 1640 2430 significantur
1666 2408 1707 2429 per
1729 2401 1846 2423 Danielem

1282 2443 1327 2464 610
1353 2449 1365 2464 a
1390 2455 1421 2459 --
1446 2443 1500 2464 Eius
1525 2442 1623 2469 figuram
1650 2441 1708 2468 gerit
1730 2440 1845 2462 Abrabam

1282 2482 1327 2504 6-14
1345 2482 1360 2503 1)
1377 2495 1408 2497 -
1434 2481 1485 2503 Vita
1510 2480 1687 2508 contemplativa
1712 2480 1847 2507 designatur

1281 2527 1323 2549 per
1335 2521 1379 2543 mel
1393 2521 1437 2542 473
1455 2527 1466 2542 a
1484 2533 1515 2536 —
1528 2520 1604 2542 Status
1616 2519 1846 2547 contemplativorum

1282 2567 1323 2589 per
1342 2562 1449 2583 loannem
1467 2560 1602 2587 designatur
1619 2559 1663 2580 216
1676 2558 1690 2580 b
1703 2570 1732 2574 —
1745 2558 1847 2580 Christus

1282 2600 1458 2627 transfiguratus
1474 2599 1547 2621 voluit
1564 2599 1585 2620 in
1604 2598 1685 2619 Ioanne
1703 2597 1845 2619 inflammare

1281 2639 1473 2667 contemplativos
1491 2638 1535 2660 219
1553 2643 1565 2659 a

1329 2692 1360 2695 —-
1377 2679 1429 2701 Eius
1442 2679 1528 2706 gradus
1540 2683 1592 2701 sunt
1605 2678 1670 2706 ignis,
1683 2675 1766 2703 unctio,
1778 2680 1848 2699 ecsta-

1282 2719 1325 2747 sis,
1343 2719 1517 2746 contemplatio,
1535 2721 1629 2745 gustus,
1655 2717 1786 2744 amplexus,
1812 2722 1848 2738 re-

1282 2758 1357 2786 quies,
1369 2761 1391 2780 et
1405 2761 1522 2786 postremo
1534 2757 1637 2785 sequitur
1650 2756 1721 2784 gloria
1736 2756 1780 2778 269
1792 2762 1805 2778 a
1817 2768 1846 2771 —

1284 2798 1371 2820 Horum
1382 2797 1501 2825 explicatio
1510 2796 1564 2819 ibid.
1578 2809 1606 2811 —
1619 2796 1641 2817 Si
1654 2796 1724 2817 nomo
1737 2801 1780 2817 non
1794 2795 1849 2817 velit

1282 2837 1311 2859 ad
1325 2838 1366 2858 bas
1378 2836 1528 2864 perfectiones
1544 2835 1631 2862 venire,
1644 2841 1756 2862 magnum
1770 2838 1847 2856 tamen

1283 2880 1324 2902 est,
1342 2875 1405 2904 quod
1423 2876 1456 2897 lex
1477 2875 1598 2897 christiana
1625 2874 1674 2896 illas
1692 2873 1761 2896 babet
1783 2873 1813 2896 ib.
1832 2873 1848 2896 1)

1283 2927 1314 2931 -
1331 2914 1416 2936 Omnes
1433 2914 1470 2935 alii
1488 2920 1500 2935 a
1518 2913 1651 2936 Christianis
1672 2916 1725 2935 sunt
1747 2913 1801 2935 sicci
1819 2912 1848 2935 ab

1283 2954 1323 2976 ista
1343 2953 1415 2981 gratia
1433 2952 1486 2975 ibid.
1505 2965 1536 2969 —
1558 2952 1754 2980 Contemplatims
1779 2951 1849 2975 dehet

1283 2993 1330 3014 Deo
1347 2992 1477 3014 ministrare
1495 2992 1516 3013 in
1534 2991 1710 3018 devotionibus,
1728 2991 1848 3018 laudibus,

1283 3031 1438 3054 oblationibus
1450 3031 1480 3053 85
1493 3030 1507 3053 b
1516 3043 1547 3047 —
1556 3031 1666 3054 Perfectio
1676 3031 1737 3053 vitae
1749 3034 1851 3053 contem-
