2269 3448
370 189 421 217 148

618 228 662 250 OLl

366 267 551 293 illuminandum,
563 267 700 293 curandum,
717 267 868 289 reficiendum
886 266 929 288 457

368 306 382 328 b
400 319 429 323 —
447 307 502 329 Olco
521 306 606 329 utimur
624 306 651 328 ad
671 306 865 328 medicamentum
884 306 930 328 vul-

367 346 440 372 neris,
458 346 624 368 nutrimentum
643 345 743 372 luminis,
757 345 930 367 condimentum

366 385 495 407 resectionis
513 385 557 407 527
576 391 587 406 a

413 437 443 441 —
461 425 565 452 designat
584 424 697 446 charisma
711 423 809 452 Spiritus
821 424 844 445 S.
862 423 901 445 401
918 430 930 445 a

366 476 396 480 —
413 464 528 492 significat
550 463 647 491 gratiam
673 463 718 485 634
743 463 756 485 b
774 475 804 479 —
827 462 933 490 designat

367 503 465 531 gratiam
491 503 653 525 exhilarantem
677 502 722 524 645
746 501 760 524 l]
785 514 815 518 —
838 502 932 524 Notatur

366 543 507 570 septemplex
525 543 601 564 oleum
619 542 714 569 gratiae,
731 542 766 563 cui
785 541 932 563 adversarius
948 550 950 558 ι

367 582 463 610 opponit
478 582 620 609 septemplex
641 581 716 603 oleum
740 580 826 608 peccati
847 580 891 602 532
909 579 932 601 b.
948 608 950 611 ι

368 621 412 643 533
431 627 451 648 a,
470 620 484 642 b
507 633 537 637 —
560 621 602 642 Per
625 621 700 642 oleum
725 620 836 647 figuratur
859 618 932 646 gratia

367 666 463 685 sanans.
482 660 590 687 sapientia
609 659 735 685 illustrans,
752 658 877 686 spiritualis
888 658 932 679 lae-

368 700 414 721 titia
433 699 548 722 delectans
566 698 610 720 547
628 704 640 720 0

416 751 444 754 a·
463 739 503 760 Per
520 738 596 760 oleum
615 737 750 765 designatur
772 736 882 764 sapientia
908 736 933 758 il-

367 778 479 803 lustrans,
506 777 666 804 impinguans,
691 777 785 798 elevans
807 775 851 798 547
871 775 885 797 b
902 787 933 791 —

368 817 473 844 designat
490 816 621 844 scripturae
644 822 738 837 sensum
764 814 933 843 tropologicum

368 856 411 878 473
430 862 442 877 a
459 868 490 871 —
507 855 613 883 designat
631 855 700 877 vitam
719 855 818 876 activam
836 853 890 877 ibid.
902 866 932 869 —

368 896 391 917 ln
408 902 435 917 eo
453 895 571 917 exsultatio
593 895 661 916 datur
683 894 774 921 intelligi
801 893 847 916 714
871 893 885 915 b
902 905 933 909 —

368 935 473 962 designat
490 940 555 962 spem
574 934 603 956 de
621 933 687 955 venia
701 933 746 955 517
758 940 769 955 0
785 946 813 948 -
826 933 932 960 designat

368 974 518 996 humilitatem
537 974 559 995 in
577 973 752 995 conversatione
769 973 813 994 5:33
833 972 847 994 b
864 984 894 988 —-
907 972 933 994 si-

367 1013 461 1041 guificat
478 1013 626 1035 devotionem
646 1012 689 1034 153
707 1018 719 1034 a

415 1053 482 1075 Ottvx
502 1065 529 1067 —
548 1051 648 1074 Arbores
673 1052 785 1073 olivarum
812 1051 934 1079 designant

368 1092 498 1120 Scripturas
524 1091 568 1113 547
596 1091 610 1113 l)
635 1104 663 1106 —
690 1091 804 1119 pullulans
827 1090 934 1118 designat

368 1131 492 1153 bonitatem
511 1134 533 1152 et
549 1130 720 1158 speciositatem
733 1130 794 1152 vitae
806 1133 828 1151 et
841 1136 932 1152 morum

368 1170 448 1193 Christi
459 1171 488 1192 30
497 1170 510 1192 1)
518 1183 547 1186 -
559 1170 739 1192 miscricordiam
751 1170 857 1197 designat
867 1170 911 1191 652
921 1175 933 1191 0

416 1210 481 1233 Ome
499 1222 528 1226 —
546 1214 579 1231 est
597 1209 689 1237 signum
702 1209 849 1237 perfectionis
862 1208 905 1230 448
919 1208 933 1230 1)

415 1249 484 1272 Oxus
501 1262 531 1265 —
549 1249 657 1277 designat
674 1248 789 1271 Christum
808 1249 852 1270 338
872 1248 886 1269 1)

415 1289 474 1311 Oxus
493 1302 520 1304 —
538 1292 560 1310 01
577 1289 659 1316 iugum
677 1288 800 1315 designaut
817 1287 934 1309 (1111100110-
950 1294 951 1298 ’

368 1331 413 1350 10111
432 1328 461 1350 ad
480 1328 565 1350 bonum
592 1331 614 1349 et
640 1327 776 1355 pronitatem
799 1327 827 1348 ad
848 1327 933 1348 malum

368 1412 390 1429 et
408 1408 479 1429 multo
498 1407 573 1429 minus
597 1408 671 1434 potest
697 1406 822 1428 ascendere
840 1406 869 1428 ad
887 1411 935 1427 cae·

368 1447 414 1468 lum
433 1447 477 1469 550
497 1446 510 1468 h

415 1485 522 1508 Orrosmt
540 1497 570 1501 --
588 1485 648 1507 iuxta
665 1491 690 1507 se
708 1485 780 1512 posita
797 1484 871 1512 magis
887 1485 935 1506 elu-

368 1528 461 1548 cescunt
479 1525 523 1547 306
541 1531 560 1546 a.
580 1525 624 1546 382
644 1524 658 1546 1)

416 1564 521 1587 0001113551
539 1576 570 1580 -
587 1566 703 1593 quaerunt
725 1564 801 1585 locum
820 1563 935 1585 defensio-

369 1604 403 1626 nis
421 1605 465 1626 690
485 1603 499 1626 b

416 1644 474 1666 Orus
492 1656 520 1659 --
538 1643 646 1671 Operatio
665 1643 716 1665 iacit
733 1643 792 1664 velle
809 1643 854 1664 639
874 1641 888 1664 1)
906 1655 935 1657 -

370 1684 457 1705 1111110111
475 1683 524 1705 siue
541 1683 617 1711 aliquo
636 1683 722 1710 gaudio
740 1682 789 1704 sieri
806 1682 846 1704 diu
862 1684 936 1709 potest

370 1722 448 1745 5471>
467 1735 496 1739 —-
513 1722 589 1744 omnia
616 1724 669 1744 sunt
694 1722 746 1748 Dei,
771 1722 818 1744 sola
842 1724 935 1749 peccata

370 1765 446 1784 nostra
465 1765 518 1784 sunt
537 1762 578 1783 138
598 1761 613 1784 b
630 1774 660 1778 —
680 1762 739 1784 Deus
762 1767 833 1789 opera
858 1764 936 1783 nostra

370 1801 507 1829 praevenire
531 1800 601 1823 debet
623 1804 645 1823 et
667 1801 779 1823 adiuvare
807 1801 846 1822 196
869 1800 883 1821 b
906 1812 936 1815 —

370 1844 482 1869 quantum
508 1844 542 1862 est
564 1840 625 1868 apud
646 1841 731 1867 Deum,
750 1842 837 1862 tantum
860 1843 893 1862 est
915 1842 937 1861 et

370 1886 415 1902 non
433 1880 533 1907 amplius
556 1880 595 1901 137
614 1879 629 1901 b

418 1931 448 1935 —
465 1919 509 1948 Qui
526 1919 617 1946 operari
635 1925 680 1940 non
699 1919 747 1941 vult
765 1925 808 1940 uon
822 1917 892 1941 debet
905 1925 937 1940 re-

371 1959 406 1981 fici
425 1959 469 1981 256
488 1965 501 1980 0

418 2010 448 2013 ——
465 1998 512 2019 Non
531 2003 648 2019 cessemus
666 1996 724 2018 bene
749 1997 840 2024 operari
859 1996 904 2018 515
922 1996 936 2018 b

372 2050 401 2052 —-
419 2037 595 2064 Adimpleamus
611 2036 688 2058 onmia
706 2042 776 2064 opera
799 2039 882 2062 nostra,
900 2042 937 2058 an-

372 2080 465 2105 tequam
485 2076 560 2098 veniat
572 2075 682 2097 festivitas
694 2078 746 2103 post
759 2078 855 2097 mortem
867 2075 907 2097 571
924 2081 936 2097 a

371 2127 402 2131 ·—
419 2115 478 2137 bona
496 2121 588 2142 semper
605 2118 657 2137 sunt
683 2115 799 2142 1001011110,
816 2114 870 2143 quia
888 2114 938 2136 sine

372 2154 428 2182 ipsis
446 2160 487 2176 nec
510 2154 581 2182 gratia
609 2154 649 2176 Dei
676 2160 718 2176 nec
740 2154 823 2176 caritas
840 2156 874 2176 est
892 2153 937 2175 342

372 2200 392 2220 a,
405 2193 420 2215 1)
436 2206 465 2210 —-
478 2193 594 2215 Debemus
606 2199 656 2215 esse
669 2193 759 2215 secundi
772 2193 795 2215 in
808 2192 873 2215 bonis
885 2199 938 2220 ope-

372 2232 499 2255 rationibus
512 2233 556 2255 570
567 2232 581 2254 1)
593 2245 623 2249 -
636 2233 683 2254 Non
697 2235 792 2260 possunt
804 2232 883 2254 haberi
895 2232 938 2254 vir-

373 2275 432 2294 tutes
455 2272 543 2294 activae
561 2272 602 2294 nisi
620 2278 647 2294 ex
665 2273 791 2300 frequentia
810 2271 869 2294 bene
886 2278 938 2299 ope-

373 2311 437 2334 randi
456 2312 500 2333 639
515 2311 528 2333 1)
541 2325 569 2327 -
584 2311 643 2333 bona
663 2317 755 2339 semper
767 2314 819 2333 sunt
832 2311 938 2339 multipli-

373 2351 445 2373 canda
459 2351 499 2373 571
522 2358 533 2372 11
554 2363 584 2367 -
606 2351 639 2373 Ad
658 2352 699 2373 hoc
718 2351 843 2379 requiritur
860 2350 938 2373 vitatio

373 2391 486 2412 malorum
496 2389 550 2413 ibid.
563 2403 593 2406 ——
605 2390 770 2412 Similitudines
780 2389 834 2413 ibid.
846 2402 876 2406 —
889 2390 938 2412 Nul-

373 2430 407 2452 lus
425 2436 465 2457 per
483 2430 619 2457 sanguinem
638 2429 719 2452 Christi
738 2430 846 2451 innocens
870 2429 938 2451 effici*

374 2472 417 2496 tur,
430 2469 471 2491 11151
484 2469 524 2497 qui
540 2472 600 2491 recte
617 2469 690 2491 credit
707 2471 729 2490 01
745 2472 854 2496 operatur
866 2468 910 2490 728
924 2467 939 2490 b

420 2521 451 2524 —
468 2508 554 2530 debent
571 2514 620 2530 esse
638 2508 703 2535 iusta,
722 2508 832 2535 discreta,
852 2511 939 2535 tempe-

374 2552 434 2574 rata,
454 2548 517 2569 sortia
542 2547 586 2569 440
611 2547 624 2568 b
642 2559 672 2563 —
690 2547 752 2569 Nulla
779 2547 883 2574 operatio
906 2549 940 2568 est

374 2590 447 2612 recta,
474 2586 515 2608 nisi
538 2586 651 2613 dirigatur
680 2585 808 2607 secundum
835 2586 938 2607 divinam

375 2625 570 2652 exemplaritatem
597 2625 641 2646 347
668 2631 679 2646 a
706 2637 736 2640 —
761 2625 837 2646 omnia
862 2627 938 2646 nostra

375 2667 427 2686 sunt
446 2665 491 2686 Deo
509 2664 658 2686 sacrificanda
671 2667 693 2686 et
705 2663 851 2685 attribuenda
873 2663 940 2685 1381)

376 2716 403 2719 ——-
426 2704 497 2725 500115
522 2704 577 2725 1111111
598 2706 695 2730 prosunt
712 2702 764 2725 ibid.
785 2716 812 2718 —
831 2704 853 2724 ln
877 2704 939 2725 omni

376 2743 508 2770 operatione
525 2742 617 2770 sapiens
635 2742 676 2764 tria
702 2742 849 2764 considerare
872 2742 941 2764 debet

376 2782 405 2803 27
423 2788 434 2803 0
452 2794 483 2798 -
500 2782 532 2803 510
553 2782 581 2803 sit
605 2781 625 2803 in
649 2781 755 2809 publico,
772 2785 886 2809 quatenus
909 2782 940 2803 in<

377 2821 444 2843 tentio
464 2824 554 2842 maneat
579 2821 601 2842 111
624 2821 714 2842 occulto
740 2820 784 2842 476
804 2820 818 2842 b
836 2833 865 2836 m
882 2820 940 2842 Cum

376 2859 515 2882 sublimitate
532 2860 609 2887 operis
621 2859 689 2881 dehet
700 2866 751 2881 0550
764 2859 879 2881 humilitas
894 2865 941 2881 cor-

376 2899 411 2920 dis
430 2899 473 2920 483
492 2905 504 2920 0
523 2912 551 2914 -
570 2898 627 2921 Cum
653 2899 753 2921 claritate
771 2899 848 2926 operis
873 2898 942 2920 debet

377 2943 426 2959 esse
452 2938 587 2965 simplicitas
610 2938 669 2960 oculi
694 2937 723 2960 ib.
746 2937 760 2959 b
779 2950 807 2953 -—
826 2938 848 2960 ln
871 2944 942 2965 opere

379 2977 416 2998 Dei
434 2977 536 2999 cavenda
550 2980 602 2999 sunt
615 2978 675 2999 trans
687 2981 709 2999 et
721 2977 858 3004 negligentia
872 2977 917 2999 534
929 2983 940 2999 a

1011 279 1042 283 —
1059 267 1146 288 nullum
1166 265 1253 288 bonum
1266 273 1292 288 ex
1305 266 1375 288 corde
1388 266 1531 294 producitur,

965 305 982 327 si
1001 305 1073 333 gratia
1101 312 1146 327 non
1173 305 1300 327 infunditur
1326 305 1370 327 519
1397 311 1408 326 a
1426 305 1530 327 —sacta

964 347 1025 367 extra
1044 345 1161 367 caritatem
1179 351 1298 373 nunqnam
1322 344 1464 366 reviviscunt
1487 343 1530 365 419

966 383 981 405 h
998 397 1028 400 —
1046 384 1095 406 Non
1114 384 1204 412 prolicit
1221 384 1295 405 facere
1308 383 1408 411 bonum,
1421 383 1463 405 11151
1481 389 1531 405 cor-

965 426 1053 445 rectum
1073 423 1139 445 fuerit
1157 424 1241 445 malum
1258 423 1301 445 457
1314 429 1325 445 0
1340 435 1370 439 -
1383 423 1443 444 Multi
1462 423 1530 445 multa

966 468 1035 490 opera
1050 462 1109 485 bona
1122 463 1231 489 fecerunt,
1243 463 1281 491 qui
1295 465 1370 484 tamen
1385 464 1463 489 postea
1479 465 1531 483 suut

966 501 1067 524 damnati
1086 502 1130 523 482
1150 501 1164 523 b

1014 554 1042 556 -—
1062 540 1149 563 bonum
1172 543 1207 562 051
1231 540 1374 566 devotionis,
1392 540 1531 567 compassio-

967 580 1014 607 nis,
1032 580 1214 602 conversationis
1233 579 1276 601 444
1295 585 1307 601 a
1324 591 1354 595 —
1380 585 1448 601 omne
1467 579 1531 601 meri-

967 620 1051 641 torium
1076 622 1116 641 aut
1141 619 1244 646 proficit,
1270 621 1309 640 aut
1335 618 1475 646 languescit,
1494 621 1532 640 aut

966 658 1043 680 deficit
1063 657 1106 679 458
1119 664 1130 679 a
1143 670 1173 674 -—
1187 657 1245 680 bona
1258 663 1330 686 quare
1343 658 1430 685 possint
1441 657 1530 679 ostendi

967 697 1025 719 inter
1044 698 1169 724 perfectos,
1188 703 1233 719 non
1251 700 1328 719 autem
1353 697 1410 718 inter
1428 697 1532 724 imperte-

949 750 950 758 1
967 740 1016 759 ctos
1034 736 1077 758 476
1097 735 1118 758 b.
1138 736 1182 758 477
1200 743 1212 758 a
1233 748 1260 751 —-
1278 736 1372 764 quando
1391 736 1531 763 procedunt,

966 776 1095 798 secundum
1113 775 1176 804 quod
1194 774 1290 801 debent,
1309 775 1364 797 dant
1376 781 1459 797 verum
1471 775 1532 796 testi-

967 815 1070 837 monium
1090 815 1134 837 483
1152 821 1164 836 11

1015 867 1042 870 -
1061 854 1084 876 Si
1102 854 1125 876 in
1144 853 1206 876 bono
1232 860 1303 881 opere
1330 854 1439 876 fructuosi
1467 854 1532 876 sueri-

968 900 1031 920 mus,
1048 900 1060 915 a
1088 893 1186 915 Domino
1209 893 1367 919 custodimur,
1392 893 1468 914 anima
1486 893 1533 920 pul-

967 933 1027 955 crior
1057 932 1172 960 redditur,
1198 932 1272 954 carior
1299 932 1396 954 Domino
1423 931 1532 960 habetur,

967 971 1159 994 commendabilis
1175 972 1272 994 efficitur
1289 972 1333 993 518
1353 971 1367 993 1)
1384 984 1415 987 -
1433 972 1455 993 111
1472 971 1533 994 bono

967 1017 1039 1039 opere
1063 1014 1097 1034 est
1122 1017 1176 1039 spes
1202 1012 1300 1039 fructus,
1324 1011 1414 1039 speeies
1436 1014 1458 1033 et
1475 1011 1533 1033 odor

969 1051 1012 1073 457
1032 1050 1045 1073 b
1062 1063 1093 1067 —
1111 1051 1152 1073 Per
1170 1050 1230 1073 bona
1257 1057 1327 1078 opera
1352 1051 1451 1073 nutritur
1474 1050 1534 1078 iguis

967 1090 1053 1113 amoris
1071 1091 1129 1112 inter
1146 1096 1189 1112 nos
1213 1093 1235 1112 et
1257 1090 1329 1112 Deum
1349 1090 1393 1112 342
1412 1089 1427 1112 b
1444 1103 1473 1105 —
1492 1091 1533 1112 Per

967 1130 1127 1158 operationem
1151 1132 1253 1152 sanctam
1279 1130 1348 1151 homo
1372 1132 1433 1151 totus
1450 1136 1461 1151 a
1487 1129 1533 1151 Deo

967 1172 1099 1197 acceptatur
1119 1169 1163 1191 434
1182 1168 1196 1190 1)
1214 1181 1243 1185 -
1262 1169 1351 1197 Quanto
1370 1169 1435 1196 plura
1462 1174 1532 1196 opera

950 1233 951 1238 Ἰ
969 1209 1076 1235 facimus,
1094 1211 1156 1230 tanto
1175 1208 1250 1236 magis
1267 1208 1484 1237 appropinquamus
1504 1208 1533 1230 ad

969 1248 1041 1270 Deum
1060 1248 1100 1270 571
1123 1254 1135 1269 0

1015 1299 1045 1303 —-
1063 1287 1130 1309 Aliud
1153 1287 1208 1309 dicit
1233 1287 1263 1309 de
1289 1286 1400 1314 operibus
1423 1287 1533 1308 111-11111111)

950 1327 1079 1354 ,5001011110
1105 1326 1227 1348 christiana
1253 1329 1275 1348 et
1299 1326 1360 1348 aliud
1389 1326 1552 1354 philosophia=

368 1368 412 1390 547
431 1374 442 1389 0
461 1380 490 1383 -
508 1367 621 1389 Oneratas
639 1367 675 1389 vix
702 1373 744 1394 per
769 1369 852 1388 terram
872 1366 935 1388 radit
950 1358 952 1382 ἶ
969 1366 1014 1388 482
1032 1365 1046 1388 b

1016 1417 1046 1420 —
1072 1406 1198 1432 perfectum
1225 1404 1327 1432 disponit
1351 1404 1381 1426 ad
1408 1405 1534 1432 perfectum

951 1466 952 1475 ¹
970 1444 1099 1471 praemium
1118 1444 1163 1466 656
1181 1443 1196 1465 1)
1213 1457 1242 1460 -
1262 1444 1326 1466 Prius
1343 1447 1376 1466 est
1403 1444 1460 1466 bona
1480 1450 1531 1471 ope-

969 1483 1039 1510 ratio,
1056 1483 1141 1506 deinde
1158 1483 1244 1511 gloriae
1256 1483 1395 1511 exspectatio
1413 1483 1458 1505 670
1476 1489 1487 1505 0
1505 1495 1536 1499 -

970 1523 1060 1550 pietatis
1074 1526 1191 1545 merentur
1203 1523 1401 1550 complementum
1414 1523 1501 1550 gloriae
1513 1525 1536 1544 et

969 1565 1121 1590 augmentum
1141 1562 1228 1590 gratiae
1245 1562 1290 1584 656
1309 1561 1324 1583 1)
1342 1574 1372 1578 -
1390 1562 1465 1590 Quare
1483 1568 1535 1589 ope-

969 1602 1069 1624 rationes
1087 1601 1161 1624 bonae
1178 1602 1284 1623 dicantur
1301 1601 1353 1623 viae
1371 1601 1415 1623 444
1433 1607 1444 1623 a

1016 1641 1064 1663 Ona
1081 1654 1111 1657 —
1130 1641 1259 1663 vestimenti
1278 1641 1337 1663 circa
1362 1644 1446 1663 terram
1464 1641 1535 1663 consi-

969 1681 1007 1703 stit
1024 1680 1065 1703 561
1082 1687 1093 1703 0
1113 1693 1142 1697 -
1159 1681 1289 1703 vestimenti
1308 1680 1414 1708 designat
1431 1679 1535 1702 membra

970 1720 1052 1743 Christi
1076 1720 1097 1742 in
1121 1724 1179 1742 terra
1198 1719 1252 1743 ibid.
1276 1733 1303 1736 —
1328 1719 1459 1742 vestimenti
1476 1719 1536 1742 desi>

970 1762 1025 1787 gnat
1043 1760 1143 1782 minores
1161 1760 1277 1787 praelatos
1295 1759 1339 1781 548
1359 1759 1372 1781 1)

1017 1799 1103 1822 Onx‘rio
1120 1812 1150 1815 —
1167 1793 1248 1821 Omnis
1266 1805 1319 1826 pars
1336 1799 1444 1821 orationis
1461 1798 1536 1826 signat

971 1839 1054 1861 mentis
1070 1842 1209 1866 conceptum
1228 1838 1257 1860 59
1276 1838 1290 1860 1)

1018 1891 1048 1893 -
1066 1881 1100 1900 est
1117 1878 1170 1906 pius
1190 1878 1285 1900 affectus
1310 1878 1392 1899 mentis
1415 1878 1437 1899 in
1463 1878 1535 1899 Deum

971 1917 1016 1939 652
1036 1917 1050 1939 b
1068 1930 1098 1933 -
1116 1917 1220 1939 Gemitus
1232 1917 1342 1939 orationis
1354 1920 1387 1939 est
1400 1917 1472 1939 dulcis
1484 1923 1537 1938 can-

953 1973 955 1980 .
972 1960 1020 1983 tus,
1038 1957 1077 1985 qui
1096 1957 1170 1984 placet
1188 1957 1235 1979 Deo
1253 1957 1293 1978 571
1316 1963 1327 1978 0
1346 1969 1376 1972 —
1394 1957 1415 1978 ln
1433 1957 1536 1978 oratione

971 1997 1055 2018 clamat
1072 1996 1147 2018 anima
1166 2002 1208 2024 per
1224 1996 1351 2023 suspirium
1369 1996 1399 2017 ad
1416 1996 1535 2018 caelestem

970 2036 1107 2057 suavitatem
1126 2035 1171 2057 213
1190 2034 1204 2056 b
1224 2048 1250 2050 —
1271 2035 1295 2056 tit
1313 2040 1353 2062 per
1371 2035 1452 2056 mentis
1464 2035 1536 2056 eleva-

971 2075 1056 2096 tionem
1075 2074 1121 2096 207
1134 2080 1145 2095 a
1158 2087 1188 2089 —
1201 2080 1245 2096 non
1265 2074 1289 2095 nt
1306 2080 1363 2096 sono
1381 2074 1445 2096 vocis
1463 2077 1484 2096 et
1499 2074 1537 2095 lin-

971 2119 1032 2141 guae
1051 2116 1115 2135 motu
1134 2119 1209 2142 neque
1226 2112 1366 2141 syllabarum
1385 2113 1536 2139 distinctione,

971 2152 1010 2175 sed
1024 2152 1143 2175 affectibus
1155 2153 1322 2175 desideriorum
1342 2152 1386 2174 389
1403 2158 1415 2174 a
1433 2165 1463 2167 —
1480 2152 1537 2180 quid

971 2192 1000 2214 sit
1016 2197 1061 2214 sec.
1080 2193 1102 2214 S.
1119 2192 1286 2219 Hieronymum
1305 2192 1345 2213 391
1368 2191 1382 2213 b

1018 2244 1049 2247 —
1067 2231 1088 2253 ln
1107 2231 1217 2259 petitione
1235 2231 1276 2253 tria
1295 2233 1421 2253 occurrunt
1438 2231 1467 2252 27
1485 2237 1537 2252 a—

973 2270 1081 2299 Sequitur
1099 2270 1233 2297 lectionem,
1252 2270 1395 2292 collationem
1413 2272 1435 2292 et
1452 2276 1538 2292 memo-

972 2310 1029 2332 riam
1048 2310 1092 2332 657
1111 2309 1126 2332 b
1143 2322 1174 2326 —
1191 2312 1261 2332 Actus
1278 2310 1388 2332 orationis
1413 2313 1466 2331 sunt
1483 2315 1538 2337 pur-

972 2349 1047 2377 gatio,
1074 2349 1208 2371 illuminatio
1234 2352 1256 2371 et
1280 2349 1389 2376 porrectio
1413 2349 1457 2370 390
1476 2348 1490 2370 1)
1507 2361 1538 2365 --

972 2388 1053 2417 fidelis,
1070 2389 1166 2416 simplex
1183 2391 1205 2410 et
1223 2388 1315 2410 humilis
1335 2388 1479 2415 significatur
1496 2394 1538 2415 per

973 2427 1066 2454 ludam,
1084 2428 1201 2449 lonatliam
1220 2430 1241 2449 et
1259 2427 1375 2448 Simonem
1389 2427 1434 2448 608
1446 2433 1467 2453 a,
1480 2426 1495 2448 b
1507 2439 1538 2442 —

972 2467 1114 2494 significatur
1132 2473 1173 2494 per
1190 2469 1291 2488 aromata
1310 2466 1355 2487 626
1374 2466 1388 2487 1)

1019 2518 1050 2522 -
1063 2506 1186 2528 Orantibus
1203 2506 1312 2528 assistunt
1324 2506 1411 2533 Angeli,
1423 2505 1462 2534 qui
1475 2505 1538 2533 ipsos

973 2545 1052 2567 iuvant
1069 2548 1091 2567 et
1108 2546 1236 2568 confortant
1253 2545 1297 2566 626
1317 2544 1330 2566 1)

1020 2596 1050 2600 -
1068 2585 1183 2607 offerenda
1202 2588 1236 2606 est
1254 2584 1300 2606 Deo
1318 2584 1426 2606 vocaliter
1439 2586 1460 2605 et
1478 2589 1537 2605 men-

974 2624 1046 2645 taliter
1063 2624 1107 2645 723
1126 2630 1137 2645 a
1156 2636 1186 2640 —
1210 2624 1295 2645 vocalis
1316 2623 1432 2645 offerenda
1456 2625 1490 2644 est
1506 2623 1538 2645 di-

973 2663 1067 2689 stincte,
1085 2666 1170 2685 attente
1187 2666 1209 2684 et
1227 2663 1310 2685 devote
1328 2661 1380 2684 ibid.
1398 2675 1428 2677 —
1451 2661 1538 2683 1000115

974 2702 1089 2724 offerenda
1108 2705 1142 2724 cst
1159 2702 1243 2730 septies
1261 2702 1282 2723 111
1306 2701 1343 2723 die
1361 2701 1389 2723 ad
1408 2707 1538 2728 promeren-

974 2741 1028 2763 dam
1046 2741 1203 2768 septiformem
1230 2741 1327 2768 gratiam
1352 2740 1379 2763 ib.
1397 2740 1413 2762 1)
1430 2752 1459 2755 -
1478 2745 1538 2761 111011-

975 2780 1024 2802 talis
1041 2780 1160 2809 (1uomod0
1177 2784 1199 2802 et
1216 2780 1365 2808 quandonam
1383 2779 1498 2801 offerenda
1510 2779 1539 2800 sit

975 2818 1028 2842 ibid.
1046 2832 1076 2836 —
1095 2819 1225 2841 Orationem
1252 2819 1373 2841 mentalem
1399 2818 1538 2846 praecedere

975 2858 1045 2881 debet
1055 2859 1171 2881 meditatio
1181 2864 1203 2880 et
1212 2858 1276 2887 sequi
1288 2858 1413 2886 gratiarum
1424 2858 1482 2880 actio
1492 2857 1537 2879 724

975 2904 986 2920 0
1000 2910 1029 2914 ——
1047 2898 1150 2920 mentalis
1168 2900 1200 2919 est
1219 2898 1317 2920 maxime
1332 2898 1379 2919 Deo
1392 2897 1471 2925 placita
1485 2896 1538 2919 ibid.

1021 2950 1051 2953 --
1070 2938 1091 2959 111
1110 2937 1211 2965 qualibet
1235 2937 1343 2964 petitione
1365 2936 1475 2958 orationis
1500 2936 1538 2958 do-

976 2977 1072 2999 minicae
1097 2977 1180 3004 petitur
1207 2976 1378 3004 perseverantia
1400 2975 1445 2997 505
1471 2975 1485 2997 1)
1510 2988 1536 2990 -

913 188 1010 216 1NDEx
1033 187 1273 216 AhPHABETlCUS
1295 187 1372 215 NONl
1395 187 1582 216 VOLUMINIS.

1822 225 1879 248 ORE

1566 265 1641 293 Quare
1666 265 1764 287 Ecclesia
1789 265 1896 287 terminet
1916 271 1997 287 omnes
2014 265 2129 286 orationes

1565 311 1618 327 cum
1637 304 1727 327 verbis:
1748 305 1790 326 Per
1808 305 1833 326 D.
1852 304 1876 326 N.
1894 305 1908 326 1.
1926 304 1951 326 C.
1970 304 2014 326 404
2033 304 2047 325 1)

1612 356 1643 360 -
1661 344 1745 372 Quales
1757 344 1865 366 volumus
1877 343 1898 365 in
1910 344 2013 365 oratioue
2026 343 2130 371 inveniri,

1566 384 1621 405 tales
1638 382 1752 405 debemus
1770 389 1811 405 nos
1829 386 1895 405 antea
1908 389 2047 410 praeparare
2060 384 2104 405 389
2117 389 2129 405 a

1566 435 1596 438 —
1613 423 1670 444 Ante
1696 422 1822 444 orationem
1846 422 1915 444 debet
1941 422 2072 450 praeparari
2099 428 2131 444 se-

1566 464 1653 484 cretum
1672 462 1748 484 cordis
1774 465 1796 483 et
1820 461 1895 484 claudi
1922 468 2004 483 sensus
2027 461 2131 489 corporis

1566 500 1619 524 ibid.
1637 513 1666 517 —
1685 501 1753 529 Quod
1770 504 1822 523 ante
1844 501 1972 522 orationem
1991 506 2032 528 per
2049 507 2131 523 sensus

1566 541 1698 567 hausimus,
1716 543 1789 562 totum
1808 540 1829 562 in
1849 544 1953 568 tempore
1970 540 2079 562 orationis
2097 546 2131 562 00-

1566 580 1637 602 currit
1653 579 1706 602 ibid.

1613 631 1643 634 —
1661 622 1685 641 ut
1702 619 1730 640 sit
1745 619 1825 646 placita
1839 621 1861 641 et
1873 621 1975 646 accepta,
1988 618 2084 647 requirit
2096 618 2131 640 tri-

1567 658 1648 685 plicem
1668 658 1867 685 praeparationem
1891 660 1913 680 et
1938 658 2086 679 attentionem
2110 661 2133 679 et.

1566 697 1682 724 duplicem
1701 697 1873 719 exsultationem
1892 697 1937 719 390
1956 696 1977 718 b.
1996 697 2036 718 391
2065 703 2086 723 a,
2109 696 2132 718 b.

1567 736 1612 758 392
1629 742 1641 758 0
1659 748 1689 752 -
1712 736 1832 765 quomodo
1858 736 1896 758 1101
1921 736 1966 758 Deo
1989 739 2083 764 accepta
2109 738 2131 758 et

1567 775 1665 803 gratuita
1683 776 1728 797 207
1742 774 1756 797 1)
1769 788 1797 791 --
1812 775 1863 797 Tria
1877 782 1928 797 eam
1942 776 2065 803 perfectam
2084 775 2133 808 red-

1567 814 1625 836 dunt
1642 814 1687 836 678
1705 821 1716 836 0
1739 827 1770 830 -
1791 814 1887 843 requirit
1910 815 2074 841 humilitatem,
2093 820 2132 842 pu⁴

1567 854 1655 875 ritatem
1674 857 1696 876 et
1713 853 1858 876 sedulitatem
1877 854 1922 875 389
1941 860 1952 875 a
1970 866 2001 869 —
2014 853 2133 881 potissime

1567 893 1661 915 offertur
1678 899 1720 921 per
1736 893 1842 921 spiritum
1861 892 2041 915 contribulatum
2054 896 2075 915 et
2093 893 2132 915 hu-

1568 932 1679 954 miliatum
1698 932 1743 954 652
1761 931 1775 953 1)
1792 944 1823 948 -
1836 932 1887 954 Eius
1905 932 1992 960 puritas
2010 932 2095 959 pendet
2106 938 2133 954 ex

1568 971 1667 999 puritate
1689 971 1838 993 consessionis
1863 971 1909 993 725
1926 970 1941 993 1)
1964 983 1993 987 -
2016 977 2061 993 11011
2085 974 2133 993 tan-

1568 1013 1616 1033 tum
1629 1010 1727 1033 verbosa
1740 1017 1791 1033 esse
1803 1010 1872 1033 debet
1883 1014 1995 1039 quantum
2009 1011 2133 1033 affectuosa

1567 1050 1613 1072 724
1639 1056 1651 1072 0
1676 1062 1707 1066 -
1730 1049 1799 1072 debet
1821 1050 1948 1078 procedere
1973 1056 1999 1072 ex
2017 1050 2132 1072 desiderio

1568 1090 1653 1112 devoto
1672 1090 1716 1111 538
1735 1095 1746 1111 a
1765 1102 1792 1105 -—
1812 1089 1881 1111 debet
1904 1089 1951 1111 lieri
1976 1095 2029 1111 cum
2047 1089 2133 1111 fiducia

1568 1128 1613 1151 350
1631 1128 1646 1150 b
1663 1141 1693 1145 —
1716 1128 1817 1151 Orationi
1842 1128 1963 1151 coniuncta
1986 1134 2036 1150 esse
2062 1127 2131 1150 debet

1569 1168 1725 1190 misericordia
1747 1168 1789 1190 155
1806 1174 1817 1190 a

1617 1220 1648 1224 —
1666 1207 1756 1229 illorum
1774 1207 1909 1234 exauditur,
1927 1207 1967 1235 qui
1994 1213 2037 1229 non
2061 1207 2133 1234 impe-

1550 1253 1551 1256 *
1568 1247 1662 1269 diuntur
1682 1247 1799 1274 superllua
1826 1246 1977 1274 occupatione
2004 1246 2048 1268 389
2072 1246 2086 1268 b
2104 1258 2134 1262 —

1568 1292 1628 1315 quae
1646 1286 1675 1308 de
1692 1286 1762 1308 corde
1781 1286 1899 1308 humiliato
1926 1285 2041 1313 procedit,
2060 1285 2134 1313 magis

1569 1328 1661 1348 resonat
1679 1326 1700 1347 in
1718 1324 1814 1347 auribus
1826 1325 1866 1347 Dei
1879 1325 1924 1347 595
1937 1325 1951 1346 1)
1963 1337 1993 1341 --
2007 1328 2030 1347 111
2047 1325 2135 1347 5110111-

1569 1371 1622 1391 cax,
1640 1364 1709 1387 debet
1727 1364 1812 1386 habere
1829 1364 1963 1386 comitatum
1982 1364 2134 1386 11111111111111-

1570 1408 1618 1426 tum
1628 1404 1673 1426 686
1685 1403 1699 1426 b
1712 1416 1741 1420 —
1754 1405 1783 1426 Ex
1796 1404 1970 1426 conversatione
1982 1403 2134 1425 saecularium

1569 1444 1665 1466 orationi
1683 1443 1783 1471 tepidius
1802 1444 1910 1465 insistitur
1923 1443 2029 1465 01010110
2047 1443 2134 1465 tardius

1570 1483 1690 1505 exauditur
1699 1483 1744 1505 530
1758 1482 1772 1504 1)
1788 1495 1814 1498 -
1826 1488 1887 1511 quae
1897 1482 2015 1510 egreditur
2024 1482 2053 1504 de
2065 1482 2135 1504 eorde

1570 1522 1691 1544 immundo
1710 1521 1826 1544 mediante
1843 1528 1883 1543 ore
1908 1521 2081 1549 superficialiter
2098 1521 2135 1543 de-

1570 1564 1624 1583 voto
1642 1567 1687 1583 non
1706 1561 1778 1589 placet
1801 1560 1891 1583 Christo
1916 1560 1960 1582 185
1977 1566 1989 1581 a
2006 1572 2037 1576 —
2054 1566 2136 1587 super-

1570 1600 1653 1623 bientis
1679 1603 1700 1622 et
1726 1600 1823 1622 earnalis
1850 1606 1895 1622 non
1926 1602 1960 1622 est
1986 1598 2135 1625 exaudibilis,

1570 1640 1611 1662 sed
1629 1640 1703 1668 magis
1720 1639 1866 1662 exsecrabilis
1883 1639 1927 1661 390
1946 1638 1968 1660 b.
1987 1639 2026 1660 391
2043 1644 2055 1660 a

1617 1692 1645 1695 —-
1665 1680 1740 1708 Quare
1757 1685 1850 1706 semper
1875 1679 1903 1700 sit
1925 1678 2038 1700 orandum
2057 1678 2097 1700 391
2120 1677 2135 1699 b

1571 1731 1598 1734 —
1617 1719 1673 1747 Quis
1691 1718 1780 1740 dicatur
1805 1724 1898 1745 semper
1923 1723 1988 1739 orare
2006 1717 2050 1739 389
2073 1716 2087 1738 b
2105 1729 2134 1732 —-

1570 1757 1641 1780 Orare
1650 1757 1770 1784 debemus,
1780 1763 1902 1786 quousque
1914 1756 2060 1779 obtineamus
2071 1755 2136 1785 quod

1570 1797 1730 1819 desideramus
1748 1796 1801 1819 ibid.
1819 1809 1849 1813 -
1864 1796 1981 1818 Debemus
1999 1796 2095 1823 vigilare
2112 1796 2135 1817 in

1571 1837 1674 1859 oratione
1691 1836 1721 1858 ob
1739 1840 1839 1865 quatuor
1856 1842 1938 1858 causas
1956 1836 1996 1857 391
2020 1835 2034 1857 1)
2052 1847 2083 1851 -
2095 1835 2135 1857 Per

1572 1882 1622 1898 eam
1641 1875 1706 1898 cibus
1724 1875 1793 1898 debet
1815 1875 1951 1897 sanctificari
1969 1874 2014 1896 644
2033 1874 2047 1896 b
2064 1886 2094 1890 —
2112 1874 2135 1896 in

1571 1915 1680 1938 omnibus
1705 1915 1859 1943 praemittitur
1884 1914 1930 1937 645
1952 1921 1964 1936 a
1982 1926 2012 1930 —
2030 1913 2090 1942 Quid
2107 1914 2136 1936 sit

1570 1961 1636 1977 orare
1655 1961 1696 1982 pro
1709 1955 1807 1976 invicem
1826 1955 1866 1976 391
1890 1953 1903 1976 h
1920 1966 1950 1970 —
1968 1953 2035 1976 Pauci
2054 1954 2136 1975 intrant

1571 1994 1703 2017 cubiculum
1722 1994 1750 2016 ad
1769 1994 1882 2016 orandum
1902 1993 1931 2016 ib.
1948 1999 1961 2015 a
1985 2005 2016 2009 —
2033 1993 2081 2015 Hoc
2102 1995 2136 2015 est

1571 2033 1663 2056 divinae
1680 2033 1767 2061 gratiae
1784 2037 1806 2055 et
1824 2036 1915 2054 nostrae
1933 2032 2064 2060 diligentiae
2081 2031 2135 2054 ibid.

1617 2085 1646 2089 —
1664 2072 1708 2101 Qui
1726 2079 1737 2094 a
1751 2072 1840 2094 Christo
1853 2072 1901 2093 vult
1914 2071 2042 2098 illuminari,
2054 2071 2071 2093 si
2084 2077 2134 2093 5011-

1571 2112 1595 2134 111
1611 2117 1636 2134 50
1652 2112 1745 2139 gravari
1757 2114 1779 2133 et
1790 2111 1916 2133 orationem
1930 2111 2044 2138 impediri,
2056 2110 2135 2133 arden-

1571 2151 1615 2173 tius
1640 2151 1723 2172 clamet
1741 2150 1785 2172 405
1803 2149 1818 2171 1)
1834 2162 1865 2166 -
1883 2150 1927 2178 Qui
1952 2152 2002 2172 orat
2027 2150 2135 2172 instanter

1570 2194 1592 2213 et
1609 2190 1704 2212 finaliter
1721 2190 1744 2212 in
1762 2190 1832 2212 domo
1846 2189 1884 2211 Dei
1898 2192 1980 2217 manet,
1994 2192 2017 2211 ut
2029 2189 2102 2216 decet,
2115 2192 2136 2211 et

1571 2233 1604 2252 est
1622 2230 1719 2252 idoneus
1736 2229 1765 2251 ad
1783 2229 1878 2251 salutem
1898 2229 1942 2250 390
1961 2228 1975 2250 1)
1987 2240 2018 2244 ——
2030 2228 2073 2256 Qui
2091 2234 2135 2250 non

1571 2272 1620 2291 orat
1637 2269 1733 2291 domum
1746 2268 1787 2290 Dei
1799 2274 1844 2290 11011
1863 2267 1958 2290 fideliter
1972 2267 2081 2289 inhabitat
2093 2273 2136 2289 nec

1571 2309 1667 2331 finaliter
1685 2310 1818 2336 perseverat
1834 2306 1888 2330 ibid.

1619 2360 1647 2363 —
1665 2350 1699 2369 est
1716 2347 1828 2369 medicina
1846 2347 1947 2374 turpium
1969 2346 2135 2374 cogitationum

1573 2387 1615 2409 187
1629 2393 1641 2408 a
1655 2399 1685 2403 -
1697 2389 1731 2408 est
1742 2386 1889 2413 sacrificium,
1901 2392 1948 2414 quo
1960 2385 2062 2413 placatur
2077 2385 2135 2407 Deus

1571 2427 1616 2448 652
1634 2425 1649 2448 b
1667 2438 1694 2441 —
1713 2425 1743 2447 ad
1760 2426 1837 2447 lumen
1855 2425 2053 2453 contemplationis
2070 2424 2136 2446 redu-

1571 2466 1600 2487 cit
1617 2465 1663 2487 725
1681 2464 1695 2486 b
1714 2477 1741 2480 -—
1759 2465 1834 2486 Fletus
1851 2464 1980 2486 devotionis
1998 2467 2019 2486 et
2042 2464 2135 2486 intentio

1571 2505 1680 2526 orationis
1697 2507 1749 2526 sunt
1762 2504 1862 2531 brachia,
1874 2503 1960 2532 quibus
1971 2510 2024 2525 cum
2038 2504 2135 2525 Domino

1571 2544 1684 2566 luctamur
1701 2544 1741 2565 721
1765 2549 1776 2565 a
1795 2555 1824 2559 -—
1842 2543 1937 2565 Orantes
1954 2542 2039 2564 habent
2055 2548 2136 2570 argen-

1572 2586 1619 2605 tum
1638 2583 1682 2605 639
1701 2582 1715 2604 h
1734 2595 1761 2597 —
1781 2583 1822 2604 l‘er
1839 2582 2031 2604 contimiatiouem
2055 2582 2136 2604 oratio-

1571 2622 1606 2644 nis
1624 2621 1754 2644 habitamus
1772 2622 1793 2643 in
1814 2621 1877 2643 atriis
1900 2621 1989 2643 Domini
2010 2621 2055 2643 216
2074 2620 2088 2642 1)
2107 2633 2135 2636 -

1571 2664 1645 2683 tantae
1673 2664 1707 2683 est
1732 2661 1889 2688 excellentiae,
1916 2664 1939 2682 ut
1964 2661 1983 2682 ei
2011 2660 2135 2688 praecipue

1572 2703 1707 2728 praeparata
1729 2700 1758 2722 sit
1780 2699 1856 2721 ‹tivina
1880 2699 1989 2721 habitatio
2010 2700 2055 2721 390
2074 2699 2088 2721 1)
2104 2711 2135 2716 —·

1572 2739 1624 2761 facit
1641 2739 1744 2761 invenire
1762 2739 1876 2761 Christum
1895 2739 1940 2761 657
1958 2738 1972 2760 b
1988 2751 2018 2754 —
2031 2739 2071 2760 Per
2083 2744 2134 2760 eam

1571 2779 1714 2806 acquirimus
1731 2778 1842 2806 Spiritum
1860 2780 1883 2800 S.
1895 2781 1917 2800 et
1928 2778 2075 2800 devotionem
2089 2778 2133 2799 686

1573 2817 1586 2839 h
1603 2829 1634 2833 —-
1651 2818 1698 2839 Hoc
1715 2817 1857 2844 significatur
1875 2817 1897 2839 in
1915 2818 1960 2839 Axa
1977 2816 2031 2839 ibid.
2043 2829 2073 2832 —
2086 2816 2134 2844 Spi-

1571 2856 1627 2878 ritus
1645 2856 1667 2878 S.
1685 2856 1803 2878 descendit
1821 2862 1890 2884 super
1908 2859 1998 2878 orantes
2015 2856 2060 2877 639
2079 2855 2093 2877 b

1619 2896 1685 2919 Onssts
1701 2908 1731 2912 —
1750 2896 1821 2918 Motus
1843 2896 1935 2917 orbium
1961 2898 1995 2917 est
2019 2894 2135 2917 circularis

1572 2936 1616 2957 612
1636 2935 1649 2957 1)
1667 2948 1695 2951 ——
1715 2936 1787 2957 Motus
1804 2934 1895 2957 orbium
1917 2941 1962 2957 non
1986 2938 2059 2956 cessat
2081 2933 2134 2956 ibid.

1571 2975 1748 3002 —Philosophi
1772 2975 1836 3002 prius
1861 2977 1919 3001 octo,
1946 2977 2023 3001 postea
2050 2979 2134 2995 noveni
