2269 3448
394 196 428 223 to
1144 190 1358 219 nissERTATiO
1380 190 1397 218 1.

630 273 643 299 ‘5
660 271 678 294 I.
697 270 844 298 Quaestiones
862 270 1004 301 disputatae.

470 367 562 403 Usque
576 365 609 394 ad
622 369 744 394 nostram
760 364 906 393 editionem
922 363 1080 400 praeclarae
1096 363 1145 391 hae
1161 369 1243 399 quae-

393 414 494 443 stiones
510 420 625 450 prorsus
644 412 751 449 ignotae
769 414 796 439 et
818 410 993 439 absconditae
1007 413 1085 438 erant
1101 409 1129 437 in
1144 408 1240 437 biblio-

393 460 495 494 thecis,
514 462 631 495 excepta
652 458 697 486 illa
714 458 747 486 de
763 459 934 494 paupertate,
950 463 1021 492 quae
1037 459 1125 483 tamen
1142 455 1168 483 in
1185 454 1241 483 edi-

393 507 515 536 tionibus
536 510 595 535 erat
617 505 721 534 mutila.

475 555 498 582 1.
522 553 612 582 Primo
634 553 718 589 igitur
741 553 876 580 tractatur
892 550 924 579 de
946 549 1068 578 scientia
1092 547 1242 577 (Νη-131161

393 601 426 630 de
447 599 585 638 oizyslert'o
608 598 762 627 Trinitatis
777 605 837 634 pag.
854 596 934 630 3-15,
950 599 977 624 et
992 595 1019 623 in
1040 594 1243 631 prolegomenis

394 656 454 685 pag.
479 647 565 675 ill-Vl.
590 647 734 682 Postquam
757 644 792 672 ihi
815 644 848 672 de
874 642 1007 679 singulari
1036 642 1136 670 harum
1159 648 1244 678 quae-

394 695 514 723 stionum
532 693 698 730 praestantia
712 692 804 728 aliqua
818 691 890 719 dic-ta
911 693 976 718 sunt
998 691 1026 725 (ξ
1050 690 1096 724 1.),
1118 687 1244 725 genuini-

394 746 435 770 tas
456 741 606 770 earundem
629 739 736 768 invictis
757 737 929 774 argumentis
950 736 1084 773 probatur
1103 737 1132 771 (5
1147 736 1202 771 02.);
1218 738 1244 763 et

393 788 490 817 deinde
506 789 534 823 (ξ
550 787 588 821 3.)
608 787 769 815 reseruntur
791 787 852 813 octo
873 784 980 812 codices
1001 783 1117 819 antiqui,
1133 782 1180 819 qui
1199 789 1244 810 eas

394 835 536 868 exhibent,
552 834 635 870 aliqui
659 836 749 861 tamen
772 839 825 860 non
848 831 976 867 integras.
1000 830 1062 858 Post
1084 837 1143 866 pag.
1166 828 1243 857 LXlV

394 882 516 910 additum
540 884 581 909 est
603 879 758 908 Fcicstmz'le
787 878 888 906 codicis
909 877 1049 910 Vaticani,
1070 876 1098 904 in
1120 884 1176 913 quo
1197 883 1244 912 ap-

394 933 472 966 paret
493 927 644 964 antiquitas
661 926 816 962 scripturae
831 928 858 953 et
872 932 971 953 nomen
989 923 1111 952 auctoris
1125 931 1141 951 3
1155 922 1245 959 prima

394 984 479 1004 manu
509 975 643 1011 scriptum
673 973 717 1001 1116
747 972 855 1001 verbis:
891 971 1056 1008 «Incipiunt
1086 969 1245 1007 questiones

395 1023 465 1051 bone
488 1025 604 1050 venture
625 1021 658 1049 de
680 1019 793 1048 scientia
813 1019 913 1047 Christi
931 1030 956 1045 ».

473 1068 567 1106 Quoad
583 1067 756 1106 mysterium
778 1066 932 1094 Trinitatis
947 1065 1066 1093 notanda
1081 1068 1122 1093 est
1138 1064 1243 1092 metho-

394 1118 446 1146 dus
463 1124 578 1153 prorsus
592 1114 749 1151 singularis,
765 1121 820 1150 qua
839 1112 905 1141 illud
921 1112 1080 1149 exponitur.
1098 1112 1243 1148 Postquam

395 1164 466 1193 enim
483 1163 509 1191 in
526 1163 542 1190 l.
558 1162 718 1199 quaestione
734 1160 843 1189 duobus
861 1160 986 1188 articulis
1004 1159 1141 1196 probavit,
1157 1159 1244 1186 Deum

395 1220 453 1249 esse
475 1213 506 1239 ut
528 1217 625 1238 verum
649 1208 837 1241 indubitabile,
853 1212 880 1236 et
894 1208 981 1236 Deum
1004 1215 1063 1235 csse
1079 1206 1193 1234 tri-num
1215 1208 1246 1233 nt

396 1266 493 1287 verum
524 1257 669 1290 credibile,
702 1256 729 1284 in
758 1255 939 1292 sequentibus
961 1254 1004 1282 Vll
1037 1253 1246 1291 quaestionibus

397 1305 530 1343 probatur
553 1305 579 1332 in
603 1304 691 1340 primo
712 1303 830 1331 articulo
846 1303 947 1331 veritas
968 1302 1125 1338 aliquorum
1141 1300 1246 1328 divino-

396 1361 458 1381 rum
481 1352 694 1384 attrilmtorum,
718 1354 747 1378 ut
769 1349 891 1382 unitatis,
913 1348 1105 1385 simplicitatis,
1128 1347 1246 1375 intinita—

395 1400 439 1432 tis,
454 1397 633 1429 aeternitatis,
649 1400 675 1425 et
698 1397 723 1424 111
745 1395 866 1424 5661111110
887 1395 1014 1428 articulo,
1029 1393 1167 1431 quomodo
1183 1401 1244 1422 cum

397 1445 535 1483 praedicto
556 1445 690 1473 attributo
712 1443 797 1480 possit
819 1446 891 1471 stare
914 1442 972 1479 ipsa
987 1441 1114 1469 Trinitas.
1134 1440 1246 1468 Nullum

396 1492 586 1529 cognoscimus
607 1494 748 1519 auctorem
772 1489 977 1522 scholasticum,
992 1488 1038 1525 qui
1063 1488 1142 1516 simili
1167 1487 1246 1515 modo

397 1540 446 1568 1106
469 1539 631 1575 mysterium
655 1541 761 1566 tractet.

475 1588 501 1614 2.
518 1587 680 1622 Sequuntur
695 1584 908 1620 disputationes
923 1583 957 1611 116
969 1581 1144 1620 perfeccione
1159 1589 1245 1609 601111,-

395 1633 505 1670 gyelz'ea,
528 1632 554 1660 in
577 1631 666 1668 specie
688 1631 721 1659 116
744 1629 922 1663 limizz'lc'tole,
948 1629 981 1658 de
1001 1632 1190 1666 paupertate,
1213 1627 1246 1655 de

396 1679 590 1713 continentia,
613 1679 646 1707 de
675 1677 842 1706 obedientia.
874 1677 899 1704 ln
931 1676 1133 1712 Prolegomenis
1154 1675 1246 1712 agitur

397 1727 430 1755 de
453 1727 495 1755 1115
518 1726 543 1754 111
566 1734 624 1762 cap.
648 1725 676 1752 11.
700 1725 771 1761 (pag.
795 1724 827 1752 Vl
850 1724 900 1752 col.
924 1724 953 1757 ll,
975 1724 1020 1751 XV
1043 1723 1092 1751 601.
1117 1723 1157 1758 11.)

477 1773 565 1801 Primo
587 1772 777 1801 disserendum
801 1775 841 1799 est
862 1771 895 1800 de
910 1771 1070 1807 quaestione
1086 1770 1157 1798 circa
1170 1777 1246 1806 pau-

394 1824 546 1858 pertatcm,
570 1820 634 1856 quia
652 1819 718 1847 haec
739 1822 802 1846 ante
823 1818 890 1846 alias
904 1826 920 1845 a
935 1817 1127 1845 Bonaventura
1145 1815 1247 1852 scripta

397 1871 445 1898 651.
462 1866 574 1895 Occasio
596 1865 701 1894 auctori
725 1865 852 1901 praebuit
873 1864 969 1892 doctor
992 1863 1150 1892 Parisiensis
1172 1862 1246 1890 Guil-

399 1914 498 1942 lelnius
519 1914 552 1941 de
571 1914 595 1941 S.
613 1914 719 1945 Amore,
735 1912 780 1948 qui
798 1915 894 1940 contra
908 1912 1017 1939 Fratres
1031 1911 1056 1938 S.
1073 1909 1204 1938 Dominici
1221 1912 1248 1937 et

398 1962 423 1989 S.
440 1961 573 1989 Franci-sci
594 1959 783 1997 gravissimam
806 1959 880 1987 litem
904 1958 1004 1995 incepit
1026 1966 1076 1986 suo
1097 1957 1246 1994 opusculo:

407 2009 562 2036 'l'raclatzts
578 2007 672 2035 brevis
694 2007 727 2034 de
746 2005 877 2043 periculo
898 2005 1128 2033 'nouissz'morunz
1144 2009 1247 2041 tempo-

398 2064 477 2088 rum,
493 2055 526 2083 de
547 2063 602 2092 qua
625 2054 669 2082 litc
691 2052 897 2090 diligentissime
919 2056 1053 2080 tractatur
1072 2052 1098 2080 in
1123 2051 1247 2080 (Μανία-

399 2101 475 2130 turio
491 2101 657 2129 Petrisc'enst'
678 2100 750 2129 edito
772 2109 787 2128 a
808 2100 988 2128 celeberrimo
1011 2099 1036 2127 P.
1053 2098 1158 2127 Denisse
1173 2097 1203 2125 O.
1221 2097 1246 2125 1³.

400 2153 427 2177 et
448 2148 587 2176 Chatelain
610 2150 675 2175 tom.
699 2147 716 2174 l.
739 2147 839 2175 Contra
855 2146 931 2174 illum
948 2150 1057 2182 praeter
1073 2146 1098 2173 S.
1115 2145 1246 2173 Tliomam

399 2196 521 2232 aliosque
543 2195 624 2223 etiam
649 2195 838 2222 bonaventura
861 2193 924 2230 egit,
940 2193 1039 2221 dictam
1059 2192 1248 2229 quaestionem

403 2254 415 2267 «
433 2243 458 2270 in
482 2242 610 2270 scholis»
637 2240 836 2269 Parisiensibus
858 2244 987 2268 tractans.
1009 2240 1045 2268 De
1068 2240 1118 2268 bac
1140 2243 1248 2267 contro-

401 2290 489 2318 versia
510 2289 608 2317 ditl'usc
632 2289 656 2316 in
681 2288 882 2325 Prolegomenis
904 2287 1004 2315 nostris
1023 2290 1158 2315 tractatur
1174 2287 1203 2321 (ᾖ
1221 2286 1247 2313 02.

401 2345 460 2373 pag.
485 2336 516 2363 vt
538 2344 627 2372 usque
651 2336 726 2370 xiv).
753 2336 828 2372 Quae
857 2335 891 2363 ibi
921 2335 1052 2363 dicuntur
1074 2333 1195 2362 breviter
1221 2333 1246 2360 in

401 2383 582 2420 sequentibus
608 2382 840 2419 propositionibus
866 2380 1141 2417 coi‘nprelieiulimus:

480 2432 513 2467 ct)
537 2431 635 2458 Errant
658 2430 843 2466 Waddingus,
866 2429 966 2457 Bonelli
983 2432 1009 2457 61
1032 2432 1092 2465 post
1113 2436 1176 2456 eum
1200 2436 1248 2455 au-

401 2482 490 2507 ctores
513 2478 588 2506 Vitae
611 2479 635 2505 S.
660 2478 876 2509 Bonaventurae,
899 2477 940 2504 Fr.
966 2476 1070 2512 Gaspar
1092 2474 1125 2503 de
1147 2476 1248 2502 Monte-

401 2529 494 2554 sancto
516 2528 543 2553 et
569 2524 701 2552 Antonius
729 2524 812 2551 Maria
840 2523 873 2551 de
903 2523 1020 2556 Vicetia,
1042 2522 1178 2554 diceutes,
1202 2522 1249 2548 Bo-

403 2575 584 2600 naventuram
608 2572 632 2599 in
649 2578 797 2607 congressu
821 2570 956 2606 Anagniae
977 2569 1132 2605 disputasse
1154 2572 1250 2596 contra

402 2618 586 2647 Guillelmum.
610 2617 787 2645 Consundunt
808 2617 879 2645 enim
904 2617 929 2644 Β.
948 2616 1072 2644 loannem
1096 2615 1128 2643 de
1146 2615 1249 2647 Parma,

403 2669 468 2694 111116
494 2665 647 2693 Ministrum
676 2664 847 2700 generalem,
869 2671 932 2691 611111
956 2663 1145 2690 Bonai'entura
1169 2661 1250 2697 paulo

403 2716 463 2749 post
485 2713 513 2746 (z)
537 2712 613 2740 Febr.
639 2712 725 2745 lQb’J)
747 2711 841 2739 electo.

482 2759 511 2795 b)
534 2759 725 2786 Bonaventura
747 2757 883 2785 laudatam
909 2756 1121 2792 disputationem
1151 2763 1250 2792 propo-

403 2806 457 2834 suit
480 2806 505 2833 in
527 2818 539 2830 «
554 2804 659 2833 scholis
674 2818 686 2829 n
715 2804 929 2837 l'arisiensibus,
952 2806 977 2831 et
999 2803 1161 2831 Guillelmus
1178 2802 1250 2836 misjt

402 2852 539 2888 quendam
565 2852 706 2885 clericum,
728 2851 775 2888 qui
800 2851 826 2879 ll.
850 2851 999 2879 articulum
1016 2849 1053 2878 de
1077 2849 1250 2878 mendicitate

404 2900 611 2928 bonaventurae
632 2907 666 2927 ex
689 2906 737 2927 ore
760 2897 896 2935 loquentis
917 2897 1059 2933 exciperet
1080 2896 1137 2924 sive
1156 2904 1251 2932 repor-

405 2949 489 2978 taret,
512 2946 575 2977 sed.
597 2950 628 2974 ut
651 2946 749 2974 Bonav.
775 2945 855 2979 dicit,
890 2956 902 2969 «
919 2944 1010 2972 minus
1039 2943 1250 2972 sufficienter».

404 2993 480 3020 Tunc
496 2992 658 3021 Guillelmus
682 2993 754 3020 bunc
769 2992 917 3020 articulum
934 2992 1141 3019 Bonaventurae
1162 2989 1251 3026 publi—

1299 268 1370 296 cavit
1392 272 1418 296 et
1439 271 1544 297 asserta
1559 267 1592 296 de
1608 268 1781 297 mendicitate
1802 268 1923 296 refutare
1942 268 2072 304 suscepit.
2093 268 2146 296 Hoc

1298 323 1368 351 opus
1389 315 1525 343 Guillelmi
1549 323 1647 352 magna
1662 322 1697 343 ex
1720 318 1798 351 parte
1820 322 1855 343 ex
1878 314 1987 343 duobus
2008 315 2148 343 codicibus

1298 370 1347 390 1105
1363 362 1483 398 primuni
1501 361 1703 399 publicavimus
1718 361 1789 396 (loco
1804 361 1847 390 cit.
1864 361 1965 397 Vll-X).
1981 361 2082 390 Contra
2097 362 2149 389 hoc

1298 409 1432 445 scriptum
1455 409 1554 436 Bonav.
1571 408 1711 445 respondit
1727 416 1777 437 sua
1792 408 1979 445 replicatione
1993 409 2065 445 (pag.
2085 409 2148 441 149.

1300 455 1360 483 vide
1381 455 1463 484 etiam
1486 455 1590 492 Proleg.
1612 463 1672 492 pag.
1695 455 1796 489 X-Xll).

1378 503 1407 538 c)
1419 502 1529 530 Tertius
1540 502 1710 538 quaestionis
1721 502 1856 530 articulus
1871 502 1992 530 secundo
2008 502 2149 530 manifeste

1300 553 1394 586 postea
1421 549 1531 577 additus
1559 552 1615 583 est,
1640 552 1733 577 utrum
1763 549 1866 577 scilicet
1887 556 2024 585 pauperes
2051 548 2149 582 validi,

1300 599 1326 624 et
1349 596 1470 624 maxime
1492 596 1635 632 regulares
1656 596 1689 624 ad
1712 604 1796 632 opera
1817 596 1956 624 manualia
1982 608 1995 620 «
2010 596 2150 624 universa-

1301 643 1362 671 liter
1384 643 1438 671 sint
1459 643 1563 671 astricti
1580 655 1606 670 ».
1628 643 1675 671 Hic
1704 643 1730 671 in
1756 643 1885 671 omnibus
1906 643 1966 671 aliis
1983 643 2150 672 editionibus

1300 693 1341 718 est
1356 690 1481 723 mutilus,
1496 697 1579 726 quem
1598 690 1788 726 supplevimus
1803 698 1838 718 ex
1855 690 1995 718 codicibus
2011 690 2071 726 (cfr.
2088 698 2148 727 pag.

1303 737 1367 770 156,
1390 740 1453 764 nota
1477 738 1522 771 l.).
1546 736 1640 764 Melior
1662 737 1762 765 horum
1785 736 1906 765 duorum
1929 736 1962 765 de
1988 740 2150 773 paupertate

1300 783 1482 811 articulorum
1506 783 1588 811 editio
1609 783 1710 819 prodiit
1724 783 1824 812 Romae
1841 783 1915 812 1773
1938 783 2029 812 studio
2051 784 2076 811 P.
2093 784 2150 812 Sol-

1301 830 1355 858 dati
1378 829 1408 858 Ο.
1432 830 1457 858 Ρ.

1380 877 1413 913 d)
1436 877 1559 914 Denique
1587 876 1666 905 valde
1694 876 1844 905 notandum
1874 880 1930 911 est,
1959 877 2090 906 articulos
2117 877 2150 905 de

1302 927 1464 962 paupertate
1495 924 1586 961 quoad
1620 924 1906 952 a&enuntiationem
1936 928 1960 952 et
1981 924 2151 953 mendicita-

1302 975 1354 1000 16111
1377 980 1464 1008 caque
1486 979 1557 1008 quae
1579 974 1675 999 contra
1702 970 1880 999 Guillelmum
1910 971 2041 1008 replicata
2069 975 2149 1005 sunt,

1301 1019 1419 1047 insertos
1440 1026 1499 1047 esse
1516 1018 1541 1046 in
1558 1018 1698 1046 Summam
1715 1017 1860 1046 Alexandri
1885 1018 1940 1046 Hal.
1963 1026 1987 1054 p.
2005 1018 2045 1047 lV.
2062 1027 2088 1055 q.
2104 1018 2150 1047 30.

1301 1069 1328 1094 et
1349 1065 1395 1099 31,
1418 1065 1542 1102 exceptis
1557 1065 1651 1102 paucis
1667 1064 1847 1093 variantibus.
1870 1065 2041 1093 Manifestum
2057 1069 2149 1093 autem

1301 1116 1356 1147 est,
1379 1113 1565 1141 Alexandrum
1581 1112 1634 1140 iam
1651 1120 1695 1140 an.
1713 1112 1785 1140 1245
1803 1115 1890 1140 morte
1908 1116 2085 1148 praereptum
2102 1112 2151 1140 mi-

1302 1161 1374 1189 nime
1397 1159 1563 1196 respondere.
1586 1159 1707 1196 potuisse
1735 1159 1766 1187 ad
1796 1159 1916 1196 sz‘wyzda
1943 1159 2048 1187 obiecta
2076 1159 2152 1187 Cuil-

1303 1208 1384 1236 lelmi.
1407 1207 1473 1235 llinc
1495 1207 1594 1243 liquet,
1618 1207 1684 1234 11366
1705 1206 1807 1243 scripta
1831 1206 2037 1234 Bonaventurae
2059 1209 2152 1242 postea

1303 1259 1413 1291 recepta
1434 1262 1493 1283 esse
1516 1254 1541 1282 in
1563 1254 1662 1282 dictam
1686 1254 1836 1286 Summam,
1852 1257 1882 1281 ut
1898 1253 2017 1288 videtur,
2039 1262 2055 1281 a
2076 1253 2151 1282 Guil-

1303 1303 1385 1331 lelmo
1400 1302 1432 1330 de
1448 1301 1581 1329 Melitona.
1600 1301 1669 1337 [firgo
1688 1303 1763 1329 errat
1779 1300 1916 1333 Sbaralea‚
1934 1308 2068 1334 asserens,
2085 1300 2152 1328 nihil

1303 1349 1458 1386 praedictae
1486 1348 1615 1376 Summae
1643 1347 1765 1375 additum
1788 1355 1847 1376 esse
1870 1351 1930 1384 post
1952 1350 2067 1375 mortem
2094 1346 2152 1375 Ale-

1304 1396 1412 1424 xandri.
1435 1395 1533 1423 Mirum
1557 1402 1621 1423 sane
1643 1398 1700 1427 651,
1722 1394 1910 1423 doctissimum
1934 1395 2089 1423 Sbaraleam
2116 1395 2153 1422 113

1305 1443 1503 1471 hallucinatum
1519 1449 1588 1475 esse,
1604 1444 1635 1469 ut
1655 1449 1705 1478 pro
1727 1441 1779 1470 hac
1794 1449 1844 1469 sua
1859 1441 1994 1470 sententia
2013 1441 2153 1478 probanda

1302 1489 1334 1517 ad
1351 1489 1463 1517 eandem
1487 1488 1675 1525 quaestionem
1692 1488 1839 1516 Alexandri
1856 1488 1894 1524 (p.
1912 1488 1951 1516 lV.
1969 1497 1994 1525 q.
2011 1488 2056 1516 30.
2073 1496 2109 1516 m.
2125 1489 2150 1516 Q.

1302 1545 1325 1564 a.
1349 1538 1388 1571 2.)
1412 1535 1618 1572 provocaverit,
1640 1543 1723 1571 quani
1754 1542 1789 1563 ex
1814 1535 2005 1563 Bonaventura
2033 1538 2151 1563 sumtam

1303 1591 1363 1612 esse
1385 1582 1563 1611 ostendimus

1382 1629 1522 1663 Secundo,
1546 1632 1601 1658 tres
1626 1629 1695 1657 aliae
1716 1629 1892 1665 quaestiones
1912 1629 2066 1665 disputatae
2088 1632 2152 1657 sunt

1303 1678 1335 1706 116
1357 1676 1519 1705 liwuz'litate
1541 1678 1612 1713 (pag.
1633 1678 1641 1704 1
1656 1676 1781 1707 17-12111,
1797 1684 1868 1712 quae
1884 1676 1909 1703 in
1927 1679 2021 1704 nostra
2035 1675 2152 1704 editione

1304 1724 1424 1761 primum
1448 1724 1536 1751 locum
1559 1726 1690 1760 occupat,
1713 1723 1746 1751 de
1761 1723 1952 1756 continentia,
1968 1731 2039 1759 quae
2061 1723 2087 1750 in
2106 1723 2153 1750 tri-

1304 1771 1356 1799 bus
1376 1770 1501 1798 articulis
1522 1770 1578 1806 agit
1598 1770 1631 1798 de
1653 1770 1821 1798 continentia
1835 1770 1987 1806 coniugali,
2004 1769 2103 1798 viduali
2127 1773 2153 1798 et

1304 1818 1430 1854 virginali
1453 1820 1525 1854 (pag.
1551 1818 1690 1852 tec-¹179)
1712 1820 1739 1845 et
1760 1817 1793 1845 de
1819 1816 1979 1845 obediencia
2008 1817 2034 1844 in
2066 1817 2154 1845 tribus

1304 1865 1428 1893 articulis
1450 1866 1522 1901 (pag.
1548 1864 1695 1898 ini-198).

1384 1912 1484 1939 Hariun
1514 1911 1650 1939 articulus
1678 1911 1777 1939 tertius
1809 1911 1908 1939 summi
1939 1910 2068 1939 momenti
2097 1914 2154 1943 est,

1305 1967 1402 1995 nempe
1425 1958 1457 1986 de
1479 1958 1633 1986 obedientia
1654 1958 1767 1986 Summo
1790 1957 1909 1985 Pontifici
1926 1957 2017 1985 debita
2036 1965 2098 1985 cuin
2123 1956 2154 1984 ti-

1307 2007 1377 2034 lulo:
1405 2018 1417 2030 «
1436 2006 1530 2035 Utrum
1555 2006 1589 2034 sit
1611 2005 1777 2033 conveniens
1792 2005 1958 2033 christianae
1974 2004 2108 2041 religioni,
2124 2007 2154 2032 ut

1305 2061 1400 2081 omnes
1414 2053 1542 2081 obediant
1564 2052 1610 2080 nni
1628 2064 1653 2080 ».
1676 2052 1787 2080 Nullum
1812 2052 1939 2080 novimus
1957 2052 2153 2080 documentum

1305 2100 1339 2127 ab
1360 2099 1480 2136 antiquis
1502 2099 1675 2127 Scholasticis
1697 2098 1841 2135 scriptum,
1857 2098 1929 2135 quod
1951 2098 2154 2135 praerogativas

1306 2147 1410 2175 Summi
1429 2146 1565 2175 Pontificis
1587 2146 1702 2182 eiusque
1725 2146 1751 2173 in
1774 2145 1953 2174 decernendis
1972 2153 2006 2173 ex
2023 2145 2155 2173 cathedra

1306 2194 1390 2222 rebus
1412 2193 1472 2221 tidei
1497 2193 1715 2221 infallibilitatem
1738 2196 1812 2220 tanta
1834 2195 2063 2228 argumentorum
2081 2192 2104 2219 vi
2128 2195 2155 2219 et

1306 2241 1391 2269 solida
1413 2240 1568 2276 vulgarium
1592 2240 1763 2268 obiectorum
1789 2239 1924 2267 solutione
1946 2242 2060 2271 tractet,
2083 2239 2154 2266 sicut

1306 2289 1372 2316 haec
1385 2288 1541 2324 disputatio.
1555 2287 1669 2323 Quando
1681 2294 1752 2315 anno
1767 2286 1840 2314 1870
1857 2286 1881 2314 in
1895 2286 2014 2314 Concilio
2026 2286 2155 2314 Vaticano

1306 2335 1339 2363 116
1369 2335 1419 2363 1106
1440 2335 1567 2371 dogmate
1591 2338 1643 2362 tam
1670 2334 1771 2362 acriter
1792 2333 1974 2369 disceptatum
1997 2332 2065 2366 fuit,
2089 2332 2155 2360 haec

1306 2382 1522 2418 oportunissima
1536 2381 1660 2418 quaestio
1675 2381 1766 2409 adbuc
1782 2380 1883 2409 latebat
1897 2380 1923 2408 in
1940 2380 2048 2416 angulis
2063 2380 2156 2408 biblio-

1307 2428 1467 2461 thecarum3
1484 2428 1565 2456 etiam
1581 2430 1675 2455 nostra
1689 2429 1777 2455 aetate
1793 2427 1839 2455 vix
1862 2435 1877 2455 a
1899 2427 2028 2463 quopiam
2045 2426 2154 2454 citatur.

1386 2475 1411 2503 3.
1435 2475 1473 2503 De
1502 2474 1641 2503 codicibus
1670 2474 1696 2501 in
1727 2474 1769 2502 1115
1797 2473 2006 2510 quaestionibus
2034 2481 2049 2501 a
2077 2473 2155 2501 nobis

1306 2522 1436 2550 adhibitis
1458 2521 1518 2549 vide
1541 2522 1645 2558 Proleg.
1669 2529 1727 2558 pag.
1751 2521 1772 2549 V
1795 2529 1850 2557 seq.
1874 2523 1900 2549 et
1922 2528 1981 2557 pag.
2005 2520 2060 2548 xiv
2082 2527 2138 2556 seq.

1307 2625 1319 2651 ζ»,
1337 2623 1364 2645 11.
1382 2622 1550 2652 Breviloquium
1561 2635 1591 2638 —
1603 2621 1751 2645 Itinerarium
1768 2621 1851 2644 mentis
1864 2622 1887 2644 in
1899 2621 1967 2644 Deum
1980 2634 2009 2638 —
2021 2620 2156 2650 opusculum

1491 2661 1516 2684 de
1533 2660 1664 2684 reductione
1681 2660 1767 2683 artium
1785 2660 1813 2683 ad
1829 2660 1974 2689 theologiam.

1388 2755 1454 2783 llaec
1478 2754 1530 2782 tria
1551 2755 1684 2790 opuscula
1706 2762 1720 2782 a
1743 2754 1821 2782 nobis
1836 2753 1983 2790 separatim
2005 2753 2076 2781 edita
2091 2756 2155 2781 sunt

1309 2803 1334 2831 in
1358 2810 1442 2839 parvo
1464 2802 1605 2830 volumine
1627 2802 1679 2829 iam
1701 2801 1743 2829 bis
1765 2801 1915 2838 impi·esso;
1939 2801 2005 2828 haec
2031 2800 2065 2828 ab
2086 2800 2155 2827 anti-

1309 2857 1364 2885 quo
1384 2848 1500 2877 summis
1522 2847 1650 2875 laudibus
1672 2847 1809 2876 celebrata
1831 2850 1904 2875 suut.

1389 2897 1413 2923 ’1.
1437 2895 1557 2923 Primum
1573 2897 1614 2922 est
1630 2894 1848 2931 Brevz'loqumm
1864 2896 1936 2930 (pag.
1954 2894 2102 2927 aot-⁹291).
2119 2893 2157 2921 De

1310 2942 1474 2979 Breviloquii
1497 2941 1663 2978 praestantia
1685 2941 1846 2969 reseruntur
1866 2949 1925 2977 pag.
1942 2940 1987 2968 XV
2003 2942 2020 2975 ᾖ
2038 2941 2061 2967 l.
2078 2947 2156 2976 prae-

1309 2989 1387 3017 conia
1406 2988 1549 3025 magnifica
1564 2988 1686 3016 Gersonii
1709 2991 1735 3016 61
1750 2987 1796 3015 Dr.
1813 2987 1961 3015 Scheehen.
1984 2986 2022 3014 Ab
2043 2988 2156 3014 auctore
