2269 3448
389 199 443 227 100

604 236 660 259 cun
680 236 729 265 (17)

383 276 511 299 secundum
524 276 689 304 plenitudinem
699 281 754 297 suae
766 275 891 302 sapientiae
904 275 949 296 322

384 322 404 343 a,
423 316 438 338 b
462 328 490 331 —
516 318 640 344 postquam
663 314 767 337 ascendit
792 313 949 336 diversimode

385 356 451 383 punit
464 355 535 377 malos
552 358 574 376 et
586 357 690 376 removet
708 353 762 375 vitia
774 356 796 375 et
814 356 907 381 peccata
920 352 949 375 ib.

385 393 399 416 b
422 406 452 410 —
475 394 612 416 solemnitas
637 393 783 415 Ascensionis
809 392 950 420 singularem

385 432 453 455 habet
471 432 671 461 praerogativam,
689 432 741 460 quia
765 431 787 453 in
805 438 830 453 ea
848 431 951 453 Christus

385 472 490 494 laetificat
513 472 635 494 Ecclesiam
660 471 840 498 triumphantem
858 474 879 492 et
897 470 951 492 mili-

385 514 470 533 tantem
488 511 533 533 319
553 511 567 532 b

431 562 462 566 —-
479 556 559 572 secum
571 550 635 572 duxit
648 549 758 577 praedam
771 549 900 571 animarum
915 548 952 570 dc-

385 592 498 612 tentarum
518 590 539 611 in
557 588 627 610 limbo
646 588 726 610 inferni
746 589 790 609 322
803 594 814 609 a
829 600 857 603 -—-
876 588 952 609 Patres

385 628 415 651 de
431 628 503 650 limbo
520 628 626 650 liberavit
643 627 672 649 ud
690 627 831 654 implendam
848 626 951 648 <tit-inam

386 667 563 695 promissionem
583 666 627 688 264
646 656 702 688 b'-
714 665 858 687 descendens
872 666 891 686 in
906 665 952 686 lim-

386 706 441 729 bum
459 706 549 728 reduxit
567 706 643 727 ratres
659 705 798 727 contet-emto
810 704 843 726 eis
855 704 951 732 gloriam

388 746 415 768 48
434 753 446 767 n
464 758 493 761 —
512 751 555 767 non
578 745 639 767 solus
657 744 771 772 ascendit,
788 744 828 766 sed
847 744 883 765 alii
901 746 953 771 post

385 791 439 807 eum
466 785 510 806 326
534 784 548 806 1)
566 796 595 800 -—
612 783 715 805 ascendit
741 786 793 805 ante
810 789 850 804 eos
874 782 903 804 ad
921 782 952 804 di-

385 824 521 852 rigendum,
539 823 703 849 animandum,
721 822 894 848 adiuvandum,
915 823 952 844 ho-

386 863 480 890 spitium
500 862 687 890 praeparandum
706 860 760 884 ibid.
785 873 815 877 -—
832 861 893 883 Haec
909 862 953 883 sin-

385 902 439 930 gula
457 902 508 924 fecit
526 902 548 923 in
576 901 762 927 conversatione,
780 901 899 928 passione,
917 906 951 921 re-

385 941 535 969 surrectione,
553 940 688 962 ascensione
706 940 750 962 327
774 946 787 961 a
803 952 834 956 -
858 940 952 967 Propter

386 981 442 1002 haec
459 979 573 1002 debemus
590 986 641 1002 esse
657 980 774 1007 sapientes
792 979 812 1001 in
830 978 952 1006 eligendo,

385 1020 485 1042 audaces
504 1020 523 1041 in
543 1019 714 1047 aggrediendo,
732 1018 809 1040 vii-iles
834 1018 855 1039 in
873 1024 951 1045 prose-

385 1058 487 1088 quendo,
512 1058 574 1080 avidi
598 1058 619 1080 in
642 1057 828 1080 consummando
846 1056 899 1079 t'bt'd.
922 1070 952 1072 —

386 1098 511 1126 praecessit
527 1098 587 1119 sicut
604 1097 639 1119 ille
656 1097 695 1125 qui
715 1099 790 1124 portat
812 1103 905 1119 cereum
923 1096 952 1119 de

387 1141 452 1160 nocto
469 1143 547 1159 coram
567 1137 714 1164 magnatibus
732 1137 776 1158 326
795 1136 810 1158 b

434 1189 463 1192 ——
481 1176 525 1205 Qui
543 1177 591 1198 vult
608 1176 733 1198 ascendere
751 1182 804 1198 cum
823 1175 912 1198 Christo
931 1175 951 1197 111

385 1217 473 1239 caelum
488 1215 557 1238 debet
574 1215 697 1237 ascendere
715 1221 757 1242 per
774 1215 880 1242 gratiam,
892 1214 953 1237 iusti-

386 1256 439 1277 tiam
453 1258 475 1277 et,
486 1255 621 1282 sapientiam
636 1254 679 1276 324
698 1260 709 1276 a
728 1266 758 1270 —
776 1254 818 1282 Qui
838 1254 952 1276 vulteum

386 1294 476 1317 Christo
495 1295 515 1316 iu
534 1295 623 1316 caelum
648 1294 772 1316 ascendere-
794 1292 863 1315 (lebet
877 1293 953 1321 primo

386 1334 526 1356 descendere
546 1340 586 1361 per
599 1333 779 1360 recognitionem
793 1332 901 1360 propriae
915 1332 953 1354 ini·

386 1373 479 1402 quitatis
504 1377 525 1394 et
549 1373 688 1394 revisiuttent
712 1372 838 1399 tragilitatis
856 1372 900 1393 319
920 1371 934 1393 b

418 1412 446 1434 117
465 1425 495 1428 —
513 1418 554 1434 nos
571 1412 639 1433 allicit
663 1412 691 1433 ad
711 1411 861 1433 imitationem
879 1411 913 1433 sui
932 1413 954 1432 et

387 1451 463 1474 Matris
481 1454 502 1473 et
520 1451 682 1479 Apostolorum
704 1451 733 1472 35
751 1449 765 1471 b
783 1463 812 1467 —
829 1453 863 1472 est
880 1456 954 1472 exem-

387 1491 444 1519 plar,
464 1492 535 1513 t'orma
554 1494 576 1512 et
593 1491 671 1518 regula
692 1490 751 1511 vitae
769 1492 858 1512 nostrae
875 1490 919 1511 266
940 1489 953 1511 b

387 1542 418 1546 ·-—
435 1536 459 1552 se
478 1529 585 1557 praebuit
608 1530 725 1557 exemplar
748 1529 910 1551 universorum
933 1531 954 1551 et

386 1570 491 1592 omnium
505 1570 659 1597 perfectorum
674 1569 717 1590 190
730 1574 742 1590 a
759 1581 789 1584 —
802 1572 835 1590 est
847 1569 919 1590 forma
933 1571 955 1590 et

387 1609 503 1636 exemplar
521 1608 625 1630 omnium
649 1609 804 1635 perfectorum
829 1607 874 1629 467
891 1614 903 1629 a
924 1620 954 1623 —

387 1648 428 1670 suit
440 1648 503 1674 liber,
520 1648 639 1675 speculum
652 1650 674 1669 et
686 1647 802 1675 exemplar
814 1647 908 1669 humani
918 1653 956 1674 ge-

387 1687 448 1709 neris
461 1690 483 1709 et
492 1687 562 1709 totius
571 1687 721 1714 evangelicae
732 1687 877 1714 perfectionis
888 1687 932 1708 337
942 1692 954 1708 a

433 1738 464 1742 —
482 1730 549 1748 natus
561 1732 680 1754 nunquam
698 1726 806 1753 apparuit
823 1726 864 1747 nisi
877 1726 899 1747 in
913 1725 955 1747 cla-

387 1766 452 1788 ritate
463 1765 621 1793 exemplorum
636 1764 742 1787 fidelibus
760 1765 800 1787 113
813 1764 827 1786 1)
839 1777 870 1781 -
883 1766 955 1787 sactus

389 1808 422 1826 est
432 1805 563 1832 exemplum
574 1804 754 1832 septempliciter
768 1804 808 1825 108
819 1803 834 1826 1)
844 1816 873 1820 —
884 1804 955 1832 Quae-

389 1844 445 1866 libet
458 1844 540 1866 Christi
554 1844 613 1866 actio
624 1846 658 1866 est
671 1846 747 1865 nostra
761 1843 879 1865 instructio
893 1843 921 1865 47
934 1850 954 1865 a.

390 1884 433 1905 183
461 1883 483 1905 t).
501 1872 551 1904 '⁶205
575 1889 594 1904 a.
613 1883 657 1904 27ss
677 1882 699 1904 1).
722 1882 765 1904 116
784 1889 805 1904 a.
829 1882 873 1904 141
890 1889 902 1904 a
925 1895 956 1899 -

389 1923 429 1944 suit
448 1922 540 1950 signum
558 1922 689 1949 exemplare
701 1922 722 1943 in
740 1922 803 1943 omni
814 1922 902 1943 actione
914 1928 955 1943 sua

393 1962 429 1983 131
458 1961 472 1983 b
497 1974 527 1978 —
554 1962 685 1983 Secundum
708 1961 757 1983 eius
774 1961 903 1989 exemplum
922 1964 956 1983 est

389 2001 519 2028 agendum,
537 2001 671 2028 patiendum
689 2004 711 2022 et
729 2000 895 2022 transeundum
914 2001 954 2022 107

390 2040 404 2062 l)
422 2052 452 2056 —
469 2040 626 2062 infirmitatem
644 2039 764 2065 assumsit,
783 2042 807 2061 111
825 2039 848 2060 in
871 2045 896 2061 ea
915 2039 956 2061 do-

389 2083 451 2101 ceret
476 2079 606 2106 exemplum
631 2078 789 2106 perfectionis,
815 2078 912 2100 iustitiae
934 2081 956 2100 ct

390 2118 523 2141 humilitatis
541 2118 585 2140 412
604 2118 618 2139 b
635 2130 665 2134 —
689 2119 711 2139 ln
735 2117 824 2139 Christo
846 2121 880 2139 est
898 2117 954 2139 mira

390 2158 505 2180 humilitas
521 2157 542 2179 in
561 2157 692 2179 ostensione
709 2157 807 2184 exempli
830 2156 871 2178 241
894 2156 908 2178 b
925 2169 956 2173 —

389 2201 423 2219 est
435 2196 558 2223 credibilis,
571 2196 699 2224 imitabilis,
716 2195 835 2223 diligibilis
852 2196 876 2217 ssl
900 2195 914 2217 b
926 2208 956 2211 —-

390 2236 513 2258 Ambulare
531 2236 559 2258 ad
578 2235 692 2257 Christum
711 2242 752 2257 uos
770 2236 853 2257 docent
870 2241 955 2257 novem

390 2276 475 2297 lumina
495 2275 605 2297 radiantia
628 2275 668 2296 167
689 2274 710 2296 b.
732 2275 772 2295 168
791 2281 803 2296 a

436 2327 466 2330 —
486 2314 557 2336 Valde
574 2320 682 2336 securum
700 2317 734 2335 est
751 2314 866 2335 Christum
889 2314 956 2342 sequi

390 2354 435 2375 729
455 2353 468 2375 b
486 2366 516 2369 —
543 2354 619 2380 ipsum
645 2353 710 2381 sequi
737 2356 771 2374 est
795 2353 870 2379 facile,
891 2353 956 2379 utile,

391 2392 524 2415 honorabile
543 2392 586 2414 3234
605 2398 617 2414 a
634 2404 664 2408 —-
683 2392 784 2419 Vestigia
811 2392 861 2414 eius
886 2392 957 2413 (ledu-

391 2436 444 2454 cunt
462 2432 489 2454 ad
508 2437 623 2454 summam
643 2431 807 2459 perlectionem
831 2431 876 2452 374
895 2430 909 2452 b
929 2444 956 2446 —

392 2471 415 2493 Si
431 2471 551 2499 sequimur
571 2471 655 2498 ipsum,
669 2469 774 2492 liberabit
788 2476 829 2491 1105
845 2469 875 2492 (16
887 2476 956 2491 manu

391 2510 507 2532 servitutis
525 2512 545 2531 et
563 2509 691 2531 introducet
708 2515 749 2531 nus
767 2509 788 2530 in
801 2515 898 2536 regnum
917 2515 957 2536 pa-

393 2549 425 2571 cis
447 2548 486 2570 its
501 2548 515 2570 b
533 2561 563 2565 —
573 2550 630 2570 sunt
642 2548 680 2577 qui
694 2552 821 2576 sequuntur
833 2548 957 2575 Christum,

394 2589 485 2615 111-11111111
509 2588 735 2614 mansuetissimum,
761 2587 882 2609 Doctorem
906 2593 957 2614 pru·

393 2627 568 2654 (lentissimum,
594 2627 680 2654 Regem
699 2626 897 2654 potentissimum,
922 2627 958 2647 Pa-

393 2668 449 2687 trem
470 2665 683 2692 praedttlcissitnum
697 2665 740 2687 35'»
755 2671 766 2686 a
781 2678 807 2680 —
822 2665 892 2693 Sequi
909 2665 959 2687 eius

394 2704 489 2732 vestigia
513 2708 586 2732 potest
612 2711 661 2726 esse
686 2707 901 2732 praesumtuosum,
922 2710 959 2726 cn-

394 2743 489 2770 riostun,
507 2744 634 2771 gloriosum
648 2744 691 2765 2119
705 2750 717 2765 a
729 2755 759 2759 —-
772 2743 845 2772 Aliqui
859 2749 958 2771 sequun-

398 2786 433 2804 tur
450 2782 565 2804 Christum
584 2782 801 2810 reprehensibiliter,
827 2782 895 2810 aliqui
914 2783 959 2804 lau-

393 2821 506 2847 dabiliter,
523 2821 591 2850 aliqui
611 2821 703 2843 feliciter
721 2821 765 2843 553
784 2821 798 2843 b

442 2873 470 2875 —
489 2864 521 2882 est
538 2861 669 2888 exemplum
688 2867 786 2888 magnae
803 2860 893 2882 virtutis
905 2861 929 2881 (il
946 2866 958 2882 a

396 2911 426 2915 —-
444 2902 477 2921 est
495 2906 548 2921 vera
568 2900 653 2926 1111115,
670 2903 692 2921 61
711 2900 785 2927 ipsunt
804 2902 894 2927 oportet
911 2900 959 2921 imi-

395 2938 436 2959 tari
460 2940 504 2960 634.)
524 2938 537 2959 b
555 2950 584 2954 -—
603 2939 703 2965 Vestigia
729 2938 823 2964 Christi,
846 2944 905 2967 quae
922 2939 959 2960 dc-

397 2977 478 2998 bemus
495 2977 571 3005 sequi,
589 2981 641 2999 511111
663 2978 712 2999 61115
734 2978 868 3004 exinanitio,
888 2977 959 2999 humi-

1243 233 1292 263 (¹¹7)

983 274 1043 296 liatio
1056 276 1077 296 61
1089 273 1207 301 despectio
1220 273 1263 295 263
1277 279 1289 294 a
1302 285 1331 288 —
1344 272 1461 294 Debemus
1474 272 1550 299 ipsum

984 313 1066 335 imitari
1084 313 1163 341 quoad
1176 312 1293 338 vit-tutem,
1306 311 1464 338 humilitatem,
1483 310 1550 333 liber-

984 356 1052 375 tatem
1072 352 1116 374 440
1134 358 1145 373 a
1164 364 1194 367 —
1213 350 1329 373 Debemus
1352 351 1428 378 ipsum
1446 350 1512 378 sequi
1529 350 1550 372 in

984 391 1129 414 abdicatione
1146 394 1301 417 terrenorum,
1319 389 1493 412 mortificatione
1505 395 1551 411 car-

985 431 1025 457 nis,
1046 430 1198 458 abnegatione
1221 429 1344 451 voluntatis
1367 429 1411 450 299
1431 428 1453 450 b.
1477 428 1521 450 300
1538 434 1549 450 a

984 482 1015 485 —
1031 470 1079 492 Hoc
1092 469 1114 491 tit
1127 470 1227 497 perfecte
1245 474 1286 496 per
1303 470 1383 490 votum
1402 467 1550 495 paupertatis,

985 509 1145 535 continentiae,
1162 508 1308 530 obedientiae
1324 506 1378 529 ibid.
1396 519 1424 522 —
1437 507 1552 534 Pauperes

985 551 1007 571 et
1023 548 1078 570 nudi
1104 547 1219 570 debemus
1243 547 1308 575 sequi
1325 547 1401 574 ipsum
1424 551 1551 573 pauperem

986 590 1007 609 et
1024 587 1113 610 nudum
1128 586 1171 608 475
1185 586 1199 608 b
1211 599 1241 602 —
1256 586 1308 608 liius
1324 585 1391 613 legati
1404 585 1490 607 debent
1502 591 1551 607 6556

986 632 1102 654 pauperes
1120 626 1164 648 373
1183 632 1194 646 a

1033 678 1063 681 -—
1091 664 1207 687 Debemus
1232 664 1298 692 sequi
1326 664 1376 686 eius
1401 663 1551 685 humilitatem

986 705 1031 727 232
1048 711 1061 727 a
1078 717 1109 720 —
1125 703 1216 732 reliquit
1234 702 1300 725 nobis
1325 703 1456 730 exemplum
1475 702 1553 724 carita-

986 744 1013 767 tis
1030 748 1052 766 et
1065 743 1237 766 benevolentiae
1249 742 1295 764 374
1308 741 1322 764 b
1335 755 1364 757 —
1376 741 1491 763 Debemus
1504 741 1551 763 imi-

986 784 1026 805 tari
1052 783 1183 810 exemplum
1209 781 1308 804 eat-itatis
1334 781 1416 803 Christi
1446 781 1553 808 patientis

985 823 1085 845 animam
1104 821 1212 850 ponendo
1230 827 1272 849 pro
1285 822 1372 842 honore
1391 820 1428 842 Dei
1447 823 1469 842 ct
1480 820 1553 842 salute

985 862 1082 890 proximi
1101 862 1146 883 298
1165 867 1176 883 a
1195 873 1224 876 —
1241 863 1276 882 est
1292 860 1409 887 exemplar
1430 859 1553 887 patientiae

986 902 1015 924 54
1033 908 1045 923 a
1062 913 1093 917 —
1108 900 1141 923 Ad
1155 900 1287 928 patientiam
1307 905 1347 921 nos
1364 899 1472 921 informat
1491 898 1553 921 Chri-

985 941 1013 963 sti
1042 940 1171 963 obedientis
1196 938 1367 967 promptitudo,
1396 929 1553 960 conversantis

986 979 1149 1006 mansuetudo,
1166 978 1274 1006 patientis
1292 977 1434 1004 amaritudo,
1453 976 1553 999 iudican-

986 1020 1013 1041 tis
1030 1018 1151 1045 rectitudo,
1168 1017 1286 1046 regnantis
1299 1016 1435 1044 magnitudo
1452 1015 1506 1038 ibid.
1522 1028 1553 1031 —-

986 1059 1014 1081 ad
1037 1064 1107 1086 opera
1134 1056 1305 1079 misericordiae
1332 1056 1412 1078 invitat
1437 1057 1460 1077 et
1481 1061 1505 1077 se
1530 1055 1552 1077 in

986 1097 1117 1125 exemplum
1138 1096 1309 1118 misericordiae
1322 1095 1422 1117 insinuat
1439 1094 1484 1116 349
1497 1094 1511 1116 b
1524 1107 1552 1110 —

987 1138 1034 1160 Non
1053 1136 1126 1164 potuit
1142 1136 1225 1164 aliquis
1248 1135 1323 1162 ipsum
1351 1134 1433 1156 imitari
1460 1134 1479 1155 in
1506 1134 1554 1161 pul-

986 1176 1101 1199 critudine
1118 1178 1139 1197 et
1156 1174 1267 1202 sapientia
1287 1174 1315 1195 60
1334 1173 1349 1195 b

1033 1227 1064 1231 —
1082 1216 1102 1237 ln
1121 1215 1171 1236 eius
1189 1213 1292 1241 vestigiis
1309 1213 1432 1240 ponendus
1454 1215 1487 1234 est
1513 1218 1553 1239 pes

987 1254 1120 1280 affectionis,
1130 1253 1232 1275 veritatis
1240 1256 1262 1274 et
1271 1252 1471 1279 contemplationis
1484 1251 1527 1273 470
1538 1251 1553 1273 b

986 1307 1017 1310 —
1035 1294 1064 1316 llli
1083 1293 1123 1315 soli
1141 1292 1238 1314 libenter
1255 1291 1344 1313 radunt
1370 1294 1421 1318 post
1438 1290 1552 1313 Christum

986 1333 1026 1362 qui
1044 1332 1129 1355 habent
1152 1331 1294 1354 desiderium
1317 1330 1449 1352 caelestium
1475 1329 1520 1351 729
1539 1329 1553 1351 b

986 1385 1017 1389 —-
1035 1372 1078 1400 Qui
1096 1372 1144 1393 vult
1171 1371 1245 1398 ipsum
1273 1371 1372 1398 perfecte
1394 1369 1458 1397 sequi
1486 1368 1554 1391 debet

987 1418 1051 1434 suam
1070 1411 1211 1433 voluntatem
1238 1409 1352 1431 subiicere
1369 1408 1479 1430 voluntati
1499 1408 1552 1436 Dei,

987 1454 1009 1473 et
1025 1451 1064 1479 qui
1078 1450 1126 1472 vult
1139 1449 1262 1477 perfectius
1274 1448 1347 1476 sequi,
1360 1448 1427 1469 etiam
1443 1447 1554 1469 voluntati

987 1490 1086 1518 proximi
1104 1490 1149 1511 300
1167 1495 1187 1515 a,
1200 1488 1215 1510 b
1228 1500 1255 1503 ——
1269 1488 1346 1515 lpsum
1363 1487 1426 1515 sequi
1440 1486 1554 1509 debemus

987 1529 1058 1552 libere
1075 1532 1097 1551 et
1114 1529 1162 1551 sine
1179 1527 1297 1550 coactione
1311 1527 1352 1548 424
1369 1526 1382 1548 b
1394 1538 1425 1542 —
1437 1526 1554 1548 Debemus

988 1569 1063 1597 ipsunt
1081 1568 1147 1596 sequi
1165 1566 1308 1589 subiectiOne
1330 1566 1452 1588 voluntatis
1475 1568 1497 1588 et
1521 1572 1554 1587 as-

987 1608 1102 1631 sumtione
1120 1606 1265 1635 poenalitatis
1282 1612 1323 1633 per
1341 1605 1473 1633 patientiam
1500 1604 1553 1627 ibid.

989 1660 1018 1663 —
1030 1648 1107 1675 Ipsum
1120 1646 1186 1675 sequi
1200 1644 1313 1667 debemus
1325 1647 1500 1672 perseveranter
1512 1650 1554 1672 per

989 1686 1098 1709 humilem
1117 1685 1283 1708 subiectionem
1310 1687 1332 1706 et
1354 1684 1485 1706 continuam
1509 1689 1554 1705 ma-

988 1725 1127 1748 cerationem
1146 1723 1191 1746 374
1209 1723 1224 1745 b

1036 1777 1064 1781 -
1085 1763 1202 1786 Debemus
1219 1763 1285 1791 sequi
1303 1762 1418 1785 Christum
1444 1768 1486 1789 per
1503 1761 1556 1784 silia-

990 1805 1033 1826 lem
1052 1803 1205 1826 reverentiam
1223 1803 1268 1824 232
1281 1808 1293 1823 a
1305 1814 1335 1818 —
1349 1801 1465 1823 Debemus
1477 1801 1554 1829 ipsum

989 1843 1055 1872 sequi
1073 1842 1227 1870 captivatione
1245 1841 1355 1863 libertatis
1369 1841 1412 1863 424
1432 1841 1446 1863 b
1467 1853 1493 1856 κ-
1511 1841 1554 1869 Qui

990 1883 1039 1904 vult
1055 1882 1120 1910 sequi
1138 1881 1253 1903 Christum
1272 1880 1341 1902 debet
1362 1879 1447 1902 habere
1459 1886 1555 1907 pauper-

990 1924 1067 1948 tatem,
1085 1921 1191 1948 pietatem
1205 1922 1227 1942 et
1238 1919 1389 1941 humilitatem
1403 1920 1431 1941 36
1445 1926 1456 1941 a
1470 1932 1498 1934 —
1511 1919 1555 1947 Qui

990 1961 1075 1982 intente
1092 1960 1172 1981 volunt
1195 1959 1261 1987 sequi
1286 1959 1362 1986 ipsum
1384 1958 1469 1980 debent
1495 1959 1555 1980 ince—

989 1999 1044 2021 dere
1062 2006 1103 2027 per
1126 1999 1187 2020 viam
1213 1998 1312 2020 iustitiae
1337 2000 1359 2019 et
1384 1997 1555 2019 misericordiae

989 2039 1033 2061 302
1052 2038 1073 2060 b.
1093 2038 1136 2060 303
1156 2044 1167 2059 a
1186 2050 1215 2053 —
1228 2037 1272 2065 Qui
1286 2037 1334 2058 vult
1346 2037 1426 2058 sectari
1439 2036 1554 2059 Christum

989 2078 1102 2105 relinquat
1120 2077 1229 2098 infantilia
1247 2076 1361 2098 desideria
1380 2076 1424 2097 208
1437 2082 1448 2097 a
1465 2088 1494 2092 —
1507 2076 1555 2097 Non

989 2122 1114 2144 possumus
1130 2122 1183 2138 cum
1201 2115 1267 2143 sequi
1285 2121 1325 2142 per
1338 2118 1450 2137 terrenam
1469 2114 1555 2142 cupidi-

989 2159 1058 2178 tatem
1076 2158 1098 2177 et
1123 2160 1206 2176 vanam
1233 2154 1329 2181 gloriam
1357 2154 1400 2175 232
1419 2160 1431 2175 a
1456 2166 1486 2170 —-
1512 2153 1554 2182 Qui

989 2197 1041 2217 511111
1067 2194 1193 2216 imitatores
1210 2193 1293 2216 Christi
1323 2193 1395 2215 sanati
1420 2197 1442 2214 et
1463 2193 1553 2220 purgati

989 2236 1042 2256 sunt
1059 2240 1071 2256 a
1089 2233 1181 2262 sequela
1200 2233 1287 2260 peccati
1305 2232 1349 2254 297
1368 2232 1382 2254 b

1036 2286 1067 2288 —
1086 2272 1187 2295 induitur
1211 2278 1252 2299 per
1274 2264 1360 2293 amoris
1378 2271 1555 2293 transformatio-

989 2318 1050 2339 nem,
1060 2312 1161 2333 veritatis
1173 2311 1357 2337 aemulationem,
1370 2310 1494 2333 sanctitatis
1503 2316 1555 2338 ope-

991 2351 1104 2373 rationem
1123 2350 1167 2372 430
1185 2356 1206 2377 a,
1224 2349 1238 2371 b
1256 2362 1286 2366 —-
1303 2349 1418 2372 Christum
1438 2349 1555 2371 induimus

990 2396 1031 2418 per
1048 2392 1206 2417 contemptum
1225 2389 1339 2415 vanitatis,
1357 2389 1468 2416 gemitum
1486 2389 1556 2411 dero-

990 2429 1064 2456 tionis,
1082 2428 1186 2450 habitum
1204 2428 1335 2456 honestatis,
1352 2428 1483 2455 amplexum
1501 2428 1556 2449 cari-

991 2468 1041 2490 tatis
1059 2467 1087 2490 43
1106 2474 1118 2489 a
1135 2479 1165 2483 —
1184 2467 1286 2489 induitur
1303 2473 1344 2494 por
1360 2467 1506 2493 munditiam,
1518 2466 1556 2488 be-

992 2507 1159 2533 nevolentiam,
1181 2506 1313 2534 patientiam
1332 2505 1375 2527 420
1398 2505 1412 2527 b
1429 2517 1460 2521 —
1483 2506 1555 2528 induti

990 2553 1071 2569 51111105
1080 2552 1162 2568 omnes
1171 2546 1254 2568 eodem
1267 2551 1352 2573 patine,
1363 2545 1403 2567 sed
1417 2551 1461 2566 non
1475 2551 1556 2567 omnes

991 2585 1102 2613 tingimur
1120 2585 1202 2607 eodem
1220 2585 1297 2606 colore
1314 2590 1366 2605 cum
1384 2584 1421 2605 illo
1439 2583 1482 2605 327
1502 2583 1516 2605 b

1039 2637 1068 2641 —
1081 2624 1124 2652 Qui
1136 2624 1261 2647 concordat
1272 2623 1362 2646 Christo
1375 2623 1447 2645 iustus
1459 2625 1504 2651 est;
1516 2623 1555 2651 qui

991 2663 1108 2686 discordat
1131 2670 1174 2685 non
1200 2667 1233 2685 est
1258 2663 1331 2684 iustus
1349 2662 1393 2684 468
1411 2668 1422 2683 a
1441 2674 1471 2677 —
1494 2662 1557 2684 Sicut

992 2703 1095 2725 Christus
1114 2705 1218 2724 mortuus
1236 2705 1269 2724 cst
1286 2707 1363 2727 carne,
1380 2701 1461 2723 vivens
1479 2704 1555 2723 autem

991 2741 1205 2770 spiritu,deben‘ius
1227 2741 1310 2763 mortui
1324 2741 1345 2762 in
1358 2744 1451 2768 peccato
1476 2740 1556 2762 vivere

992 2781 1138 2809 spiritualiter
1156 2780 1201 2803 304
1219 2780 1233 2802 b
1252 2793 1280 2796 —
1299 2780 1339 2802 Per
1351 2779 1506 2802 obedientiam
1518 2785 1556 2801 su-

993 2826 1044 2842 mus
1061 2819 1143 2842 Christi
1162 2821 1237 2847 frater,
1255 2826 1297 2847 per
1315 2819 1490 2841 sanctimoniam
1507 2819 1556 2840 eius

992 2866 1065 2886 soror,
1084 2866 1124 2887 per
1138 2859 1319 2881 misericordiam
1332 2858 1381 2880 cius
1393 2861 1465 2880 mater
1479 2859 1522 2879 212
1533 2857 1556 2879 b.

993 2899 1037 2921 213
1055 2905 1067 2920 a

1039 2950 1069 2954 —
1089 2937 1203 2959 Debemus
1215 2943 1265 2959 esse
1277 2938 1406 2959 conformes
1419 2936 1509 2959 Christo
1519 2942 1556 2958 vo-

993 2978 1078 2999 luntate
1090 2980 1111 2999 et
1124 2977 1168 2999 vita
1182 2983 1223 3004 per
1234 2977 1379 2999 securitatem
1397 2976 1474 3002 animi,
1491 2974 1557 2998 stabi·

931 195 1031 224 INDEX
1054 194 1294 224 ALPHABETICUS
1316 194 1393 222 NONl
1417 193 1602 222 VOLUttltNtS.

1853 231 1897 254 Ctn

1585 271 1670 294 litatem
1685 272 1740 298 voti,
1753 271 1871 293 utilitatem
1886 272 1937 293 lacti
1950 271 1995 293 384
2008 271 2022 294 b
2034 284 2064 288 —
2078 271 2150 294 Debe-

1586 316 1637 332 mus
1654 311 1674 333 ei
1692 310 1831 332 conformari
1848 310 1869 332 in
1882 311 2009 333 humilitate
2021 314 2043 333 et
2054 317 2150 339 pauper-

1586 352 1630 372 tate
1647 349 1691 371 527
1712 349 1725 371 b
1744 362 1772 365 —
1789 349 1878 371 Fideles
1895 349 1981 372 debent
1997 356 2048 372 esso
2059 351 2150 372 consor-

1585 395 1635 411 mes
1652 388 1741 411 Christo
1759 389 1847 415 anima,
1865 389 1954 416 lingua,
1972 389 2031 417 rita,
2049 390 2107 411 sama
2129 392 2151 411 et

1586 431 1659 450 morte
1678 428 1706 450 42
1725 427 1739 450 b
1756 440 1787 444 —
1810 428 1885 456 Aliqui
1907 429 1987 450 volunt
2011 429 2150 456 configurari

1585 467 1674 490 Christo
1691 467 1800 495 nascenti,
1812 473 1856 489 non
1874 469 1950 489 autem
1964 468 2057 495 patienti
2069 471 2091 490 et
2103 474 2151 490 mo-

1585 507 1650 528 rienti
1669 506 1714 528 509
1732 505 1747 528 b
1764 519 1794 523 —
1806 506 1889 528 dicitur
1902 508 1972 528 homo
1986 513 2068 533 novus,
2080 513 2150 535 quern

1586 545 1700 568 debemus
1712 546 1733 567 in
1747 548 1821 567 nostra
1835 546 2011 568 conversatione
2023 549 2151 568 monstrare

1588 585 1631 607 t39
1649 591 1661 607 a

1632 636 1663 640 —
1681 625 1752 646 forma
1765 624 1814 646 veri
1826 624 1932 652 discipuli
1946 624 2049 646 consistit
2060 625 2081 646 in
2094 630 2152 653 qua-

1587 667 1638 685 tuor
1656 663 1696 685 591
1718 670 1738 690 a,
1757 663 1771 685 b
1791 676 1817 678 —
1832 663 1907 685 Verus
1925 663 2005 685 Christi
2024 663 2151 691 discipulus

1586 705 1627 729 est,
1644 702 1683 730 qui
1702 702 1762 724 nulla
1781 702 1905 724 tentatione
1922 705 2043 730 separatur
2059 697 2089 724 ab
2102 702 2151 725 eius

1586 741 1720 769 dilectione,
1742 741 1810 763 nullis
1832 740 1964 769 opprobriis
1989 744 2011 763 et
2033 742 2152 769 suppliciis

1586 783 1660 802 cessat
1676 779 1705 802 ab
1723 774 1772 802 eius
1789 781 1889 802 nominis
1911 780 2055 802 consessione
2077 781 2121 802 290
2139 787 2150 802 a

1586 833 1616 835 —
1633 820 1694 842 Talis
1712 822 1812 842 meretur
1829 819 1859 842 ab
1884 820 1934 848 ipso
1952 820 2076 842 illuminari
2094 823 2116 842 et
2139 826 2150 842 a

1587 859 1664 881 divina
1690 858 1792 881 bonitate
1817 859 1941 887 praemiari
1966 858 2020 881 ibid.
2044 871 2074 875 —
2099 859 2151 881 Veri

1587 898 1667 920 Christi
1685 898 1790 925 discipuli
1808 898 1894 920 debent
1911 904 1961 920 csse
1978 898 2108 920 austeritate
2126 899 2153 920 ri-

1587 937 1643 965 gidi,
1662 937 1788 959 humilitate
1816 937 1927 964 praediti,
1952 937 2045 959 caritate
2071 937 2153 960 fervidi

1587 977 1632 999 292
1656 976 1670 998 b
1688 989 1718 992 —
1737 976 1790 998 Veri
1807 976 1857 998 cius
1874 976 1980 1004 discipuli
1998 976 2077 999 vident
2098 982 2151 998 eum

1587 1015 1695 1038 continue
1713 1018 1737 1038 ut
1754 1016 1886 1042 doctorem,
1905 1016 2048 1043 pontificem,
2072 1022 2152 1043 regem

1587 1054 1641 1078 ibid.
1659 1068 1689 1070 —
1708 1055 1761 1077 Veri
1779 1054 1861 1077 Christi
1879 1055 1985 1082 discipuli
2004 1055 2106 1082 gaudent
2123 1055 2152 1077 de

1587 1095 1686 1122 puritate
1702 1094 1863 1120 eonscientiae,
1880 1094 2051 1121 longanimitate
2068 1094 2153 1121 patien-

1588 1134 1643 1160 tiae,
1661 1133 1757 1155 veritate
1774 1133 1879 1160 iustitiae,
1897 1133 2010 1155 suavitate
2028 1133 2153 1161 repromis-

1587 1179 1626 1195 sae
1645 1173 1732 1200 gloriae
1749 1172 1803 1194 ibid.
1824 1173 1867 1194 293
1881 1179 1892 1194 a
1906 1185 1935 1187 —
1950 1172 2032 1194 Christi
2045 1172 2152 1200 discipuli

1588 1212 1687 1234 habeant
1704 1212 1885 1234 humiliationem
1899 1211 2051 1238 obedientiae,
2064 1212 2154 1233 confoe-

1587 1251 1729 1273 derationem
1755 1250 1937 1277 benevolentiae,
1954 1251 2152 1278 perpetuationem

1588 1291 1773 1318 perseverantiae
1791 1291 1834 1312 289
1853 1296 1865 1312 a
1885 1303 1912 1305 —
1934 1290 1983 1312 Non
2008 1292 2082 1317 potest
2102 1296 2152 1312 esse

1587 1330 1637 1352 61115
1653 1330 1781 1358 discipulus
1798 1329 1837 1358 qui
1855 1335 1901 1351 non
1920 1335 1944 1351 56
1962 1329 2065 1351 humiliat
2083 1329 2126 1351 298
2138 1328 2152 1351 b

1587 1381 1617 1385 —
1636 1369 1764 1396 Diseipulus
1781 1368 1864 1390 Christi
1881 1375 1926 1390 non
1940 1368 2025 1396 estqui
2037 1374 2090 1389 eum
2104 1374 2150 1390 non

1588 1408 1689 1430 imitatur
1706 1414 1748 1435 per
1760 1408 1892 1435 patientiam
1911 1408 1950 1429 139
1964 1414 1975 1429 a
1989 1420 2018 1423 —
2032 1407 2152 1436 Tanquam

1588 1447 1642 1469 boni
1668 1447 1750 1469 milites
1775 1446 1889 1469 debemus
1914 1448 1972 1468 t'erre
1998 1446 2104 1468 vexillum
2131 1448 2154 1468 et

1587 1492 1650 1508 arum
1669 1486 1742 1513 ipsius
1760 1485 1840 1508 Christi
1860 1485 1905 1507 297
1923 1485 1937 1507 b
1954 1498 1985 1501 —
1997 1486 2052 1513 Quia
2072 1491 2153 1507 sumus

1589 1526 1695 1552 discipuli
1708 1525 1798 1552 Christi,
1810 1524 1924 1547 debemus
1936 1524 2016 1546 audire
2030 1530 2090 1553 quae
2102 1524 2154 1546 fecit

1587 1566 1631 1587 203
1650 1571 1661 1586 a
2123 1558 2132 1564 ”

1634 1604 1700 1627 Cieus
1716 1616 1747 1619 —
1770 1604 1848 1626 Nullus
1869 1606 1944 1631 potest
1966 1603 2004 1625 diu
2027 1602 2153 1625 subsistere

1587 1644 1635 1666 sine
1653 1643 1705 1665 cibo
1723 1643 1767 1665 379
1786 1649 1798 1664 a
1817 1656 1846 1658 —
1864 1643 1922 1664 Mors
1939 1642 1969 1664 de
1990 1642 2095 1670 proximo
2112 1642 2152 1664 im-

1588 1683 1665 1710 minet,
1682 1682 1700 1704 si
1719 1683 1788 1704 homo
1806 1688 1852 1703 non
1870 1682 1931 1703 valet
1948 1681 2071 1704 comedere
2085 1681 2128 1703 432
2140 1687 2153 1703 a

1588 1735 1617 1737 —
1631 1721 1705 1744 bonus
1722 1721 1819 1743 eandem
1834 1720 1959 1743 bonitatem
1971 1721 2052 1742 retinet
2069 1721 2090 1742 in
2103 1726 2154 1743 scu-

1588 1761 1638 1783 tella
1656 1761 1685 1783 de
1702 1761 1765 1788 ligno
1782 1760 1841 1782 sicut
1858 1760 1881 1782 in
1898 1763 2008 1787 argentea
2026 1759 2070 1782 519
2089 1759 2103 1781 b
2124 1772 2154 1775 —-

1589 1800 1663 1828 magis
1681 1800 1755 1827 placet
1772 1799 1793 1821 in
1811 1799 1905 1822 scutella
1923 1802 2033 1826 argentea
2050 1798 2104 1821 iant.
2122 1811 2152 1814 —-

1590 1846 1629 1868 per
1646 1839 1773 1862 orationem
1792 1841 1825 1861 est
1841 1838 2020 1861 sanctificandus
2037 1838 2083 1860 644
2096 1837 2111 1860 b
2123 1851 2153 1854 -

1589 1879 1636 1901 Non
1655 1878 1768 1901 debemus
1785 1878 1814 1900 ad
1832 1877 1909 1900 cibum
1922 1878 2040 1904 accedere,
2052 1878 2110 1899 sicut
2123 1878 2154 1899 ta-

1588 1919 1651 1940 ciunt
1668 1917 1734 1940 bruta
1757 1917 1862 1939 animalia
1885 1916 1938 1939 ibid.
1961 1929 1990 1932 —
2017 1917 2152 1944 Exemplum

1589 1958 1618 1980 de
1635 1957 1736 1986 quadam
1754 1956 1859 1984 moniali,
1876 1956 1898 1978 in
1911 1962 1981 1984 quam
1999 1956 2092 1978 intravit
2108 1956 2155 1978 dia-

1589 1996 1656 2018 bolus
1674 1995 1728 2018 ibid.

1636 2048 1665 2050 —
1684 2036 1798 2063 perlectus
1816 2034 1898 2056 mentis
1914 2034 2016 2056 consistit
2035 2034 2056 2056 in
2075 2033 2153 2056 Verbo

1589 2075 1704 2096 incarnato
1722 2074 1762 2095 671
1784 2080 1804 2101 a,
1821 2073 1835 2095 b
1848 2086 1877 2088 —
1889 2073 1992 2095 caelestis
2004 2076 2037 2095 est
2051 2072 2152 2095 Verbum

1589 2114 1731 2135 incarnatum
1754 2113 1794 2134 136
1808 2119 1819 2134 a
1837 2125 1867 2128 —
1885 2113 1988 2135 caelestis
2000 2117 2033 2134 est
2051 2118 2153 2134 necessa-

1589 2153 1636 2175 rius
1654 2151 1707 2175 ibid.

1635 2191 1764 2214 thttrntcas
1774 2204 1802 2207 -—
1814 2194 1867 2214 sunt
1879 2191 1944 2219 signa
1955 2190 2075 2218 probitatis
2083 2191 2128 2213 526
2138 2191 2153 2213 b

1635 2230 1784 2253 cim-Altonum
1812 2243 1842 2246 —
1869 2230 1935 2252 oculo
1953 2231 2026 2252 aufert
2052 2229 2153 2252 tenebro-

1588 2271 1677 2292 sitatem
1691 2269 1735 2292 646
1749 2276 1760 2292 a
1776 2283 1803 2285 —
1816 2270 1857 2292 Per
1869 2270 1924 2292 illud
1936 2269 2068 2297 intelligitur
2080 2269 2152 2297 gratia

1588 2309 1718 2332 illuminans
1736 2308 1790 2332 ibid.

1635 2347 1742 2371 Cluentus
1759 2361 1788 2364 —
1805 2351 1839 2370 est
1856 2348 1929 2376 ligura
1947 2348 2042 2375 simplex
2066 2351 2087 2370 et
2105 2353 2153 2375 per-

1590 2388 1646 2410 fecta
1663 2387 1708 2410 615
1726 2386 1741 2409 b
1760 2400 1788 2403 —
1801 2390 1877 2415 potest
1888 2387 1935 2409 fieri
1955 2387 1976 2408 in
1994 2393 2099 2415 corpore,
2112 2386 2153 2409 sed

1590 2433 1634 2449 non
1652 2426 1674 2448 in
1691 2429 1769 2448 atomo
1787 2427 1831 2448 320
1850 2432 1861 2448 a

1636 2465 1775 2488 Ctncmttctsto
1794 2478 1823 2481 —
1843 2465 1942 2487 dabatur
1959 2465 1981 2487 in
2000 2468 2104 2492 pactum,
2121 2470 2154 2487 re-

1590 2505 1693 2527 medium
1711 2509 1733 2527 61
1749 2505 1841 2532 signum
1869 2504 1938 2526 13411
1966 2517 1994 2520 —
2020 2504 2096 2526 carnis
2120 2506 2154 2525 est

1589 2545 1681 2572 signum
1700 2544 1807 2566 novitatis
1825 2543 1906 2566 mentis
1927 2543 1967 2565 137
1985 2549 1997 2565 a
2015 2555 2044 2559 —-
2062 2547 2110 2565 erat
2127 2543 2154 2564 si·

1590 2590 1661 2611 gnum
1679 2583 1801 2605 amotionis
1819 2583 1901 2610 culpae
1916 2585 1938 2604 et
1955 2588 2043 2610 poenae
2060 2581 2153 2604 ibid.—

1590 2622 1727 2650 purilicabat
1744 2622 1848 2644 homines
1871 2624 1923 2644 ante
1941 2621 2056 2644 Christum
2075 2621 2119 2643 634
2138 2620 2152 2643 b

1636 2674 1667 2677 —
1685 2664 1733 2683 erat
1750 2661 1778 2683 ad
1798 2664 1889 2688 tempus
1913 2660 2027 2683 servanda
2046 2661 2074 2681 63
2093 2666 2105 2682 a
2123 2672 2153 2676 —

1590 2701 1642 2722 Erat
1659 2703 1750 2728 tempus
1768 2700 1949 2722 circumcisionis
1967 2700 2092 2727 institutae,
2110 2699 2152 2720 im-

1590 2740 1664 2767 pletae
1681 2743 1703 2762 et
1728 2739 1858 2767 prohibitae
1888 2739 1928 2760 134
1947 2745 1972 2766 a,
1990 2738 2012 2760 b.
2034 2739 2075 2760 135
2093 2744 2105 2760 a
2123 2750 2153 2753 —

1590 2778 1646 2806 Quia
1666 2779 1710 2800 iam
1723 2781 1771 2801 erat
1784 2782 1876 2806 tempus
1894 2778 1993 2806 gratiae,
2009 2777 2153 2800 circumcisio

1592 2817 1739 2839 inhibebatur
1761 2818 1801 2840 135
1820 2817 1834 2839 b
1851 2829 1881 2833 --
1899 2817 1956 2845 Quia
1967 2817 2069 2839 Christus
2078 2823 2153 2839 susce-

1591 2857 1624 2884 pit
1644 2857 1856 2884 circumcisionem,
1869 2856 1921 2879 ideo
1939 2855 2008 2878 debet
2024 2862 2114 2878 cessare
2131 2859 2153 2877 et

1591 2897 1634 2918 iam
1653 2902 1698 2918 non
1712 2896 1772 2918 valet
1788 2896 1828 2918 133
1843 2896 1864 2918 b.
1881 2895 1922 2918 134
1940 2902 1960 2923 a,
1978 2894 1993 2916 b

1636 2948 1666 2952 -
1686 2936 1778 2957 Novitas
1795 2936 1883 2963 gratiae
1900 2935 2049 2963 praeferenda
2067 2936 2100 2956 est
2116 2940 2153 2955 vc-

1590 2975 1665 2997 tustati
1683 2975 1867 2997 circumcisionis
1890 2974 1933 2996 134
1952 2980 1964 2995 a
1986 2986 2016 2990 —
2039 2974 2081 3002 Qui
2105 2973 2154 2995 vult
