2269 3448
767 540 1206 597 PRAEFATIO.

202 1078 321 1113 Parvo
347 1078 418 1112 1100
444 1076 614 1111 (10011110ι
643 1076 847 1122 volumine,
876 1076 1158 1122 complemento
1184 1075 1346 1111 aliorum
1374 1076 1695 1122 praecedentium,
1725 1089 1864 1112 novam

105 1139 274 1172 omnium
295 1150 452 1184 operum
469 1136 663 1182 Seraphici
682 1135 858 1170 Doctoris
881 1135 1096 1180 editionem,
1118 1135 1197 1170 Deo
1216 1135 1379 1179 favente,
1400 1136 1476 1170 iam
1495 1135 1742 1181 absolvimus,
1771 1149 1867 1182 opus

105 1198 235 1243 magni
263 1202 362 1232 certe
390 1202 427 1231 et
452 1196 618 1242 improbi
645 1195 785 1230 laboris
811 1195 1045 1230 diversorum
1073 1195 1240 1242 Patrum,
1269 1195 1315 1230 ad
1347 1195 1449 1242 quod
1489 1196 1791 1242 praeparandum
1832 1201 1870 1231 et

104 1256 403 1303 imprimendum
430 1261 581 1302 tempus
608 1255 696 1302 plus
722 1268 834 1302 quam
863 1255 1022 1301 triginta
1047 1268 1233 1289 annorum
1259 1268 1281 1289 a
1306 1255 1417 1290 nobis
1444 1255 1653 1290 insumtum
1681 1260 1747 1290 est.

199 1315 453 1352 Continentur
478 1320 603 1350 autem
632 1315 669 1349 in
698 1315 769 1350 hoc
797 1315 991 1350 volumine
1017 1315 1141 1361 primo
1167 1315 1251 1360 loeo
1271 1315 1367 1349 duae
1390 1315 1683 1361 dissertationes,
1704 1328 1865 1362 quarum

104 1376 227 1422 prima
253 1375 410 1410 exhibet
435 1380 684 1421 conspectum
711 1375 973 1421 syntheticum
1001 1387 1157 1421 operum
1193 1376 1310 1410 totius
1344 1374 1583 1409 collectionis
1609 1388 1697 1410 cum
1725 1375 1866 1410 indicio

104 1436 236 1470 critico
263 1435 310 1470 de
336 1434 513 1481 pluribus
539 1434 718 1481 operibus
744 1434 867 1479 editis,
895 1434 1013 1469 altera
1040 1447 1127 1469 vero
1152 1434 1234 1480 agit
1259 1434 1305 1468 de
1331 1435 1415 1480 ipsa
1442 1435 1520 1469 vita
1543 1434 1576 1470 S.
1597 1434 1782 1469 Doetoris.
1803 1434 1865 1470 Se-

104 1500 274 1542 quuntur
304 1501 378 1529 tres
413 1494 556 1541 copiosi
583 1493 754 1528 Indices:
782 1494 928 1540 primus
955 1494 1109 1540 quidem
1137 1499 1193 1528 est
1219 1493 1340 1528 Index
1372 1494 1639 1540 alphabeticus
1673 1507 1797 1529 rerum
1830 1494 1869 1528 in

103 1560 207 1589 tomo
222 1553 290 1589 IX.
307 1559 589 1598 contentarum,
610 1553 800 1588 secundus
816 1566 902 1588 vero
917 1553 1031 1588 refert
1048 1553 1151 1588 locos
1171 1553 1204 1589 S.
1222 1552 1448 1600 Scripturae,
1465 1554 1530 1601 qui
1546 1555 1585 1588 in
1602 1554 1715 1589 tomis
1730 1553 1863 1589 V.-IX.

103 1619 318 1659 occurrunt,
347 1614 438 1648 dum
465 1614 504 1648 in
531 1614 642 1648 tertio
677 1613 905 1648 exhibentur
930 1613 1005 1648 loci
1032 1612 1085 1648 Ss.
1114 1612 1270 1648 Patrum
1295 1613 1534 1660 aliorumque
1559 1618 1768 1659 auctorum,
1798 1614 1864 1660 qui

102 1674 142 1708 in
170 1678 249 1708 tota
273 1673 345 1708 hac
372 1673 538 1708 editione
564 1672 614 1707 ab
641 1673 724 1719 ipso
751 1672 786 1708 S.
814 1672 977 1707 Doctore
1002 1672 1228 1718 allegantur.
1250 1672 1471 1708 Notandum
1499 1674 1612 1717 enim,
1633 1686 1700 1708 nos
1727 1674 1765 1708 in
1793 1673 1865 1708 hoc

102 1733 229 1767 indice
257 1746 330 1767 non
359 1733 690 1779 comprehendisse
717 1732 887 1767 infinitas
914 1732 990 1767 fere
1017 1733 1217 1767 citationes
1236 1732 1289 1768 Ss.
1316 1732 1482 1777 Patrum,
1511 1746 1607 1779 quae
1634 1746 1656 1768 a
1683 1733 1792 1768 nobis
1819 1733 1866 1768 ad

103 1792 247 1827 calcem
275 1792 542 1827 elucidationis
569 1804 681 1827 causa
714 1791 935 1827 afferuntur.
972 1791 1113 1836 Quanti
1150 1793 1332 1827 momenti
1369 1792 1445 1827 sint
1479 1792 1517 1826 hi
1552 1792 1712 1838 Indices,
1749 1793 1867 1839 inspi—

103 1852 219 1886 cienti
245 1851 358 1886 facile
385 1851 543 1898 patebit.

199 1911 367 1946 Tandem
395 1912 586 1957 convenit,
614 1916 657 1946 ut
682 1912 815 1958 paucis
842 1911 968 1946 verbis
1003 1912 1224 1946 memoriam
1260 1911 1446 1946 faciamus
1484 1911 1526 1947 R.
1567 1911 1607 1946 P.
1644 1912 1865 1956 Quinctiani

102 1970 250 2017 Miiller,
278 1970 502 2006 Provinciae
530 1971 715 2007 Saxoniae
742 1970 777 2006 S.
806 1970 947 2017 Crucis,
976 1972 1120 2006 strenui.
1148 1971 1433 2006 collaboratoris
1467 1972 1585 2006 nostri
1625 1985 1692 2018 per
1726 1971 1868 2007 multos

102 2043 232 2076 annos,
261 2031 325 2078 qui
353 2031 413 2065 die
440 2031 485 2066 25
511 2031 613 2066 Iunii
641 2031 732 2066 1902
758 2030 925 2066 Erfordii
951 2031 989 2066 in
1018 2030 1221 2066 Germania
1248 2032 1309 2077 pie
1336 2032 1375 2065 in
1402 2030 1567 2066 Domino
1594 2031 1699 2066 obiit.

198 2090 320 2125 Natus
346 2095 425 2125 erat
450 2090 616 2125 Erfordii
643 2091 704 2125 die
731 2091 752 2125 3
780 2090 955 2126 Octobris
982 2091 1084 2126 1841.
1112 2090 1256 2126 Studiis
1282 2091 1495 2126 litterarum
1527 2091 1778 2126 humanitatis
1806 2104 1867 2125 va-

103 2150 205 2184 cavit
231 2151 268 2184 in
297 2151 499 2196 gymnasio
526 2151 692 2185 civitatis
718 2150 1005 2196 Heiligenstadt
1031 2156 1069 2185 et
1094 2151 1193 2198 dein,
1220 2151 1334 2186 variis
1361 2151 1548 2197 superatis
1566 2151 1784 2197 obstaculis,
1805 2151 1865 2185 die

104 2210 124 2244 6
151 2209 240 2244 Maii
270 2210 361 2245 1864
388 2209 569 2245 Ordinem
596 2209 787 2244 Minorum
812 2211 1006 2256 ingressus
1033 2215 1099 2245 est.
1126 2210 1265 2246 Finitis
1292 2211 1440 2256 studiis,
1469 2215 1506 2245 et
1538 2211 1598 2245 die
1627 2211 1670 2245 12
1697 2211 1864 2257 Augusti

105 2269 193 2304 1871
222 2270 394 2304 sacerdos
421 2270 626 2315 ordinatus,
655 2282 721 2316 per
748 2282 889 2316 paucos
915 2282 1035 2305 annos
1069 2271 1182 2305 variis
1209 2271 1247 2304 111
1280 2270 1535 2305 conventibus
1574 2283 1684 2305 curae
1722 2271 1865 2305 anima-

104 2341 187 2363 rum
215 2341 366 2375 operam
394 2329 560 2375 navavit,
588 2342 708 2376 usquc
735 2330 826 2364 dum
853 2342 953 2364 anno
981 2330 1082 2376 1875,
1104 2330 1315 2376 procellosa
1341 2335 1567 2376 tempestate
1590 2331 1865 2376 persecutionis

104 2388 394 2434 Religiosorum,
423 2401 508 2423 eum
537 2389 614 2423 suis
641 2388 897 2424 confratribus
924 2390 959 2423 in
990 2388 1237 2424 Hollandiam
1265 2390 1435 2424 exsulare
1463 2395 1671 2436 cogeretur.
1701 2389 1771 2425 Sed
1788 2390 1863 2424 iam

103 2460 202 2482 anno
229 2448 446 2495 insequenti
472 2461 494 2483 a
519 2448 850 2484 Reverendissimo
877 2448 917 2483 P.
946 2448 1119 2483 Ministro
1146 2449 1325 2485 Generali
1359 2462 1426 2495 pro
1453 2462 1552 2484 nova
1584 2449 1750 2483 editione
1777 2462 1864 2495 ope-

103 2520 187 2541 rum
215 2507 249 2543 S.
277 2507 565 2543 Bonaventurac
592 2508 767 2543 facienda
794 2508 1015 2554 destinatus,
1044 2509 1210 2555 primum
1237 2522 1305 2555 per
1330 2514 1492 2555 quatuor
1518 2521 1636 2543 annos
1669 2508 1862 2543 Monachii

102 2567 139 2601 in
168 2566 405 2602 bibliotheca
430 2568 534 2613 regia
560 2581 671 2602 omne
698 2568 867 2603 studium
893 2568 1071 2603 adhibuit
1088 2569 1135 2603 ad
1154 2569 1304 2603 codices
1323 2568 1491 2603 diversos
1515 2568 1576 2603 vel
1595 2568 1864 2603 exscribendos

104 2626 165 2660 vel
192 2626 452 2672 conferendos,
480 2627 617 2661 deinde
644 2627 691 2662 ad
718 2627 846 2663 Claras
885 2630 1016 2675 Aquas
1047 2629 1344 2675 transmigravit,
1374 2628 1439 2663 ubi
1478 2628 1628 2662 eosdem
1668 2627 1862 2674 improbos

103 2685 250 2720 labores
277 2699 344 2732 per
370 2686 458 2732 plus
484 2699 597 2733 quam
626 2688 765 2734 viginti
792 2700 911 2723 annos
938 2702 1025 2723 cum
1053 2701 1192 2734 magna
1217 2689 1334 2723 animi
1362 2688 1587 2723 fortitudine
1614 2693 1651 2722 et
1677 2688 1863 2722 industria

103 2745 148 2779 ad
178 2750 336 2780 mortem
364 2758 483 2792 usque
510 2747 759 2782 continuavit.

200 2804 325 2840 Homo
352 2810 431 2840 erat
455 2807 655 2853 inprimis
681 2807 862 2842 indefessi
889 2812 927 2841 et
952 2807 1029 2841 fere
1056 2807 1293 2842 incredibilis
1333 2807 1483 2842 laboriS.
1519 2806 1572 2842 Ut
1610 2806 1862 2841 collaborator

104 2876 259 2910 operum
288 2864 322 2900 S.
350 2864 638 2900 Bonaventurae
665 2872 722 2901 sat
748 2866 889 2901 multos
916 2871 953 2901 et
978 2867 1222 2901 contentione
1241 2867 1374 2913 plenos
1400 2866 1547 2901 labores
1573 2866 1688 2900 alacri
1712 2878 1863 2912 semper

200 3036 206 3048 ¹
225 3037 273 3059 Sub
292 3038 335 3059 110(
353 3043 449 3060 rnnnero
468 3044 513 3060 11011
531 3038 738 3066 comprehendimr
756 3042 832 3060 [mnus
851 3037 959 3061 Indicum
978 3039 998 3060 in
1018 3042 1118 3067 quatuor
1136 3038 1207 3061 libros
1225 3039 1405 3061 Sententiarum.
