2269 3448
663 213 762 241 {Nutix
784 212 1023 241 ALPttAsstt't'tCUs
1045 211 1121 240 NON!
1145 211 1331 239 VOLtlttttNtS.

370 255 410 277 Sl‘l

118 296 198 318 decem
227 295 269 317 433
296 294 310 316 1)
335 306 366 310 -
392 293 464 315 liuius
489 292 577 315 numeri
599 297 682 314 causae

119 334 173 357 ibid.
198 346 228 350 —-
255 335 296 356 Pro
322 334 365 355 hoc
390 332 485 354 denario
510 331 607 353 canendi
631 332 683 352 suut

119 373 200 401 psalmi
219 373 279 394 iuxta
291 372 372 394 decem
386 377 466 393 eorum
478 369 617 392 ‹litterentias
630 368 682 391 ibid.

165 424 195 428 —
212 411 317 434 interficit
334 410 432 438 impium
451 412 473 432 et
490 410 511 431 iu
531 408 603 430 beatis
620 407 684 436 spiri-

121 451 182 474 tibus
201 450 312 473 interfecit
328 449 456 477 superbum
476 448 515 470 1111
539 447 553 469 b

166 502 196 506 —
214 489 319 512 diffundit
336 487 502 510 abuudmitiam
520 486 684 508 charismatum

120 529 245 557 gratiarnm
259 528 303 550 352
318 527 331 550 b
344 540 373 543 —
385 533 427 549 nos
444 526 523 553 irrigat
535 525 607 553 gratia
625 530 685 547 000]-

120 568 262 597 punctionis,
287 566 417 589 devotiouis
442 568 464 587 et
487 563 686 592 contemplationis

120 608 148 629 38
169 607 182 629 b
201 619 229 622 —-
247 608 281 628 est
297 606 360 627 stella
373 605 460 627 duecus
472 604 501 626 ad
513 603 628 625 Christum
645 608 686 630 per

121 646 231 674 triplicem
250 645 347 673 gratiam
367 644 406 666 151
428 650 440 665 0
462 655 493 659 -
511 643 552 664 Per
570 642 619 663 cius
636 647 685 669 gra-

121 686 175 707 tiam
194 685 218 707 tlt
235 684 256 706 iu
275 683 374 706 Ecclesia
392 682 497 705 remissio
515 681 603 709 peccati
616 680 660 702 548
673 686 685 702 a

120 736 150 741 —-
168 723 262 746 suscitat
279 727 376 744 avarum
389 726 411 744 et
423 720 579 746 immundum,
592 721 616 742 ut
627 725 685 747 opu-

120 764 218 785 lentatus
243 762 315 790 gratia
341 761 420 783 sedeat
445 760 466 782 in
493 759 584 782 caelesti
610 758 682 786 patria

122 802 166 824 310
184 808 196 824 a
222 813 252 817 -—
278 800 352 823 Nescit
376 799 440 822 tarda
464 804 541 821 rerum
569 797 685 820 molimina

123 841 221 869 Spiritus
238 840 258 862 S.
278 839 351 867 gratia
369 839 414 861 658
433 837 447 860 b
464 850 494 854 —
506 837 622 860 Possessio
639 835 687 863 Spi-

123 880 179 902 ritus
196 881 218 901 S.
235 882 269 901 est
292 878 358 905 origo
383 877 452 899 totius
469 876 592 899 sanctitatis
609 878 631 897 et
648 874 686 897 bo-

122 918 198 941 nitatis
215 918 255 940 501
278 917 293 939 1)
309 929 340 933 -
357 916 409 939 facit
426 922 468 938 nos
485 915 507 938 11]
522 915 593 938 corde
610 916 687 936 nostro

123 964 178 980 vere
195 957 295 979 clamare
312 956 340 978 ad
358 956 432 978 Deum
451 955 494 977 137
513 960 525 976 0

170 1009 199 1012 -
218 996 240 1018 in
258 995 325 1018 beato
343 995 459 1022 Stephano
478 993 586 1021 produxit
603 998 641 1015 sex
658 993 688 1014 et'-

124 1036 198 1058 tectus
217 1034 261 1056 492
279 1040 303 1061 a,
321 1033 336 1056 b

170 1086 201 1091 —
218 1074 303 1096 residet
321 1072 528 1101 superexcellenter
545 1071 567 1093 iu
586 1070 689 1098 Christo,

123 1113 269 1136 abundanter
286 1113 307 1134 in
326 1117 424 1140 corpore
441 1111 478 1133 vel
497 1110 567 1133 corde
585 1109 690 1137 mystico,

124 1152 262 1175 sufficienter
279 1151 302 1173 in
319 1150 423 1180 quolibet
441 1150 500 1172 iusto
518 1149 562 1172 433
581 1149 596 1171 1)
619 1161 648 1165 —
667 1148 688 1170 in

124 1191 178 1214 50115
196 1191 237 1213 11115
254 1190 372 1217 inhabitat,
385 1190 425 1218 qui
442 1195 536 1211 00111011]
552 1188 691 1215 crucifigunt

125 1231 170 1253 669
188 1236 201 1252 a
218 1242 249 1246 —
267 1229 288 1252 in
314 1228 453 1251 habentibus
470 1228 547 1256 ipsum
566 1233 611 1249 non
630 1229 690 1254 tepe-

125 1270 167 1292 scit
184 1270 213 1292 23
231 1275 243 1291 0
262 1282 290 1285 -
310 1270 360 1296 lpso
376 1267 461 1290 habito.
475 1273 520 1289 non
532 1270 566 1289 est
578 1267 641 1289 locus
653 1266 690 1288 de-

125 1300 248 1332 solatiouis⁴
266 1310 288 1330 et
313 1307 451 1334 moestitiae,
469 1306 509 1328 sed
530 1305 691 1328 consolationis

126 1351 148 1370 et
165 1347 263 1370 laetitiae
286 1347 331 1369 309
357 1353 369 1368 a
395 1358 425 1362 —
450 1346 503 1367 Eius
528 1344 627 1367 dulcedo
646 1350 691 1366 non

127 1389 222 1415 generat
240 1385 370 1413 fastidium,
387 1385 460 1407 immo
471 1384 590 1406 continuat
601 1383 693 1406 deside-

126 1427 186 1449 rium
213 1426 257 1448 310
281 1425 296 1447 1)
322 1437 352 1440 —-
378 1424 485 1446 Paracleti
510 1423 637 1445 consolatio
659 1424 693 1444 est

127 1471 196 1493 vera,
212 1465 325 1492 perfecta,
344 1463 495 1491 temperativa
513 1463 557 1484 329
576 1468 587 1483 a

176 1517 205 1520 -
222 1504 244 1525 in
262 1505 375 1532 quantum
392 1502 537 1525 sanctificans
554 1500 692 1523 assimilatur

128 1543 197 1566 calori
215 1542 350 1569 subtilianti3
369 1542 392 1564 in
414 1543 527 1570 quantum
553 1540 694 1566 exhilarans,

128 1582 221 1605 humori
238 1581 356 1609 irriganti3
374 1581 396 1603 in
418 1582 530 1609 quantum
558 1578 695 1605 secundans,

128 1622 203 1650 vigori
222 1623 326 1649 potenter
349 1619 453 1648 operanti
477 1619 507 1641 97
525 1618 539 1640 b
558 1630 588 1634 —
606 1624 647 1640 nos
665 1617 695 1639 in-

129 1662 225 1687 format,
242 1660 349 1687 illustrat,
367 1659 473 1685 innovat,
490 1658 600 1680 instaurat
617 1656 662 1679 248
681 1656 695 1678 b

129 1712 159 1716 —
178 1699 326 1725 mundificat,
343 1698 459 1724 clarificat,
476 1699 590 1719 restaurat
606 1696 651 1718 333
669 1695 693 1717 1).

130 1738 174 1761 334
192 1745 205 1761 0
223 1751 253 1754 -
270 1738 380 1760 rectificat
400 1736 550 1759 indicativam
574 1741 615 1763 per
638 1740 696 1763 pau—

131 1780 258 1806 pertatem,
275 1776 402 1799 sanctificat
421 1775 551 1798 affectivam
570 1780 610 1802 per
632 1773 696 1796 casti-

130 1819 214 1844 tatem,
231 1815 367 1838 corroborat
387 1814 532 1843 operativam
550 1819 590 1841 per
608 1812 696 1835 humili-

132 1859 202 1878 tatem
221 1856 261 1878 321
283 1855 299 1877 1)
310 1867 341 1871 -
353 1854 455 1876 vivificat
467 1856 489 1876 et
500 1855 565 1876 curat
576 1853 625 1875 sine
637 1853 696 1874 terro

131 1898 152 1918 et
169 1895 235 1923 igne,
252 1894 293 1917 sed
310 1894 359 1916 solo
376 1893 501 1916 curationis
518 1892 591 1914 verbo
608 1894 630 1914 et
641 1897 697 1913 suae

131 1934 254 1957 voluntatis
276 1932 421 1961 beneplacito
444 1932 488 1954 309
516 1931 530 1954 b
553 1943 584 1947 —
601 1931 698 1953 mundat

133 1980 146 1996 a
163 1974 264 2001 macula,
281 1976 346 1995 sanat
362 1972 392 1994 ab
410 1972 540 1994 infirmitate
557 1973 579 1993 et
596 1970 697 1992 liberata

133 2016 197 2036 reatu
216 2012 261 2035 634
279 2012 294 2034 b
306 2024 336 2028 —
348 2013 433 2039 purgat
449 2017 491 2038 per
508 2009 615 2038 spiritum
633 2009 697 2031 timo-

132 2053 177 2079 ris,
194 2052 294 2079 doloris,
311 2050 408 2078 rigoris,
426 2049 516 2072 ardoris
529 2049 574 2071 345
592 2048 614 2070 b.
627 2048 671 2071 346
685 2054 697 2069 a

179 2103 210 2108 —
228 2093 324 2119 purgat,
343 2089 454 2112 illuminat
474 2092 496 2111 et
513 2088 603 2116 perficit
619 2088 659 2110 581
683 2086 698 2109 b

133 2142 163 2147 -—
180 2131 211 2152 Ex
228 2130 279 2158 ipso
297 2128 451 2151 illuminantur
468 2128 529 2150 oculi
541 2127 611 2150 nostri
624 2126 652 2149 ad
665 2126 699 2148 vi-

133 2169 236 2192 dendum
254 2169 331 2191 omnia
349 2168 373 2190 in
390 2168 437 2190 Deo
455 2167 500 2189 629
518 2167 533 2189 b
546 2166 700 2188 —illuminat

134 2208 212 2238 quoad
230 2208 361 2236 spectacula
378 2210 488 2234 naturae,
505 2206 534 2228 ad
552 2205 699 2232 intelligenda

134 2247 243 2276 mysteria
261 2247 405 2274 Scripturae,
423 2246 452 2268 ad
469 2244 632 2273 cognoscenda
649 2245 700 2266 cha-

135 2288 228 2309 rismata
245 2286 345 2314 gratiae,
364 2285 392 2307 ad
410 2283 600 2312 praemeditanda
616 2282 699 2305 iudicia

136 2326 229 2349 divinae
245 2314 406 2353 providentiae
423 2323 468 2345 346
481 2329 492 2345 0
511 2335 541 2338 -
558 2322 654 2344 mittitur
672 2321 701 2343 ad

136 2365 206 2388 corda
224 2367 300 2386 005110
318 2362 463 2389 innovanda,
481 2361 612 2384 illustranda
630 2363 652 2382 et
669 2361 701 2382 in-

136 2403 277 2426 flammanda
296 2403 339 2424 '133
358 2401 373 2424 1)
385 2414 415 2418 -
427 2401 466 2424 (101
480 2400 597 2428 virtutem,
614 2399 702 2427 sapien-

137 2444 205 2470 tiam,
223 2442 339 2465 caritatem
358 2441 403 2463 33'0‘
415 2447 428 2462 a
440 2440 555 2468 —1psius
572 2440 631 2462 dona
649 2445 703 2467 ape-

137 2483 199 2505 riunt
220 2488 289 2504 aures
313 2481 390 2503 cordis
414 2480 444 2503 ad
466 2479 613 2507 suscipienda
631 2478 703 2500 verba

137 2522 216 2545 salutis
234 2521 277 2543 397
297 2520 311 2543 1)
328 2533 358 2536 -
376 2520 406 2542 ad
423 2519 559 2542 memoriam
572 2518 654 2541 Christi
671 2524 703 2540 re-

138 2561 258 2584 colendam
280 2560 372 2588 dirigit,
387 2559 505 2585 10000001,
529 2558 647 2585 informat,
669 2563 703 2579 ro-

141 2600 207 2623 borat
225 2599 268 2622 394
287 2599 302 2621 1)

185 2651 216 2655 -
234 2639 287 2661 Eius
304 2638 389 2660 virtute
406 2638 506 2666 quisque
522 2636 704 2665 supervestitur,

139 2679 268 2707 protegitur
285 2680 307 2700 et
323 2677 454 2700 detenditur
471 2677 516 2699 502
533 2683 546 2699 a
563 2688 594 2692 ——
611 2677 662 2704 lpso
674 2676 705 2698 in-

140 2718 189 2740 duti
206 2720 271 2739 erant
295 2723 390 2744 omnes,
408 2716 447 2745 qui
473 2718 642 2743 superaverunt
658 2715 704 2737 dia-

141 2757 220 2780 bolum
241 2756 295 2779 ibid.
313 2768 342 2772 -—
360 2756 434 2778 influit
455 2758 544 2783 septem
567 2755 705 2777 charismata

141 2797 169 2820 ad
188 2796 343 2819 inchoandum
361 2796 383 2817 in
402 2795 464 2817 hono
477 2798 499 2817 et
512 2798 601 2823 septem
616 2795 659 2817 alia
676 2794 705 2817 ad

141 2836 352 2859 consummandum
375 2835 419 2857 590
440 2841 452 2857 a
474 2848 505 2850 —
528 2835 576 2857 unit
599 2835 706 2862 spiritum

143 2876 275 2899 rationalem
293 2881 346 2897 0110]
369 2875 416 2897 Deo
439 2874 483 2896 346
505 2873 519 2895 1)
540 2886 572 2890 -
594 2874 666 2896 vincit
682 2874 706 2896 in

142 2915 275 2938 omnimoda
293 2914 433 2943 quietatione
451 2914 534 2936 mentis
550 2913 604 2936 ibid.

190 2968 221 2972 --
238 2956 280 2977 Per
297 2955 409 2982 Spiritum
427 2955 449 2976 S.
467 2960 573 2976 creamur
590 2954 613 2975 11]
631 2953 707 2975 studio

144 2997 243 3026 gratiae,
260 2996 364 3023 exemplo
378 2995 451 3022 vitae,
463 2994 570 3017 exercitio
583 2995 643 3017 vitae
656 2994 707 3016 acti-

238 3044 264 3067 S.
281 3044 371 3066 Bonae.
388 3056 418 3059 —
436 3043 504 3065 Tom.
521 3043 550 3064 X.

717 297 759 313 vae
783 293 805 312 et
828 290 1030 318 contemplativae,
1048 289 1173 318 suspendio
1191 292 1213 311 et
1230 296 1281 310 ron-

717 330 777 352 victu
805 329 903 357 patriae,
930 329 1044 351 desiderio
1070 328 1172 356 martyrii
1198 328 1242 350 3116
1267 328 1281 349 b

717 382 747 386 —
764 369 816 391 facit
834 369 932 391 inunites
954 369 976 390 iu
1002 368 1133 394 affectione,
1153 369 1282 389 fructuosos

718 409 740 430 iu
758 408 905 436 operatione,
923 408 1041 435 speciosos
1064 407 1084 428 in
1107 406 1282 429 conversatione

719 448 747 469 ‘33
765 454 776 469 a
795 459 825 464 —-
844 447 896 469 Eius
914 446 974 468 doua
999 446 1126 473 disponunt
1146 445 1174 467 ad
1194 445 1282 467 11011011-

719 487 833 509 ficentiam
852 486 987 513 maiestatis,
1007 485 1178 512 intelligentiam
1203 484 1282 506 verita-

719 526 758 553 tis,
776 525 995 553 supereminentiam
1013 524 1112 547 caritatis
1130 524 1173 546 3138
1192 530 1202 545 0

765 577 796 581 --
813 565 897 587 (licitur
914 564 1008 592 spiritns
1020 563 1123 589 ardoris,
1136 563 1157 584 111
1170 564 1283 591 quantum

719 605 793 626 elevat
810 604 838 626 ad
857 609 960 626 amorem
987 602 1094 625 bonitatis
1111 602 1156 624 310
1174 609 1185 624 0
1204 614 1234 618 -
1252 601 1282 623 (11-

719 644 777 665 011111
793 643 888 670 spiritus
904 642 995 669 iudicii,
1008 642 1155 670 inquantum
1173 640 1285 668 imprimit

719 682 809 704 animae
832 682 938 704 timorem
964 681 1058 704 divinae
1086 680 1214 703 severitatis
1231 679 1284 702 ibid.

719 734 749 738 —
766 721 788 743 in
806 724 919 750 (plantum
937 720 1077 749 perfectivus
1099 723 1133 742 cst
1155 718 1284 746 stabiliens⁷

720 761 829 787 dilatans,
855 760 1014 788 suspendch
1037 759 1180 787 profundans
1206 758 1249 780 346
1269 757 1283 779 b

720 812 750 816 -—
762 803 871 827 operatur
882 799 1008 821 claritatem
1022 798 1130 825 veritatis,
1142 797 1285 819 latitudinem

722 839 906 865 benevolentiae,
925 838 1055 860 facultatem
1068 837 1155 864 vigoris
1170 837 1210 858 331
1233 843 1253 864 a,
1271 836 1286 858 b

767 891 796 894 »-
815 880 849 900 051
866 884 972 900 summus
989 880 1011 899 01
1029 876 1193 898 fontalissimus
1206 876 1286 897 doctor

722 918 762 939 331
777 924 790 939 a
799 929 829 933 —
838 920 872 939 est
884 919 1034 944 praeparator
1046 918 1068 937 et
1080 915 1203 937 illustrator
1214 914 1258 936 145
1271 914 1285 936 b

722 970 750 972 —
770 956 802 978 De
820 957 863 978 hoc
881 955 1030 978 t'ontalissimo
1043 955 1138 977 doctore
1150 960 1231 976 omnes
1242 954 1287 975 rivi

721 995 848 1023 sapientiae
865 997 887 1017 et
903 994 1011 1017 scientiae
1027 995 1137 1016 emanant
1147 995 1169 1015 et
1181 993 1287 1015 derivan-

723 1038 758 1057 tur
784 1035 829 1057 300
847 1041 873 1062 a,
891 1033 905 1055 b
922 1046 953 1050 —
975 1039 1021 1055 000
1048 1035 1122 1061 potest
1146 1032 1221 1054 tallere
1246 1038 1288 1053 nec

724 1074 765 1097 10111
784 1074 824 1096 331
848 1073 862 1095 b

770 1125 800 1129 —
826 1113 894 1135 (10001
919 1111 1066 1140 prudentiam
1096 1113 1117 1133 et
1140 1110 1289 1133 sobrietatem

724 1153 851 1175 modestiae
868 1153 890 1174 in
903 1151 988 1174 utendo
1000 1153 1112 1180 quantum
1126 1150 1155 1172 ad
1167 1155 1192 1172 se
1205 1149 1289 1177 ipsum,

724 1192 831 1215 iustitiam
850 1194 872 1213 et
889 1191 997 1213 virtutem
1011 1190 1033 1212 in
1045 1189 1165 1212 reddendo
1177 1191 1289 1218 quantum

724 1232 754 1254 ad
771 1231 903 1259 proximum
922 1231 962 1252 311
986 1236 997 1252 a
1015 1241 1046 1245 —
1063 1229 1131 1251 docet
1142 1234 1235 1251 omnem
1254 1233 1291 1249 ve-

725 1271 815 1293 ritatem
842 1269 970 1298 agendam,
993 1268 1209 1296 contemplandam,
1235 1267 1292 1289 iudi-

725 1310 824 1333 candam
843 1308 872 1331 ib.
890 1308 904 1330 b
921 1320 952 1324 -—
969 1308 1037 1330 docet
1053 1307 1173 1329 veritatem
1186 1306 1291 1335 operabi-

725 1350 769 1371 lem
787 1349 810 1370 in
828 1348 946 1374 moribus,
964 1346 1128 1375 speculabilem
1151 1346 1173 1368 in
1191 1345 1291 1373 artibus,

726 1387 903 1411 desiderabilem
922 1387 943 1408 in
966 1385 1121 1408 aeternalibus
1147 1385 1292 1413 praemiatio-

727 1427 796 1450 nibus
814 1426 857 1449 346
876 1432 888 1448 0

773 1479 804 1483 -
821 1466 901 1489 docuit
917 1465 1028 1493 populum
1055 1464 1204 1486 christianum
1223 1463 1292 1485 tidem

728 1512 769 1534 per
786 1511 857 1533 opera
876 1505 1014 1526 miraculosa
1033 1503 1073 1526 311
1101 1509 1113 1525 0
1131 1515 1161 1519 -
1178 1503 1246 1525 docet
1262 1503 1293 1524 su-

727 1545 811 1573 gienda
830 1545 901 1570 mala,
927 1543 1046 1571 operanda
1072 1542 1146 1569 bona,
1163 1541 1293 1570 appetenda

727 1584 830 1607 caelestia
850 1584 894 1606 310
913 1582 928 1605 1)
945 1595 976 1599 -
992 1583 1034 1604 Per
1052 1583 1108 1604 haec
1120 1581 1210 1609 singula
1224 1582 1293 1603 homo

728 1623 848 1645 ordinatur
865 1624 971 1650 respectu
989 1621 1038 1647 sui,
1055 1620 1154 1648 proximi
1166 1623 1188 1642 et
1206 1620 1246 1642 Dei
1264 1619 1293 1642 ib.

729 1662 753 1685 b.
769 1663 810 1684 311
832 1668 844 1684 0
864 1675 892 1677 -
910 1661 978 1683 docet
994 1661 1023 1682 ad
1041 1659 1231 1687 intelligendum,
1248 1665 1294 1681 010-

729 1704 766 1724 vet
783 1701 813 1724 ad
830 1700 890 1723 bene
915 1700 1054 1726 volendum,
1080 1699 1175 1721 adiuvat
1192 1698 1221 1720 ad
1242 1704 1295 1726 ope-

730 1741 829 1764 randum
849 1741 889 1762 311
912 1739 927 1761 b

777 1792 805 1795 —-
824 1782 858 1801 est
875 1779 936 1806 ignis
953 1779 997 1800 ‘268
1016 1777 1031 1799 b
1048 1790 1077 1793 -
1100 1776 1226 1799 obumbrat
1243 1782 1295 1798 con-

730 1822 763 1841 tra
781 1821 869 1841 aestum
888 1820 1035 1846 peccatorum
1054 1815 1108 1839 ibid.
1120 1828 1150 1832 —
1168 1815 1234 1838 nobis
1252 1815 1296 1837 illa-

730 1864 786 1886 psus
802 1857 923 1885 refrigerat
939 1855 1138 1884 concupiscentiae
1156 1857 1232 1877 aestus
1250 1854 1295 1876 728

730 1904 742 1920 a
760 1910 790 1914 —
806 1900 832 1919 ut
849 1897 948 1925 Spiritus
973 1895 1097 1918 maiestatis
1122 1894 1225 1922 reprimit
1250 1893 1296 1916 dia-

731 1937 775 1959 boli
794 1936 1004 1965 praesumtionem,
1022 1937 1046 1957 ut
1064 1934 1161 1962 Spiritus
1181 1933 1295 1961 veritatis,

731 1977 780 1999 eius
801 1975 925 2002 fallaciam,
943 1977 968 1997 ut
984 1974 1082 2002 Spiritus
1100 1973 1190 2001 pietatis
1208 1972 1298 2000 mitigat

731 2016 780 2038 eius
798 2014 966 2038 tribulationem
986 2013 1030 2036 329
1049 2019 1060 2035 a

778 2067 808 2071 —
826 2054 903 2081 venit,
924 2053 963 2076 ubi
985 2056 1089 2080 amatur,
1115 2051 1236 2079 invitatur,
1262 2057 1297 2073 ex-

732 2096 848 2122 spectatur
866 2094 906 2115 311
930 2092 944 2114 b
961 2105 992 2108 —
1009 2094 1034 2114 ut
1059 2091 1135 2113 veniat
1153 2091 1175 2112 in
1192 2093 1297 2112 nostrum

733 2134 871 2162 hospitium,
889 2133 965 2160 ipsum
979 2134 1013 2154 est
1025 2131 1197 2157 mundandum,
1215 2130 1298 2152 deinde

733 2174 782 2201 ipse
791 2172 925 2195 invitandus
934 2171 1003 2199 eique
1012 2169 1188 2192 ministrandum
1200 2169 1244 2191 330
1253 2175 1274 2195 a,
1284 2168 1298 2190 b

733 2225 763 2229 —
780 2215 842 2234 amat
858 2212 921 2233 10005
938 2216 1060 2236 amoenos,
1077 2214 1186 2236 sonoros,
1203 2208 1299 2230 odorife-

733 2257 771 2273 ros
797 2251 840 2272 329
861 2249 875 2271 1)
894 2262 922 2265 -—
948 2248 1068 2271 attrahitur
1094 2253 1135 2275 per
1161 2248 1298 2269 Sanctorum

734 2289 860 2315 desideria,
878 2287 967 2316 eloquia
990 2289 1012 2309 et
1029 2286 1133 2313 exempla
1150 2284 1204 2308 ibid.
1223 2297 1253 2301 —
1269 2284 1299 2306 vi-

734 2329 786 2351 sitat
806 2329 854 2350 loca
873 2326 993 2353 01000015,
1012 2324 1189 2353 praedicationis
1205 2327 1227 2346 et
1248 2330 1300 2345 san-

735 2370 784 2390 ctae
801 2365 989 2394 congregationis
1006 2363 1060 2387 ibid.

783 2419 812 2422 —
837 2406 865 2428 Ut
893 2404 922 2427 ab
951 2404 1001 2432 ipso
1026 2404 1162 2431 impetretur
1188 2407 1299 2429 magnum

737 2445 888 2471 beneficium,
917 2443 1042 2472 requiritur
1075 2441 1151 2464 debita
1181 2441 1300 2468 dispositio

737 2485 781 2507 309
800 2484 821 2507 b.
840 2484 885 2506 310
903 2489 915 2505 a
933 2495 963 2499 -
981 2483 1003 2504 ln
1020 2481 1160 2510 quibusnam
1179 2480 1302 2502 claruerint

736 2524 786 2547 eius
803 2524 862 2546 dona
881 2522 926 2545 599
944 2528 956 2544 a
973 2534 1004 2537 —
1021 2521 1075 2543 Eius
1092 2520 1151 2542 dona
1175 2519 1302 2547 suscipiun-

738 2567 773 2586 tur
790 2566 879 2585 tantum
897 2562 920 2584 in
938 2561 1008 2583 corde
1025 2560 1106 2582 humili
1124 2559 1167 2581 337
1186 2558 1209 2580 1).
1224 2559 1268 2580 338
1287 2557 1302 2580 b

738 2616 767 2619 —
784 2602 907 2631 requiescit
923 2606 994 2628 super
1012 2599 1110 2622 humiles
1127 2598 1155 2620 ‘23
1174 2604 1185 2620 a
1204 2610 1234 2614 —
1252 2597 1302 2619 Ani-

738 2648 789 2664 mae
806 2643 898 2664 sanctae
923 2639 1078 2662 illuminantur
1103 2644 1115 2659 a
1140 2636 1303 2665 splendoribus

737 2682 793 2704 eius·
805 2680 849 2703 590
868 2686 880 2702 a

785 2732 815 2736 —
832 2725 877 2741 non
896 2718 963 2740 datur
980 2717 1023 2739 nisi
1049 2716 1127 2738 liberis
1145 2722 1186 2743 per
1203 2719 1302 2737 contem<

739 2762 804 2788 ptum
822 2758 942 2784 vanitatis,
965 2755 1124 2778 conformibus
1147 2761 1188 2782 per
1209 2754 1304 2776 creduli-

739 2801 808 2821 tatem
826 2796 940 2824 veritatis,
955 2794 1086 2817 amantibus
1104 2800 1145 2822 per
1162 2793 1303 2816 desiderium

739 2837 878 2860 aeternitatis
899 2836 939 2858 133
958 2841 969 2856 0
978 2853 983 2862 ,
1001 2834 1015 2856 1)
1028 2846 1058 2850 -
1071 2833 1156 2855 Radius
1169 2833 1267 2860 Spiritus
1279 2833 1301 2854 S.

740 2878 826 2899 relucet
852 2879 940 2897 tantum
969 2872 1139 2901 spiritualibus,
1168 2872 1304 2899 expanditur

740 2915 880 2942 humilibus,
898 2913 1021 2942 requiescit
1037 2918 1108 2939 super
1134 2911 1224 2933 devotis
1242 2911 1270 2932 30
1290 2909 1304 2932 b

740 2968 769 2971 ——
783 2954 815 2977 Act
828 2954 905 2981 ipsum
919 2952 1068 2980 pervenimus
1078 2951 1176 2973 vitantes
1188 2950 1304 2972 lasciviam

742 2994 785 3016 433
804 2993 818 3015 b

1825 213 1876 239 itit)

1573 251 1625 272 S'l'li

1361 301 1391 305 —-
1410 292 1503 317 propter
1525 289 1629 317 quinque
1649 289 1747 310 rationes
1765 289 1827 310 veuit
1849 289 1877 310 au

1315 328 1442 355 lleligiosos
1455 330 1478 349 ut
1490 328 1589 355 Spiritus
1602 328 1688 353 gratiae
1706 327 1880 354 1111111111111011115,

1315 366 1456 393 (ieron-antis,
1473 367 1596 393 elevantis,
1614 367 1739 394 regulantis
1757 366 1801 388 11:14
1820 373 1846 392 a,
1866 366 1880 387 11

1316 417 1343 421 —-—
1358 405 1420 428 veuit
1438 407 1460 427 ut
1476 405 1573 433 Spiritus
1590 412 1684 433 pret-um
1698 405 1880 432 :linarii-antium,

1317 444 1535 471 transformantitim,
1542 444 1706 472 inclinantium⁷
1713 451 1805 466 sursum
1813 451 1880 471 agen-

1317 483 1372 505 tium
1391 482 1444 505 ibid.
1462 485 1585 511 ·-‹1uoad
1609 485 1685 505 actum
1707 483 1822 510 purgandi
1844 483 1881 504 ‹la-

1317 525 1353 544 tur
1365 522 1387 544 in
1400 522 1541 544 assumtione
1558 528 1637 544 sacrae
1650 521 1784 549 Religionis,
1803 521 1882 543 illumi-

1317 562 1399 588 nandi,
1425 562 1447 583 iu
1474 561 1667 589 contemplatione
1693 561 1787 582 divinae
1812 561 1879 589 lcgis;

1319 601 1464 629 perficiendi,
1482 607 1523 628 per
1541 600 1669 622 instantiam
1688 600 1796 622 emtionis
1808 599 1852 621 34ss
1867 599 1881 621 b

1365 652 1396 656 —-
1412 639 1547 662 Cavendum
1565 642 1611 666 cst,
1629 646 1657 661 ne
1669 639 1718 667 ipse
1732 639 1833 661 inveniat
1845 640 1883 660 ho-

1318 679 1411 707 spitium
1425 681 1528 701 nostrum
1542 679 1681 706 imparatum
1694 681 1717 700 et
1728 678 1883 705 incongruum

1318 721 1341 740 et
1358 719 1379 740 in
1398 718 1457 740 malo
1475 719 1525 740 loco
1542 718 1611 740 situm
1630 718 1674 739 329
1693 717 1707 739 11
1725 730 1754 733 --
1773 717 1882 745 Spiritum

1319 758 1342 779 S.
1365 760 1410 780 tam
1437 757 1504 785 pauci
1531 756 1627 785 habent,
1653 756 1706 785 (1010
1733 762 1779 778 uon
1805 755 1883 777 debito

1320 796 1390 818 modo
1413 796 1510 818 credunt
1535 802 1578 818 uec
1603 796 1633 817 atl
1652 797 1736 817 sontem
1754 794 1883 821 Christum,

1319 835 1377 857 sicut
1394 834 1486 862 debent,
1504 835 1618 857 accedunt
1635 834 1680 856 340
1694 834 1708 856 b
1721 846 1751 850 —
1763 840 1807 856 non
1821 833 1883 855 venit

1320 875 1341 896 in
1360 874 1508 903 quorundam
1534 874 1672 901 hospitium,
1690 873 1743 902 quia
1770 874 1813 895 hoe
1839 879 1884 895 11011

1321 914 1457 941 mundatur,
1483 913 1532 940 ipse
1556 913 1586 935 ad
1613 913 1667 935 illud
1693 919 1737 934 non
1763 912 1886 939 invitatur,

1320 953 1375 975 nihil
1393 953 1414 975 ei
1432 952 1572 974 ministratur
1590 952 1634 974 329
1661 951 1683 973 1).
1701 952 1746 973 330
1764 957 1776 973 0
1795 964 1823 967 -
1841 957 1885 973 1100

1322 992 1384 1014 venit
1406 992 1435 1014 ad
1459 991 1584 1019 hospitium
1607 993 1769 1018 peccatorum,
1792 990 1886 1012 munda-

1321 1037 1419 1058 norum,
1438 1031 1611 1058 hypocritarum
1637 1031 1673 1052 vel
1696 1030 1815 1057 pigrorum
1833 1028 1887 1052 ibid.

1322 1082 1352 1086 —
1370 1076 1415 1092 non
1433 1069 1521 1092 habitat
1538 1069 1560 1091 in
1577 1069 1694 1091 luxurioso
1715 1068 1757 1090 184
1775 1068 1789 1090 h

1370 1121 1400 1125 —
1418 1109 1497 1131 Unitas
1514 1108 1613 1136 Spiritus
1634 1108 1756 1135 dupliciter
1773 1107 1886 1129 servanda

1323 1148 1403 1170 estad
1429 1147 1567 1175 Dominum,
1591 1146 1736 1175 proximum,
1761 1152 1785 1168 se
1811 1146 1887 1173 ipsum

1325 1187 1365 1209 421
1388 1187 1402 1209 b
1420 1199 1450 1202 —
1468 1186 1502 1209 Ad
1520 1187 1576 1209 haec
1593 1186 1741 1214 requiruntur
1759 1185 1800 1207 tria
1814 1184 1857 1207 422
1875 1191 1887 1206 a

1324 1239 1354 1243 —
1372 1225 1489 1248 Debemus
1515 1225 1604 1253 impleri
1630 1225 1714 1253 Spiritu
1742 1224 1888 1251 humilitatis,

1325 1265 1439 1292 veritatis,
1458 1264 1593 1291 honestatis,
1611 1264 1701 1292 pietatis
1718 1263 1762 1285 435
1780 1263 1795 1285 b

1373 1317 1403 1321 —
1427 1304 1477 1326 Vita
1503 1304 1602 1332 Spiritus
1625 1304 1647 1325 S.
1674 1306 1823 1325 conservatur
1849 1308 1890 1330 per

1326 1344 1439 1372 gaudium
1456 1346 1478 1366 et
1495 1349 1599 1365 amorem
1616 1342 1758 1370 spiritualem
1777 1341 1822 1364 477
1835 1348 1846 1363 a
1860 1353 1890 1357 —

1327 1383 1378 1405 Vita
1396 1383 1494 1410 Spiritus
1513 1382 1534 1404 S.
1553 1381 1696 1404 consumitur
1719 1387 1760 1409 per
1777 1380 1890 1402 accidiam

1326 1425 1348 1445 01
1362 1422 1435 1450 frigus
1446 1421 1564 1449 spirituale
1576 1420 1630 1443 ibid.
1639 1432 1669 1436 —
1683 1421 1758 1448 {psum
1772 1419 1891 1447 perdimus

1327 1461 1462 1484 declinando
1480 1460 1510 1483 ad
1521 1460 1618 1482 Herodis
1630 1459 1807 1482 obdurationem
1821 1458 1860 1480 151
1878 1464 1890 1480 0

1375 1501 1489 1522 5110110011
1506 1512 1534 1515 —
1553 1502 1587 1521 est
1604 1504 1616 1520 a
1639 1499 1689 1520 luce
1715 1497 1755 1520 341
1778 1497 1793 1519 b
1810 1509 1840 1513 —
1857 1499 1891 1519 est

1327 1539 1483 1562 reverberatio
1500 1538 1557 1561 lucis
1582 1544 1594 1560 a
1620 1543 1718 1565 corpore
1736 1539 1795 1559 terso
1813 1539 1835 1558 et
1852 1542 1891 1564 po-

1327 1580 1366 1601 lito
1384 1578 1424 1600 531
1448 1578 1462 1600 b

1375 1619 1491 1640 Sromxrus
1515 1629 1546 1633 —
1572 1616 1601 1639 ad
1626 1615 1767 1638 consortium
1795 1621 1891 1637 suorum

1327 1658 1477 1685 spoliatorum
1500 1663 1546 1679 1100
1574 1655 1696 1678 revertitur
1720 1655 1763 1676 nisi
1791 1656 1892 1676 armatus

1328 1697 1373 1719 227
1391 1703 1403 1718 a

1376 1736 1470 1758 sponsu
1488 1748 1518 1750 —
1535 1734 1628 1757 attrahit
1644 1739 1729 1762 aquam
1747 1732 1791 1755 249
1810 1738 1822 1754 a

1376 1776 1457 1797 SPONSA
1475 1786 1506 1790 —
1523 1773 1586 1801 cupit
1603 1773 1669 1801 sequi
1687 1772 1803 1800 Sponsum
1822 1772 1845 1793 in
1858 1771 1893 1793 tri-

1330 1814 1373 1837 bus
1392 1813 1514 1842 unguentis
1531 1812 1652 1835 odoriferis
1664 1811 1704 1833 501
1721 1817 1742 1838 a,
1755 1810 1769 1832 b
1780 1823 1811 1827 —
1823 1811 1894 1838 Spon-

1329 1860 1369 1876 sus
1386 1853 1464 1875 laudat
1485 1858 1595 1880 sponsam
1617 1857 1629 1873 a
1655 1850 1745 1873 virtutis
1768 1849 1895 1872 manifesta-

1330 1893 1392 1915 tione
1409 1894 1429 1914 et
1447 1891 1537 1919 OI'Igine
1549 1891 1589 1913 501
1607 1896 1619 1912 a
1631 1902 1662 1906 —
1673 1889 1755 1912 Anima
1767 1891 1802 1911 est
1810 1894 1895 1916 sponsa

1330 1931 1413 1955 Christi
1434 1931 1479 1953 558
1505 1930 1521 1952 b
1546 1942 1577 1945 —
1599 1929 1653 1951 Tria
1678 1929 1727 1951 vult
1750 1929 1855 1956 Sponsus
1872 1927 1895 1949 in

1330 1971 1379 1999 ipsa
1398 1970 1484 1992 habere
1507 1968 1561 1992 ibid.
1585 1981 1617 1985 —
1642 1968 1727 1990 summi
1744 1967 1815 1995 Regis
1832 1966 1896 1995 prius

1330 2009 1426 2033 deberet
1451 2015 1475 2031 se
1504 2012 1574 2031 totam
1601 2007 1733 2035 permittere
1758 2012 1799 2034 per
1826 2007 1896 2028 frusta

1331 2049 1429 2072 discindi
1458 2054 1528 2077 (1000]
1555 2046 1641 2069 habere
1668 2046 1831 2074 cogitationem
1856 2045 1896 2066 im-

1332 2088 1443 2111 mundam
1465 2093 1543 2110 coram
1566 2087 1656 2114 Sponso
1679 2086 1723 2107 522
1742 2091 1754 2106 a
1771 2097 1801 2101 —
1819 2085 1897 2106 Exem-

1331 2128 1395 2155 plum
1414 2126 1468 2150 ibid.

1380 2166 1474 2188 Sponsus
1491 2177 1521 2181 --
1538 2164 1577 2193 qui
1596 2164 1694 2186 multum
1720 2165 1754 2185 est
1779 2162 1897 2189 zelotypus

1333 2205 1362 2227 de
1389 2205 1467 2232 pulcra
1493 2209 1576 2229 uxore,
1600 2209 1644 2225 non
1670 2204 1745 2230 potest
1770 2202 1896 2229 sustinere,

1333 2243 1397 2272 quod
1415 2243 1463 2271 ipsa
1481 2243 1551 2264 alium
1563 2241 1671 2269 respiciat
1682 2247 1725 2262 1100
1736 2240 1800 2268 (10οᾱ
1813 2239 1842 2261 01)
1854 2239 1897 2261 0110

1333 2282 1469 2310 respiciatur
1486 2282 1530 2303 520
1549 2280 1563 2302 b
1580 2292 1611 2296 —-
1628 2280 1731 2302 Christus
1747 2282 1781 2301 est
1798 2285 1898 2306 sponsus

1334 2321 1423 2343 habens
1444 2320 1621 2349 quadruplicem
1642 2324 1752 2346 sponsam
1771 2317 1816 2339 495
1833 2317 1848 2339 b
1869 2329 1898 2332 —

1334 2360 1438 2383 Christus
1455 2359 1537 2381 dicitur
1548 2364 1648 2386 sponsus
1664 2357 1767 2385 animae,
1785 2356 1898 2379 Ecclesiae

1334 2402 1356 2421 et
1373 2401 1468 2421 naturae
1485 2400 1601 2420 assumtae
1622 2397 1663 2419 125
1681 2396 1696 2418 1)

1382 2439 1455 2460 spuunt
1473 2449 1503 2453 —
1521 2436 1591 2459 maris
1607 2436 1705 2458 multum
1732 2434 1839 2462 erigitur⁷
1857 2434 1898 2456 sed

1338 2483 1390 2499 mox
1407 2476 1523 2499 evanescit
1540 2475 1584 2498 546
1603 2481 1615 2496 a

1383 2517 1470 2538 510101]
1498 2528 1527 2530 -
1556 2513 1744 2536 Abominationes
1776 2515 1897 2540 sputorum

1336 2558 1389 2578 sunt
1405 2555 1471 2583 signa
1489 2557 1604 2576 extremae
1621 2552 1756 2575 deiectionis
1773 2552 1818 2573 203
1837 2551 1851 2573 b
1870 2563 1898 2566 —

1336 2595 1443 2622 designat
1460 2593 1562 2616 divinam
1580 2592 1716 2620 sapientiam
1735 2591 1779 2613 397
1797 2590 1812 2612 b

1383 2635 1533 2656 Sunumnius
1565 2644 1594 2647 ψ-
1627 2631 1734 2658 designat
1772 2629 1898 2657 praelatum

1337 2673 1377 2695 401
1400 2672 1414 2694 b

1384 2713 1468 2734 STATth
1478 2723 1510 2727 —
1522 2711 1611 2739 Quanto
1624 2712 1695 2732 status
1708 2711 1743 2730 est
1754 2708 1826 2734 altior,
1839 2710 1900 2729 tanto

1337 2757 1404 2774 casus
1421 2753 1455 2773 est
1472 2750 1566 2778 gravior
1584 2749 1628 2771 -217
1647 2748 1661 2770 b
1678 2760 1708 2764 —
1726 2750 1770 2769 tres
1788 2746 1900 2769 Ecclesiae

1337 2791 1487 2818 designantur
1504 2795 1546 2817 per
1564 2789 1668 2814 Petrum,
1686 2786 1794 2808 iacobum
1807 2786 1901 2808 011001]-

1337 2836 1390 2852 nem
1417 2829 1460 2851 2¹6
1479 2835 1500 2850 a.
1518 2829 1563 2850 219
1581 2834 1593 2849 a
1618 2839 1648 2843 —
1672 2826 1845 2853 distinguuntur
1870 2825 1900 2847 di-

1337 2869 1407 2896 versi,
1420 2868 1461 2897 qui
1477 2873 1558 2890 omnes
1570 2867 1681 2889 docentur
1692 2872 1704 2887 a
1719 2866 1808 2888 Christo
1821 2865 1865 2887 402
1878 2865 1901 2887 1).

1340 2909 1382 2930 403
1401 2914 1422 2934 a,
1440 2907 1454 2930 b

1386 2949 1468 2969 STELLA
1488 2959 1516 2962 —
1534 2946 1621 2968 Novem
1634 2947 1687 2967 sunt
1699 2944 1841 2967 differentiae
1852 2945 1902 2966 stel-

1339 2988 1412 3009 larum
1434 2986 1475 3008 149
1494 2986 1508 3008 b
1526 2999 1556 3001 —
1574 2986 1622 3008 Non
1640 2988 1674 3007 est
1691 2985 1720 3007 ita
1738 2990 1809 3012 parva
1827 2984 1901 3011 stella,

1779 3032 1807 3052 02
