2269 3448
742 209 783 236 DE
807 209 881 237 Vt't'a
904 208 1069 237 SERAPnlCt
1092 208 1265 237 DOCTORts.
1844 215 1878 242 35:2¹

124 296 221 318 recens
242 291 269 316 et
291 288 464 322 rubicunda,
480 288 558 324 quasi
581 287 602 316 si
626 287 720 316 eadem
736 287 805 315 hora
821 290 898 323 pater
913 294 974 315 san-

124 336 263 365 ctissimus
293 335 463 364 decessisset.
496 335 584 371 Quam
617 335 734 363 devotus
763 334 921 367 Generalis,
948 333 973 361 in

124 383 251 412 manibus
273 385 434 411 reverenter
455 382 606 418 accipiens,
630 381 761 417 irrigatus
783 380 921 417 prolluvio
937 380 975 408 la-

123 437 298 467 crymarum,
320 437 413 457 coram
435 429 565 457 omnibus
587 427 776 456 huiuscemodi
800 427 893 456 verbis
914 435 973 455 eam

122 477 198 506 all‘ari
221 477 327 513 coepit:
350 476 372 505 O
394 476 488 512 lingua
504 475 659 509 benedicta,
675 483 746 511 quae
768 482 877 510 semper
894 474 975 502 bene-

122 524 216 553 dixisti
234 523 380 552 Dominum
396 527 423 551 et
437 523 506 551 alios
521 522 683 551 benedicere
705 522 806 555 fecisti,
823 529 896 549 nunc
919 529 975 549 ma—

123 571 219 600 nil'este
240 573 368 607 apparet,
384 570 495 607 quantis
516 569 629 598 exsistis
651 569 757 597 meritis
778 568 851 605 apud
873 568 972 596 Deum!

124 619 154 647 Et
176 618 291 654 infigens
312 618 334 646 ei
358 617 453 646 oscula
467 616 627 645 dulcissima
642 619 669 644 et
683 616 790 649 devota,
809 615 898 649 iussit,
913 623 973 643 eam

122 673 248 694 seorsum
279 664 429 693 honorifice
454 664 624 692 collocari».
648 664 758 692 Factum
790 662 975 690 translationis

123 712 247 741 referunt
266 719 378 748 quoque
393 710 547 739 Salimbene
560 711 569 727 ¹
585 713 613 738 et
627 718 732 747 suppar
748 709 975 737 Bartholomaeus

123 759 258 787 risanus2
280 761 307 786 et
328 765 423 786 omnes
445 757 620 794 posteriores.

202 806 272 834 Num
296 805 357 834 inde
380 805 572 833 Bonaventura
587 804 678 833 statim
696 804 769 832 Pisas
783 804 818 832 sit
834 803 975 840 profectus

122 853 154 883 ad
177 853 341 882 celebranda
363 853 490 886 Comitia,
512 860 546 880 an
568 855 648 881 antea
670 852 825 880 Ravennam
855 851 975 879 diverte-

122 901 173 935 rit,
196 901 332 929 incertum
355 903 404 928 est.
427 899 538 928 Constat
560 902 683 933 tantum,
705 906 769 927 eum
795 898 837 927 his
869 902 975 935 tempo-

122 948 209 982 ribus,
231 956 303 976 anno
326 951 415 975 tamen
439 947 554 981 incerto,
574 947 717 975 Ravennae
738 946 823 974 fuisse
846 953 975 982 praesen-

122 998 190 1029 tem,
212 1002 275 1023 cum
299 995 457 1031 Philippus,
480 995 564 1023 huius
586 994 665 1023 urbis
687 993 925 1030 archiepiscopus,
941 993 973 1021 ad

123 1050 219 1079 preces
232 1042 440 1070 Bonaventurae
456 1042 671 1078 recognitionem
688 1041 790 1069 inventi
808 1044 934 1069 recenter
947 1040 973 1068 in

122 1089 239 1126 quodam
254 1089 417 1118 Monasterio
430 1088 627 1117 Ravennatensi
644 1088 770 1125 corporis
785 1089 810 1116 S.
825 1087 919 1116 Elisaei
937 1087 974 1115 fa-

121 1140 212 1170 ceret3
227 1145 283 1173 qna
297 1136 440 1165 occasione
455 1136 542 1165 eidem
559 1144 609 1172 pro
625 1136 750 1172 reliquiis
763 1135 873 1163 dentem
891 1135 975 1163 huius

122 1183 210 1212 Sancti
234 1183 376 1212 concessit.
393 1183 514 1211 Habetur
530 1183 581 1211 hoc
596 1191 632 1211 ex
647 1190 748 1211 coaevo
763 1185 877 1210 auctore
892 1182 975 1210 Chro-

122 1231 248 1259 nicornm
272 1230 456 1258 Romanorum
481 1229 643 1258 Pontificum
666 1233 694 1258 et
716 1229 948 1265 lniperatoruiu³.

204 1277 246 1305 lli.
260 1278 345 1305 'Auno
367 1277 451 1313 igitur
467 1276 561 1305 eodem
581 1276 664 1310 1263,
681 1277 763 1313 paulo
783 1281 843 1313 post
858 1276 974 1304 transla—

122 1325 223 1353 tionem
239 1324 342 1353 ossium
359 1324 384 1352 S.
400 1324 507 1352 Antonii
531 1324 649 1352 l'atavini
666 1324 814 1352 celebravit
835 1324 974 1352 1301131011-

121 1375 185 1401 tura
214 1372 280 1400 Pisis
307 1371 465 1408 Capitulum
494 1372 622 1408 generale
648 1372 674 1399 in
704 1371 772 1400 festo
803 1372 974 1399 Pentecostes

122 1419 159 1447 ⁰20
182 1418 259 1451 Maii,
281 1426 334 1446 non
364 1426 431 1446 vero
454 1418 578 1451 Parisiis,
602 1421 633 1446 ut
661 1418 743 1446 habet
765 1422 862 1446 auctor
888 1418 974 1445 Chro-

123 1466 248 1502 nologiae
270 1465 374 1502 Legalis
389 1466 409 1493 4.
434 1465 460 1493 ln
484 1465 527 1494 his
541 1465 664 1494 Comitiis
687 1465 761 1494 varia
778 1468 843 1493 sunt
863 1465 975 1493 decreta

123 1513 222 1541 summi
247 1512 387 1540 momenti.
411 1512 448 1540 lta
470 1511 544 1540 Ordo
566 1512 672 1549 integer
699 1520 796 1540 novam
821 1512 974 1540 Provincia-

123 1568 185 1588 rum
209 1559 397 1587 limitationem
422 1567 630 1596 numerumque
651 1559 772 1595 accepit,
795 1562 912 1587 testante
935 1558 974 1586 Ρ1-

123 1614 189 1635 sano
204 1607 230 1634 ⁵:
260 1618 273 1631 «
290 1607 315 1634 111
339 1606 465 1643 Capitulo
487 1606 554 1635 Pisis
577 1606 785 1635 Provinclarum
808 1605 928 1639 Ordinis,
944 1609 975 1634 ut

124 1654 204 1682 modo
225 1657 306 1687 sunt,
330 1653 400 1682 l'acta
414 1657 455 1681 est
469 1653 608 1682 distinctio
624 1666 650 1681 n.
675 1653 819 1682 Praeterea
840 1653 975 1689 quaedam

123 1701 196 1729 circa
219 1701 303 1729 ritum
327 1703 429 1729 statuta
458 1703 539 1734 sunt,
568 1708 639 1737 quae
665 1700 801 1729 Chronica
824 1700 903 1728 XXlV
925 1700 976 1729 Ge-

122 1748 259 1777 neralium
275 1748 285 1764 ⁶
309 1748 346 1776 ita.
367 1748 547 1784 exprimunt:
577 1760 588 1772 α
604 1748 703 1776 Eodem
727 1756 792 1776 vero
811 1756 883 1776 anno
901 1747 974 1776 1263

122 1795 175 1823 fuit
207 1795 273 1823 Pisis
300 1795 428 1831 generale
457 1795 614 1832 Capitulum
648 1795 834 1829 celebratum,
865 1795 891 1823 in
920 1803 976 1832 quo

123 1842 232 1879 aliquae
254 1842 382 1871 rubricae
406 1842 546 1871 Breviario
568 1845 634 1871 sunt
654 1842 770 1871 additae.
788 1843 818 1871 Et
840 1845 975 1871 statutum

124 1889 185 1923 fuit,
207 1889 281 1926 quod
304 1889 417 1918 rubrIca
439 1890 500 1924 illa,
522 1898 594 1927 quae
624 1890 706 1924 dicit,
728 1890 802 1927 quod
824 1898 915 1927 usque
942 1889 975 1918 ad

123 1936 254 1965 Octavam
276 1937 430 1965 Nativitatis
452 1937 558 1965 Domini
581 1937 609 1966 in
630 1937 685 1966 fine
706 1938 874 1974 hymnorum
903 1937 976 1965 dica-

124 1987 187 2012 tur:
213 1983 317 2012 Gloria
344 1984 406 2018 libi,
430 1984 567 2018 Domine,
596 1984 648 2022 qui
675 1988 766 2012 vatus
792 1992 821 2012 es
853 1984 886 2012 (te
916 1983 976 2012 Vir-

121 2031 189 2068 gine
210 2034 272 2065 ete.,
294 2039 383 2068 usque
404 2031 439 2059 ad
462 2031 640 2068 Epiphaniam
666 2031 771 2059 Domini
791 2030 975 2064 extendatur;

125 2081 152 2106 et
173 2078 247 2115 quod
269 2078 378 2107 Fratres
399 2078 427 2106 in
449 2078 625 2107 sermonibus
646 2078 781 2115 populum
797 2078 976 2111 inducerent,

127 2128 158 2153 ut
173 2125 199 2153 in
216 2125 415 2162 Completorio,
435 2125 562 2162 pulsante
577 2133 725 2162 campana,
740 2125 847 2153 beatam
864 2125 975 2153 Mariam

124 2172 265 2209 aliquibus
287 2172 394 2201 vicibus
422 2173 576 2201 salutarent
591 2173 611 2206 ⁷,
633 2172 699 2209 quia
726 2172 884 2209 aliquorum
907 2172 977 2200 sole—

124 2218 229 2247 mnium
252 2222 293 2247 est
314 2219 421 2255 opinio,
444 2219 517 2256 quod
540 2219 586 2260 illa
607 2219 677 2247 hora
705 2219 764 2256 ipsa
784 2219 836 2247 l'uit
857 2226 907 2255 per
929 2221 977 2247 An-

124 2267 215 2303 gelum
239 2267 356 2295 salutata
370 2279 397 2295 ».
414 2267 571 2295 Secundum
596 2267 779 2303 Waddingum
797 2267 807 2282 ⁸
830 2266 977 2303 praedictis

125 2314 245 2342 rubricis
266 2314 392 2342 additur:
420 2325 432 2338 a
449 2314 482 2343 Ut
504 2322 590 2343 novae
616 2314 667 2342 hae
692 2314 855 2342 festivitates
879 2313 976 2341 admit-

125 2364 252 2389 terentur
274 2361 301 2389 iu
320 2361 431 2395 Ordine,
451 2361 577 2390 videlicet
594 2361 792 2398 Coneepu'onts
809 2361 840 2388 B.
856 2361 891 2388 M.
916 2361 942 2388 V.
956 2360 976 2395 ⁹,

189 2478 196 2491 ¹
216 2480 235 2501 ls
252 2485 278 2501 ea
296 2482 384 2502 tantum
402 2479 504 2502 breviter
520 2485 575 2507 pag.
590 2480 635 2501 228
648 2479 729 2502 habet:
751 2488 761 2500 ‹1
773 2480 798 2502 ln
814 2486 860 2508 qua
879 2479 975 2508 (l‘adua)

125 2522 174 2542 erat
191 2519 325 2548 (Ghibertus
342 2520 372 2542 de
388 2519 478 2548 Gente),
495 2520 590 2548 quando
607 2520 648 2542 suit
665 2520 800 2542 translatum
819 2525 903 2547 eorpus
917 2519 977 2541 beati

125 2559 214 2581 Antonii
233 2559 261 2581 ad
279 2565 365 2581 novam
383 2559 515 2587 ecelesiam,
534 2559 574 2581 ubi
590 2559 659 2581 etiam
673 2559 715 2581 suit
726 2560 804 2582 Frater
817 2560 977 2581 Bonaventura

126 2598 239 2625 generalis
256 2598 357 2620 Minister
369 2607 390 2620 n.

190 2636 198 2649 ²
217 2637 311 2659 Pisanus
328 2638 350 2659 in
367 2637 419 2660 cod.
437 2637 475 2659 cit.
491 2637 530 2659 lib.
548 2639 563 2660 l.
582 2639 647 2660 fruct.
665 2641 687 2660 et
703 2639 816 2660 conform.
838 2638 860 2660 8.
881 2643 934 2666 pars
954 2638 977 2660 ll.

126 2676 172 2697 vol.
190 2676 204 2698 l.
222 2675 291 2698 habet
307 2682 404 2698 erronee
422 2676 451 2698 25
469 2679 557 2698 tantum
574 2682 655 2698 annos.

190 2713 198 2726 ³
216 2714 260 2737 Cl‘r.
278 2715 377 2741 Bonelli,
395 2714 544 2742 Prodromus,
561 2716 605 2737 col.
623 2715 652 2737 33
670 2721 718 2744 seq.
736 2718 759 2737 et
776 2714 832 2737 ibid.
850 2718 895 2737 not.
914 2716 936 2737 -2,

189 2754 199 2766 ⁴²
218 2755 271 2782 l‘ag.
289 2755 327 2777 27.

191 2792 199 2804 ⁵
217 2792 273 2815 Cod.
291 2793 329 2815 cit.
346 2792 397 2815 llbr.
416 2794 430 2816 l.
449 2795 536 2816 fructus
553 2797 575 2816 et
591 2795 705 2817 conform.
723 2795 744 2817 8.
760 2800 813 2822 pars
831 2795 852 2816 2.

191 2831 200 2844 ⁶
216 2833 324 2855 Analecta
341 2833 463 2860 Francisc„
481 2836 536 2856 tom.
555 2834 587 2856 ΙΙΙ.
604 2840 658 2862 pag.
676 2834 729 2856 3-29.

191 2870 199 2883 '¹
219 2872 265 2895 [loe
283 2872 353 2894 modo
371 2872 463 2894 videtur
480 2872 610 2895 introducta
633 2882 642 2893 α
656 2873 761 2896 salutatio
781 2872 884 2900 angelica
898 2881 909 2892 κ
929 2873 978 2895 sive

132 2919 142 2930 tt
155 2911 256 2938 Angelus
275 2911 365 2933 Domini
378 2920 400 2933 υ.
490 2935 492 2937 ,

192 2949 200 2962 ⁸
218 2950 253 2973 Ad
270 2956 307 2972 an.
328 2951 385 2972 1263
403 2957 426 2973 n.
448 2951 481 2973 16.

192 2988 201 3001 ⁹
219 2990 249 3012 Ex
268 2990 336 3012 huius
354 2990 402 3012 testi
420 2990 562 3013 institutione
579 2991 665 3013 Bonelli
682 2991 811 3019 (Prodrom.
823 2992 866 3014 col.
878 2991 907 3013 34
920 2990 978 3020 seq.)

128 3029 212 3057 aliique
229 3030 380 3057 collegerunt,
393 3030 414 3051 S.
427 3030 615 3053 Bonaventuram
632 3034 768 3054 retractasse
780 3034 858 3059 postea
871 3037 936 3053 suam
951 3031 979 3053 tle

1033 287 1201 315 Visitationis
1215 287 1347 321 eiusdem,
1364 288 1390 315 B.
1403 290 1503 323 Annae,
1519 290 1591 317 illins
1606 290 1754 326 genitricis,
1770 295 1796 319 et
1812 292 1881 320 Mar—

1033 334 1095 362 thae
1116 334 1234 370 Virginis
1251 345 1276 362 n.
1296 335 1416 363 Tandem
1438 336 1605 372 Legendam,
1628 345 1699 373 quae
1722 338 1746 365 in
1771 347 1880 374 praece·

1032 380 1106 408 denti
1118 380 1244 416 Capitulo
1256 380 1423 409 Narbonensi
1438 382 1644 411 bonaventurae
1660 384 1805 411 commissa
1821 385 1879 417 l'uit,

1033 427 1058 455 in
1082 427 1134 455 isto
1151 427 1276 463 Capitulo
1299 428 1356 464 ipse
1378 429 1478 457 obtulit
1492 434 1575 466 atque
1592 431 1684 458 l’atres
1698 431 1809 459 Ordinis
1826 435 1878 459 tam

1033 474 1164 502 maiorem
1186 483 1269 511 quam
1294 475 1428 504 minorem
1453 477 1602 513 Legendani
1619 478 1643 505 S.
1661 477 1794 505 Francisci
1817 487 1832 506 a
1854 481 1879 507 S.

1033 520 1225 549 Bonaveutura
1247 522 1429 558 conscriptam
1451 524 1692 559 approbaverunt,
1714 525 1881 561 mippressz's

1032 567 1101 595 aliis
1122 568 1284 606 quibusque
1306 569 1444 606 Leyemlis
1460 571 1478 597 ¹.

1112 615 1182 643 ldem
1205 615 1362 652 Capitulum
1385 616 1538 651 ordinavit,
1561 621 1591 645 ut
1610 626 1677 646 cura
1698 618 1880 647 Clarissarum

1032 662 1057 690 S.
1081 662 1203 690 Damiani
1227 663 1261 691 ab
1289 663 1391 692 Ordine
1421 664 1530 700 penitus
1557 665 1752 693 dimitteretur.
1782 666 1881 694 Narra-

1032 708 1132 737 tiouem
1170 709 1253 738 liuius
1283 710 1464 739 ordinationis
1494 715 1591 739 exacte
1624 712 1750 748 producit
1785 716 1881 740 auctor

1032 755 1233 784 Chronicorum
1252 757 1332 785 XXIV
1347 758 1521 787 Generaliuni
1536 759 1561 786 ²:
1582 770 1594 783 «
1612 759 1733 787 l’raesato
1750 767 1813 788 vero
1830 760 1881 788 Do-

1031 802 1106 830 mino
1128 803 1234 837 loanne,
1254 804 1287 832 ad
1310 805 1506 841 protectionem
1523 806 1634 834 Ordinis
1654 806 1795 842 deputato,
1811 807 1881 835 acci-

1031 848 1083 883 dit,
1099 850 1172 886 quod
1189 850 1297 879 Fratres
1318 859 1353 879 ex
1376 852 1459 880 certis
1482 853 1683 881 temeritatibus
1702 854 1881 882 Dominarum

1032 896 1121 925 Sancti
1155 897 1295 931 Damiani,
1317 898 1420 935 quihus
1451 899 1501 927 sihi
1532 900 1574 927 ius
1605 900 1821 929 ministeriorum
1846 902 1881 930 ab

1032 942 1134 971 Ordine
1157 944 1344 978 vindicabant,
1366 946 1509 974 Fratribus
1532 947 1696 983 petentibus,
1712 951 1738 976 et
1760 948 1879 984 generali

1032 990 1157 1027 Capitulo
1180 991 1301 1027 praefato
1322 992 1479 1027 ordinante,
1494 997 1521 1021 et
1542 993 1671 1022 cardinali
1694 995 1752 1031 ipso
1774 995 1881 1031 praedi-

1032 1040 1075 1065 cto
1096 1038 1256 1072 assistente,
1279 1039 1388 1067 Fratres
1410 1039 1459 1076 ipsi
1482 1040 1539 1068 sive
1560 1040 1635 1068 Ordo
1653 1041 1687 1069 al)
1715 1049 1811 1069 carum
1833 1042 1881 1070 ob-

1032 1084 1136 1121 sequiis
1157 1085 1272 1114 suerunt
1293 1086 1410 1114 absoluti
1434 1095 1483 1123 per
1504 1087 1647 1116 dominum
1676 1089 1772 1125 l’apam
1797 1089 1881 1117 Urba—

1032 1140 1115 1166 num,
1130 1133 1235 1161 adiecta
1249 1133 1450 1168 declaratione,
1466 1135 1539 1171 quod
1555 1135 1629 1163 Ordo
1646 1136 1721 1164 nullo
1736 1137 1775 1164 eis
1789 1137 1881 1165 debito

1032 1180 1187 1208 tenebatur.
1209 1181 1282 1209 Unde
1299 1181 1355 1217 ipse
1378 1181 1448 1209 idem
1466 1182 1534 1218 l’apa
1555 1183 1639 1210 alium
1662 1183 1701 1211 eis
1716 1184 1880 1212 cardinalem

1032 1226 1058 1253 in
1081 1226 1267 1255 l’rotectorem
1291 1228 1436 1264 praefecit,
1465 1228 1568 1257 scilicet
1596 1229 1737 1258 dominum
1767 1231 1881 1267 Stepha>

1032 1281 1115 1307 num,
1138 1274 1297 1311 episcopum
1322 1275 1538 1304 Praenestinum.
1555 1276 1604 1305 Sed
1627 1277 1692 1313 qnia
1715 1278 1758 1305 hic
1776 1278 1882 1306 volebat

1031 1322 1109 1358 quasi
1139 1329 1174 1350 ex
1196 1323 1361 1351 auctoritate
1382 1323 1491 1351 Fratres
1512 1323 1545 1351 ad
1568 1325 1691 1360 ipsarum
1725 1325 1880 1354 Monialium

1031 1369 1165 1406 obsequia
1186 1377 1334 1404 revocare,
1356 1370 1458 1399 sactum
1490 1375 1546 1405 est,
1578 1372 1652 1408 quod
1681 1373 1727 1400 uni
1759 1376 1881 1407 tantum,

1032 1416 1135 1444 scilicet
1158 1416 1274 1444 Domino
1297 1417 1386 1445 loanni
1420 1418 1558 1454 praefato,
1588 1422 1707 1456 uterque
1729 1419 1780 1447 suit
1808 1419 1881 1448 Ordo

1032 1464 1204 1492 commissus.
1228 1464 1278 1500 Qui
1302 1464 1341 1492 eis
1361 1465 1499 1493 ordinavit
1528 1466 1674 1502 Regulam,
1696 1474 1779 1503 quam
1808 1475 1881 1495 nunc

1033 1510 1149 1545 habent,
1173 1511 1198 1539 in
1221 1519 1276 1548 qua
1297 1512 1374 1540 nulla
1395 1512 1426 1540 lit
1448 1513 1549 1541 mentio
1563 1513 1596 1541 de
1611 1513 1754 1542 Fratribus
1772 1514 1881 1542 Minori-

1032 1557 1100 1591 bus,
1130 1557 1177 1586 sed
1198 1558 1355 1587 immediate
1376 1559 1564 1587 subiiciuntur
1585 1560 1696 1588 Ordinis
1723 1560 1880 1589 l’rotectori.

1033 1605 1120 1641 Quam
1143 1605 1182 1633 eis
1205 1606 1279 1634 misit
1304 1606 1357 1634 sub
1385 1606 1462 1635 Bulla
1493 1607 1556 1635 dicti
1585 1607 1688 1636 domini
1719 1608 1804 1645 Papae
1832 1608 1882 1637 Ur—

1034 1652 1095 1680 bani
1119 1661 1190 1681 anno
1212 1653 1319 1681 Domini
1345 1653 1418 1682 1263
1442 1654 1495 1682 XV.
1512 1654 1568 1682 Kal.
1591 1655 1763 1689 Novembris,
1785 1656 1810 1684 111
1827 1664 1882 1692 qua.

1035 1700 1136 1736 Regula
1165 1700 1343 1729 intitulantur
1373 1701 1493 1730 Sorores
1523 1702 1647 1730 Sanctae
1680 1702 1800 1737 Clarae,
1830 1703 1882 1731 suh

1033 1755 1087 1783 qua
1111 1747 1207 1775 vivunt
1229 1747 1286 1776 fere
1301 1748 1393 1776 omnia
1415 1749 1580 1777 monasteria
1602 1749 1775 1778 Alamanniae
1790 1754 1817 1778 et
1833 1751 1882 1778 lta-

1033 1794 1084 1823 liae
1106 1795 1313 1823 Provinciarum
1329 1807 1356 1823 ».

1115 1842 1158 1869 15.
1176 1842 1198 1870 13
1213 1842 1369 1876 cardinalis,
1383 1842 1496 1871 loannes
1510 1843 1657 1872 Gaietanus
1669 1844 1759 1872 Orsini
1775 1852 1882 1881 nempe,

1034 1888 1068 1917 de
1089 1897 1145 1925 quo
1166 1889 1258 1917 adhuc
1280 1897 1383 1926 puero,
1400 1890 1565 1919 testantibus
1579 1890 1722 1920 Chronicis
1737 1891 1817 1919 XXlV
1832 1892 1883 1920 Ge-

1034 1936 1171 1964 neralium
1187 1936 1207 1970 3,
1229 1936 1254 1964 S.
1277 1936 1439 1965 Franciscus
1461 1937 1608 1974 praedixit,
1623 1946 1686 1966 eum
1701 1938 1765 1976 fore
1786 1938 1883 1976 defen-

1033 1991 1127 2011 sorem
1149 1983 1199 2011 sui
1223 1983 1344 2012 Ordinis
1360 1987 1385 2013 et
1406 1984 1557 2013 domiuum
1581 1984 1670 2013 lausus
1690 1986 1812 2020 nutanti,
1832 1986 1884 2014 fuit

1034 2126 1180 2148 immaculata
1192 2126 1343 2154 conceptione
1355 2127 1380 2149 B.
1389 2127 1472 2149 Mariae
1484 2133 1604 2149 erroneam
1616 2127 1758 2155 opinionem.
1770 2128 1815 2150 Sed
1828 2129 1884 2150 haec

1034 2166 1148 2188 conclusio
1166 2172 1193 2188 ex
1210 2166 1379 2188 introductione
1397 2166 1465 2188 huius
1482 2167 1531 2189 sesti
1548 2173 1595 2189 non
1618 2167 1684 2189 valet.
1705 2167 1750 2189 Csr.
1773 2170 1828 2189 tom.
1852 2168 1884 2189 lll.

1034 2212 1088 2233 pag.
1101 2206 1129 2227 69
1142 2212 1190 2234 seq.
1210 2207 1306 2233 Insuper
1322 2206 1345 2228 in
1355 2205 1464 2228 omnibus
1476 2206 1506 2228 de
1523 2207 1565 2228 hac
1577 2212 1602 2228 re
1618 2206 1766 2228 sermonibus
1779 2210 1832 2228 tom.
1847 2207 1884 2229 lX.

1034 2245 1056 2267 S.
1068 2245 1153 2267 Doetor
1170 2244 1214 2267 sibi
1231 2246 1291 2267 eirca
1304 2246 1363 2267 haue
1380 2245 1509 2267 doctrinam
1527 2251 1620 2273 semper
1631 2248 1727 2272 constat,
1744 2249 1765 2268 et
1777 2246 1884 2273 discipuli

1034 2284 1083 2306 eius
1095 2284 1221 2306 Matthaeus
1233 2283 1262 2306 ab
1274 2285 1427 2312 Aquasparta,
1439 2290 1559 2307 successor
1577 2285 1753 2307 bonaventurae
1771 2285 1884 2312 posterior

1034 2323 1056 2345 in
1070 2323 1196 2345 ministerio
1207 2324 1364 2349 GeiieralatiiS‚
1377 2324 1398 2345 in
1410 2330 1451 2345 sua
1464 2324 1599 2352 quaestione
1616 2324 1707 2351 inedita,
1720 2327 1742 2346 et
1753 2324 1802 2351 ipse
1814 2324 1884 2346 Uber-

1034 2362 1094 2384 tinus
1117 2368 1129 2383 a
1152 2362 1238 2389 Casali,
1256 2362 1439 2385 ferventissimus
1462 2362 1544 2384 Beatae
1562 2363 1663 2390 Virginis
1684 2363 1765 2389 cultor,
1784 2363 1806 2384 in
1824 2363 1882 2385 libro

1033 2400 1112 2424 Arbor
1124 2400 1186 2424 vilae
1199 2401 1331 2431 crucifioeae
1348 2404 1427 2424 contra
1445 2401 1530 2429 dogma
1550 2402 1709 2424 immaculatae
1727 2402 1884 2430 conceptionis

1034 2440 1113 2463 verbis
1130 2441 1199 2463 nimis
1215 2441 1308 2463 acribus
1325 2441 1460 2469 loquuntur.
1477 2441 1619 2469 Corrigenda
1632 2444 1666 2463 est
1677 2442 1745 2463 etiam
1761 2442 1781 2463 in
1796 2442 1883 2469 Proleg.

1034 2480 1063 2503 ad
1082 2484 1138 2503 tom.
1155 2481 1170 2503 l.
1187 2486 1241 2509 pag.
1258 2481 1333 2508 LXlll,
1350 2481 1427 2503 notula
1444 2481 1466 2502 3.

1098 2519 1106 2532 ²
1128 2528 1137 2539 a
1151 2520 1278 2548 Utramque
1296 2520 1413 2542 historiam
1436 2520 1469 2547 (S.
1492 2519 1616 2547 Francisci)
1639 2519 1767 2547 longiorem
1791 2522 1813 2541 et
1834 2519 1884 2542 bre-

1035 2560 1124 2582 viorem
1142 2558 1225 2582 obtulit
1242 2558 1343 2582 triennio
1357 2560 1413 2588 post
1429 2559 1451 2580 in
1469 2558 1573 2581 Comitiis
1591 2559 1678 2580 Pisanis
1696 2558 1800 2580 Patribus
1820 2559 1884 2581 Ordi-

1035 2599 1082 2626 nis,
1100 2605 1158 2628 quas
1175 2602 1309 2621 reverenter
1330 2605 1384 2621 eum
1408 2598 1533 2626 gratiarum
1551 2599 1651 2624 actione,
1674 2598 1808 2627 suppressis
1828 2598 1882 2621 ullis

1035 2637 1167 2668 quibusque
1192 2637 1317 2667 Leyerzclz's,
1344 2638 1520 2660 admiserunt».
1544 2637 1678 2665 Wadding„
1695 2637 1724 2659 ad
1747 2643 1798 2659 ann.
1823 2637 1882 2659 '1260

1035 2684 1057 2700 n.
1077 2678 1109 2700 18.
1121 2678 1154 2699 De
1167 2678 1207 2699 ista
1226 2678 1333 2705 Legenda
1346 2680 1368 2699 et
1378 2677 1547 2705 approbatione
1560 2676 1657 2704 Capituli
1669 2677 1712 2698 erit
1723 2677 1798 2698 adhuc
1812 2677 1883 2699 fusior

1035 2723 1112 2739 sermo
1130 2717 1228 2739 triennio
1245 2720 1297 2744 post
1313 2717 1335 2739 in
1353 2716 1455 2739 Comitiis
1474 2716 1564 2738 Parisiis
1580 2715 1672 2738 habitis.

1098 2755 1107 2768 ‘⁶'
1123 2756 1230 2778 Analecta
1247 2756 1369 2782 FrancisQ
1387 2759 1442 2778 tom.
1461 2756 1495 2778 111.
1514 2762 1567 2783 pag.
1585 2756 1629 2777 329
1647 2761 1696 2783 seq.
1710 2757 1732 2777 et
1750 2755 1883 2783 Wfflding„

1035 2795 1064 2817 ad
1081 2801 1120 2817 an.
1138 2796 1198 2817 *1263
1216 2801 1238 2817 n.
1257 2795 1294 2818 116.
1313 2801 1362 2823 seq.
1379 2795 1409 2817 de
1426 2796 1542 2823 Stephano
1560 2795 1677 2822 Hungaro.

1098 2833 1107 2846 ⁸
1126 2834 1182 2857 lbicl.
1206 2842 1215 2854 ι
1229 2834 1260 2856 De
1276 2840 1323 2863 quo
1341 2834 1436 2856 domiuo
1455 2835 1584 2856 Protectore
1601 2835 1679 2860 fertur,
1696 2834 1747 2861 ipso
1767 2833 1884 2855 familiari-

1036 2877 1069 2896 ter
1086 2874 1212 2902 rel'erente,
1230 2877 1389 2901 compertum,
1406 2874 1470 2902 quod
1488 2880 1541 2895 cum
1559 2876 1619 2895 esset
1636 2879 1705 2901 puer,
1723 2879 1734 2894 a
1753 2875 1818 2901 patre
1840 2878 1883 2895 suo

1036 2912 1103 2935 heato
1120 2913 1241 2935 Francisco
1258 2912 1339 2935 suisset
1355 2912 1456 2939 oblatus,
1474 2912 1586 2941 praedixit
1605 2912 1666 2934 idem
1685 2912 1794 2939 Sanetus,
1819 2912 1882 2941 quod

1035 2958 1081 2973 non
1098 2951 1176 2973 Frater
1189 2951 1276 2978 habitu,
1293 2951 1333 2973 sed
1352 2951 1458 2974 defensor
1476 2953 1566 2973 futurus
1577 2954 1637 2973 esset
1654 2951 1687 2973 sui
1701 2951 1793 2974 Ordinis
1808 2952 1883 2974 01110-

1036 2991 1112 3013 minus
1130 2991 1199 3013 huius
1210 2990 1298 3012 mundi.
1317 2991 1342 3012 Et
1359 2994 1411 3018 post
1428 2991 1525 3018 parvulo
1543 2991 1658 3019 humiliter
1675 2993 1783 3019 tanquam
1796 2991 1883 3013 ratione

1037 3030 1108 3052 utenti
1126 3030 1324 3052 recommendavit
1350 3036 1394 3052 nou
1417 3031 1466 3053 sine
1487 3030 1559 3059 patris
1576 3030 1626 3052 eius
1648 3030 1800 3052 admiratione
1816 3036 1883 3052 suam
