2269 3448
646 229 698 252 SOL

442 268 583 291 SOLLlClTuno
600 280 631 285 —-
648 268 716 296 erigit
732 268 871 291 irascibilem
891 268 934 290 410
947 274 959 290 a

394 310 548 330 —removet
568 307 730 336 negligentiam
757 307 810 330 ibid.
835 320 866 324 —
890 307 960 330 debet

393 353 444 369 esse
462 347 521 369 circa
539 347 644 369 divinum
662 347 762 374 cultum,
780 347 895 370 internum
917 350 960 369 sta-

394 389 451 412 tum,
469 386 578 408 afflictum
597 386 729 414 proximum
749 386 788 408 421
811 385 826 408 1)

441 426 512 447 Soron
528 437 559 442 —
576 425 659 448 dicitur
671 425 781 454 (1111010110
794 425 814 447 in
829 425 883 452 Deo,
900 431 959 453 quae

393 465 456 487 venit
472 471 500 486 ex
519 465 713 492 contemplatione
730 467 752 487 et
771 469 840 492 gustu
867 464 960 486 (livinae

393 503 521 526 dulcedinis
539 503 582 525 247
601 509 613 525 a

441 543 514 565 Senon
531 555 561 559 —
580 543 638 565 inter
656 544 749 565 fratrem
767 545 788 564 ct
806 548 909 564 sororem
927 545 961 564 est

395 585 471 605 castus
488 588 554 604 amor
571 585 593 604 et
610 582 722 604 munditia
741 582 785 603 212
804 581 818 603 1)

442 622 531 643 Spectas
548 634 578 638 —
595 627 640 643 non
665 624 698 643 est
717 620 802 642 veritas
827 620 859 642 rei
886 620 930 641 602
948 626 959 641 a

393 672 424 677 —
440 661 509 687 Mens,
522 666 575 682 cum
593 666 618 682 se
630 660 704 688 ipsam
718 659 828 687 intelligit,
841 659 876 681 sui
889 659 961 686 ipsius

393 699 494 728 speciem
514 699 535 721 in
553 706 578 721 se
595 699 669 727 gignit
691 699 731 721 l06
750 699 764 720 b
784 711 815 715 —
841 699 902 720 Mens
924 704 961 726 ge-

394 742 459 761 nerat
475 745 541 761 suam
559 739 660 766 speciem
679 744 724 760 non
748 744 789 766 per
811 738 883 765 spatia
907 739 961 759 tem-

394 784 477 806 porum
496 784 538 799 nec.
558 783 598 805 per
615 777 729 800 curricula
742 777 871 799 motionum
892 777 936 798 107
948 782 960 798 a

393 829 424 833 —
441 817 502 839 idem
521 820 554 839 est
571 817 668 844 species,
680 822 741 845 quae
758 816 787 838 (le
799 820 875 838 mente
889 816 961 844 gigni-

393 859 438 883 tur,
455 858 477 878 01
493 855 605 883 verbum,
624 856 687 884 quod
711 855 740 878 de
762 858 839 877 mente
860 855 961 877 nascitur

399 895 439 917 106
457 894 472 917 1)
490 908 518 910 -
538 901 583 917 non
596 899 630 917 est
642 896 692 917 loco
705 894 841 922 separabilis
859 900 870 916 a
885 896 960 916 mente

397 934 441 956 1107
459 940 472 956 a

440 974 577 996 St’ECtOSlTAS
593 986 624 990 —
641 977 676 996 est
697 973 792 1002 quidam
812 973 911 1001 partium
933 973 960 995 si<

394 1016 430 1035 tus
448 1019 500 1035 cum
519 1013 621 1041 quadam
640 1013 722 1035 coloris
746 1013 860 1035 suavitate
882 1012 926 1034 708
945 1012 961 1034 b

394 1065 424 1068 —
443 1052 484 1074 tria
502 1053 597 1075 includit
614 1052 668 1075 ibid.
686 1065 717 1069 —
734 1051 843 1075 Creatura
866 1052 901 1074 illa
928 1054 962 1074 est

395 1091 529 1119 speciosior,
546 1097 606 1120 qnae
624 1091 669 1113 Soli
686 1091 770 1113 aeterni
790 1090 883 1113 luminis
901 1091 962 1113 inve·

394 1130 455 1153 nitur
472 1131 567 1153 similior
585 1130 624 1152 691
647 1130 662 1152 1)

443 1170 581 1192 SPECTACULA
600 1182 630 1186 -
647 1172 700 1191 511111
717 1169 826 1197 fugienda
845 1169 888 1191 476
901 1175 913 1191 a
931 1181 962 1185 —

396 1208 427 1231 lbi
446 1209 550 1237 perditur
568 1209 667 1236 Spiritus
684 1210 705 1230 S.
719 1211 741 1230 et
758 1208 886 1230 innocentia
907 1207 962 1230 ibid.

443 1249 539 1270 Scissum
557 1260 586 1264 —-
604 1248 688 1270 dicitur
704 1247 833 1274 statuenda,
846 1250 870 1269 ut
884 1253 961 1275 pecca·

395 1290 456 1310 tores
474 1287 568 1309 videant
585 1294 639 1309 suas
665 1287 816 1309 conscientias
841 1287 871 1309 ad
893 1286 961 1309 conii-

395 1327 490 1349 tendum
509 1329 602 1354 peccata
619 1327 649 1348 75
668 1326 683 1348 1)

444 1366 497 1388 Spes
514 1378 544 1382 —
563 1366 670 1394 ponenda
683 1368 716 1388 est
728 1366 749 1387 in
763 1366 811 1387 solo
825 1366 870 1387 Deo
889 1365 933 1387 686
946 1364 960 1387 b

394 1417 425 1421 —
437 1405 578 1427 Miserrimus
590 1405 675 1434 estqui
687 1405 781 1427 contidit
799 1405 820 1426 in
833 1405 877 1426 alio
890 1410 960 1433 quam

395 1445 417 1466 in
441 1445 488 1466 Deo
509 1445 553 1466 603
573 1444 587 1466 b
605 1457 634 1460 —
652 1447 696 1466 tota
722 1447 799 1466 nostra
821 1443 889 1466 debet
912 1450 962 1466 esse

395 1484 418 1506 in
435 1483 525 1506 Christo
543 1490 635 1506 sursum
655 1484 753 1506 levando
777 1483 918 1505 voluntatem
941 1486 963 1505 et

396 1523 532 1545 memoriam
551 1526 573 1545 et
597 1522 754 1551 succingendo
772 1523 917 1550 operationes
941 1525 963 1545 et

394 1562 524 1585 affectiones
542 1562 586 1584 480
604 1568 616 1584 a

443 1614 473 1618 --
490 1603 613 1630 sperantes
630 1603 729 1624 offerunt
741 1603 793 1624 thus
810 1601 963 1623 confidentiae

397 1642 441 1664 ’165
460 1642 474 1664 1)
491 1654 522 1658 —
540 1642 593 1670 Spei
611 1641 714 1664 soliditas
732 1641 859 1663 necessaria
877 1643 910 1663 est
933 1640 962 1663 ad

395 1681 492 1704 salutem
512 1681 541 1703 55
558 1680 574 1703 1)
591 1694 621 1697 -ψ
639 1681 741 1703 aufertur
766 1687 807 1708 per
825 1680 962 1708 multiplices

395 1720 554 1743 tribulationes
572 1720 600 1743 24
619 1727 630 1743 a
648 1733 679 1737 -
697 1720 780 1743 dicitur
798 1720 864 1742 cibus
887 1720 931 1742 482
949 1725 962 1741 a

443 1772 473 1776 ——
491 1759 559 1782 habet
578 1764 622 1782 tres
640 1760 747 1782 utilitates
764 1760 809 1782 512
827 1759 842 1781 b
865 1772 893 1775 —
911 1765 963 1782 con-

395 1800 463 1822 fortat
480 1799 616 1822 irascibilem
635 1799 679 1821 252
697 1799 719 1821 1).
738 1799 782 1821 446
802 1799 816 1821 b
834 1812 862 1814 —
889 1799 963 1821 elevat

395 1838 535 1861 irascibilem
553 1838 597 1861 419
615 1845 627 1860 a
645 1852 675 1854 —
693 1839 754 1861 levat
765 1838 866 1861 animam
880 1839 901 1860 in
914 1844 962 1861 cae-

395 1878 443 1901 lum
461 1878 505 1900 639
524 1878 539 1900 1)
556 1890 587 1894 —-
605 1878 657 1900 facit
673 1878 827 1900 confidentem
846 1878 891 1900 512
903 1884 915 1900 a
931 1889 963 1893 —

396 1917 552 1946 consequendi
570 1917 686 1940 Christum
704 1923 750 1939 non
763 1917 879 1945 permittit,
892 1917 963 1939 homi-

397 1962 451 1979 nem
470 1956 560 1984 fatigari
578 1957 622 1978 670
641 1956 655 1978 b
672 1968 703 1973 —
715 1956 754 1978 dat
766 1956 962 1984 perseverantiam

397 1995 441 2018 424
451 2002 463 2018 a
473 2008 503 2012 —
513 1996 536 2018 Si
545 2002 599 2023 spes
608 1996 769 2023 temporalium
781 1996 897 2018 hominem
911 1996 963 2018 facit

396 2036 485 2063 fortem,
504 2035 574 2057 multo
586 2035 638 2062 plus
655 2035 697 2057 hoc
710 2035 774 2057 faciet
792 2041 845 2063 spes
862 2038 962 2057 aeterno-

396 2080 447 2096 rum
467 2074 511 2096 482

445 2114 546 2135 5001101111
564 2126 594 2129 -
612 2113 695 2141 Figura
712 2113 831 2141 sphaerica
844 2116 962 2135 attestatur

396 2152 561 2180 perfectionem
580 2153 601 2174 in
619 2152 757 2180 corporibus
775 2152 856 2175 mundi
869 2153 962 2175 maioris

396 2194 418 2214 et
436 2192 531 2213 minoris
554 2192 593 2214 109
612 2191 627 2214 b

444 2231 523 2253 Semne
538 2243 570 2247 —
586 2234 639 2253 sunt
656 2231 771 2254 deformes
789 2234 810 2253 01
828 2231 963 2259 pungitivae

396 2270 440 2292 503
459 2276 471 2292 a
489 2282 520 2286 —
537 2273 570 2292 est
595 2269 694 2293 obscura
720 2273 742 2293 et
760 2277 867 2298 pungens
885 2271 929 2293 509
948 2270 962 2293 1)

397 2321 425 2324 —
444 2315 527 2337 parum
551 2310 627 2332 valent
651 2309 693 2332 uisi
718 2310 748 2332 ad
775 2310 962 2332 comburendum

396 2348 441 2370 503
459 2354 471 2370 a
489 2361 519 2365 -
536 2349 660 2376 designant
676 2349 832 2371 infidelitatem
850 2350 895 2371 382
908 2356 920 2371 a
933 2362 964 2366 —

397 2387 503 2415 designat
520 2388 625 2410 hommes
650 2389 785 2411 immundos
807 2391 829 2411 01
846 2389 963 2416 impatien-

396 2429 430 2449 tes
447 2426 491 2449 509
509 2426 524 2449 1)

444 2467 585 2488 5111111τυ111111
604 2479 633 2482 —
651 2466 759 2489 dicuntur
777 2467 813 2489 vel
839 2467 911 2495 gloria
929 2473 963 2489 ae-

398 2509 473 2534 terna,
491 2507 528 2528 vel
546 2512 606 2535 quae
624 2506 653 2528 ad
670 2512 721 2529 eam
739 2507 827 2529 ducunt
844 2508 888 2529 279
906 2507 921 2529 b
933 2520 964 2524 —

397 2545 529 2573 quaerenda
547 2548 600 2567 sunt
617 2549 711 2573 propter
722 2552 803 2568 eorum
818 2546 962 2574 dignitatem,

398 2584 530 2611 utilitatem,
548 2585 709 2606 certitudinem
727 2584 781 2607 ibid.
803 2597 834 2601 —
853 2586 963 2608 Dominus

397 2623 516 2650 potissime
542 2623 642 2645 minatur
666 2624 791 2651 spiritualia
809 2625 963 2647 vendentibus

398 2668 440 2690 pro
458 2662 624 2690 temporalibus
641 2663 685 2685 650
705 2662 719 2684 1)

445 2702 545 2724 Semirus
561 2714 591 2718 —
608 2701 716 2724 Creatura
734 2702 859 2729 spiritualis
875 2705 909 2724 est
930 2703 961 2724 in-

397 2740 565 2768 corruptibilis,
580 2741 633 2769 quia
646 2747 658 2763 a
672 2741 718 2763 Deo
730 2744 879 2763 conservatur
891 2742 936 2764 316
949 2748 961 2764 a

444 2791 474 2795 —-
492 2780 611 2807 glorificati
628 2786 670 2807 per
687 2780 904 2808 contemplationem
920 2781 962 2803 ele-

397 2821 480 2840 vantur
493 2825 566 2847 usque
578 2819 606 2841 ad
619 2819 746 2841 contuitum
761 2819 877 2842 Trinitatis
892 2820 933 2842 194
946 2820 961 2842 1)

397 2869 427 2874 —
446 2857 609 2885 intelligIbiles,
632 2857 700 2880 nobis
722 2858 864 2886 absconditi,
881 2865 961 2881 vocan-

398 2898 433 2917 tur
451 2896 510 2918 venti
529 2897 573 2918 322
591 2903 603 2918 a
622 2910 650 2913 —
670 2897 808 2920 Affectiones
825 2898 960 2927 spirituum,

397 2934 483 2962 quibus
500 2935 527 2957 ad
546 2942 645 2963 superna
663 2937 841 2964 contemplanda
855 2937 876 2959 in
889 2938 959 2960 altum

396 2978 421 2994 se
438 2973 525 3000 levant,
544 2978 654 2996 vocantur
671 2981 760 3002 pennae
777 2975 831 2998 ibid.

1040 280 1071 285 —-
1087 268 1210 296 designant
1226 268 1369 296 spiritualem
1387 268 1558 296 intelligentiam

993 308 1021 329 63
1041 314 1053 329 a
1070 321 1101 323 —
1119 308 1216 335 Spiritus
1233 308 1400 335 aggravatione
1418 307 1484 330 uobis
1502 308 1559 330 inest

994 386 1038 408 397
1050 392 1061 408 a
1078 399 1108 402 —
1120 393 1238 415 nunquam
1252 387 1301 408 11111
1313 387 1355 408 nisi
1368 386 1463 413 bouum,
1475 386 1519 409 nisi
1536 386 1559 408 in

993 428 1105 454 quantum
1124 432 1209 453 corpus
1226 426 1245 447 ei
1258 426 1407 448 rusticitatem
1426 425 1477 447 facit
1489 425 1529 447 521
1546 432 1558 447 a

993 476 1024 480 —-
1049 465 1157 487 contiuno
1183 464 1261 487 labore
1286 467 1308 486 et
1332 465 1412 487 dolore
1436 465 1511 487 carnis
1536 465 1560 486 fit

994 504 1086 532 quietus
1104 504 1128 525 91
1151 504 1166 526 1)
1184 517 1213 520 —-
1231 503 1300 526 debet
1317 504 1504 526 condescendere
1521 510 1559 526 ne-

993 542 1138 565 cessitatibus
1149 543 1225 565 carnis
1242 543 1271 565 76
1289 549 1301 564 a
1318 555 1350 559 —
1366 542 1470 565 Christus
1481 546 1559 565 contu-

994 582 1018 604 lit
1035 582 1124 609 spiritui
1142 585 1241 610 quatuor
1259 584 1391 604 curamenta
1413 586 1492 604 contra
1510 588 1560 604 car-

994 627 1048 643 nem
1078 621 1118 642 108
1146 620 1160 642 1)
1185 633 1216 637 -
1241 621 1335 643 Gustato
1360 621 1455 648 spiritu,
1477 621 1560 649 desipit

994 660 1070 682 omnis
1087 666 1140 682 caro
1159 661 1204 682 280
1222 666 1242 682 a.
1262 659 1305 682 448
1324 666 1344 682 a.
1357 660 1402 682 559
1414 666 1426 682 a
1441 672 1471 676 —
1484 663 1560 683 noster

995 702 1029 721 est
1046 699 1194 727 purificatus,
1211 699 1305 728 quando
1322 698 1352 721 ab
1370 705 1449 721 amore
1462 703 1560 722 terreno-

994 745 1046 761 rum
1064 741 1098 760 est
1115 741 1271 767 sequestratus
1289 738 1328 760 581
1353 738 1366 760 b

1043 790 1071 793 —-
1089 780 1123 800 est
1139 778 1249 804 veritatis,
1262 777 1398 804 honestatis,
1416 784 1560 800 consumma-

994 820 1030 839 tae
1048 817 1161 845 passionis
1179 817 1223 839 356
1242 816 1257 839 b
1273 830 1303 833 —
1316 817 1465 845 distinguitur
1476 820 1560 845 rectus,

996 856 1036 885 qui
1062 856 1101 879 dat
1123 863 1202 884 nosse;
1226 861 1326 884 sauctus,
1346 857 1386 885 (1111
1411 857 1464 879 facit
1491 857 1560 885 velle3

995 895 1139 923 principalis,
1157 895 1196 924 (1111
1216 896 1268 918 facit
1285 902 1435 924 perseverare
1452 895 1482 919 ib.
1502 902 1513 918 a
1530 908 1561 912 —

995 938 1071 957 rectus
1083 938 1127 963 est,
1140 935 1179 964 qui
1193 937 1277 958 rectam
1296 935 1444 957 intentionem
1457 938 1560 958 nostram

994 974 1024 996 ad
1041 975 1146 996 caelestia
1165 974 1242 1002 dirigit
1261 974 1304 997 1137
1323 974 1338 996 b
1354 987 1386 991 —
1403 975 1496 997 Novitas
1516 975 1560 1002 spi-

994 1014 1051 1036 ritus
1068 1014 1120 1036 facit
1132 1013 1216 1036 liberos
1230 1014 1274 1036 l35
1292 1013 1307 1036 b
1323 1026 1354 1030 —
1368 1014 1417 1037 Non
1435 1020 1561 1042 possumus

995 1053 1090 1075 induere
1115 1053 1221 1081 spiritum
1246 1053 1285 1075 Dei
1312 1056 1334 1075 et
1358 1054 1466 1081 spiritum
1493 1054 1561 1076 huius

995 1092 1075 1115 mundi
1093 1093 1138 1115 227
1156 1099 1168 1114 a

1041 1144 1072 1148 -
1090 1132 1173 1154 Decem
1192 1135 1244 1154 sunt
1262 1132 1349 1160 gradus
1366 1133 1502 1160 spirituum,
1520 1139 1561 1161 per

994 1177 1054 1200 quos
1070 1172 1141 1193 homo
1159 1171 1261 1194 ascendit
1285 1178 1358 1200 usque
1376 1172 1404 1194 ad
1425 1173 1496 1194 Deum
1517 1172 1560 1195 434

995 1217 1006 1232 a
1025 1223 1054 1226 —
1073 1211 1162 1233 Primus
1179 1211 1266 1238 gradus
1283 1211 1394 1239 competit
1411 1212 1511 1239 1101111111ς
1529 1218 1562 1234 re-

995 1250 1064 1278 liqui,
1090 1250 1212 1272 ordinibus
1237 1251 1379 1278 Angelorum
1406 1250 1459 1273 ibisl.
1484 1263 1515 1267 —
1536 1251 1561 1272 ln

995 1289 1030 1311 his
1057 1288 1177 1316 spiritibus
1204 1289 1259 1312 editi
1287 1293 1340 1312 sunt
1368 1296 1450 1312 omnes
1479 1290 1561 1318 psalmi

994 1327 1050 1350 ibid.

1043 1367 1142 1389 Srinrrus
1159 1368 1182 1390 S.
1209 1380 1241 1384 —
1265 1370 1299 1390 est
1324 1368 1409 1391 fluvius
1432 1369 1562 1396 procedens

996 1407 1024 1429 de
1041 1407 1096 1429 sede
1122 1407 1162 1429 Dei
1188 1410 1210 1429 01
1235 1407 1294 1435 Agni
1321 1407 1364 1429 468
1383 1407 1399 1429 1)
1416 1420 1447 1424 -
1464 1415 1505 1436 per
1522 1409 1562 1431 ssu-

996 1446 1059 1468 vium
1078 1446 1213 1474 designatur
1230 1447 1274 1468 629
1293 1446 1308 1469 1)
1326 1460 1356 1463 —
1370 1454 1410 1475 per
1427 1454 1513 1476 aquam
1525 1448 1562 1470 de-

996 1486 1099 1513 signatur
1117 1485 1162 1508 634
1176 1485 1190 1508 b
1201 1498 1232 1502 —
1245 1486 1304 1508 Vide
1322 1486 1389 1508 etiam
1405 1487 1433 1509 V.
1450 1486 1562 1510 Trinitas.

1045 1537 1072 1541 -
1086 1525 1143 1547 Nihil
1153 1528 1187 1548 est
1196 1526 1347 1554 excellentius,
1358 1527 1488 1555 pretiosius,
1500 1526 1562 1549 nobi-

997 1564 1039 1586 lius
1052 1564 1137 1592 Spiritu
1148 1565 1170 1587 S.
1183 1565 1227 1587 309
1237 1571 1249 1587 a
1259 1577 1290 1582 —
1299 1568 1333 1588 est
1344 1572 1450 1594 magnus,
1462 1566 1562 1594 sapiens,

996 1604 1048 1632 pius
1066 1605 1110 1626 328
1130 1603 1144 1626 1)
1158 1605 1222 1627 —ln
1240 1604 1290 1632 ipso
1308 1607 1341 1627 est
1356 1605 1432 1627 omnis
1449 1606 1561 1633 sapientia

996 1647 1018 1666 et
1034 1646 1112 1666 sancta
1130 1644 1176 1666 vita
1195 1644 1239 1666 433
1257 1644 1272 1666 b
1290 1657 1320 1661 --
1337 1647 1371 1667 est
1392 1645 1486 1672 spiritus
1503 1645 1559 1667 veri-

996 1684 1060 1710 tatis,
1077 1683 1214 1712 sanctitatis,
1232 1684 1323 1706 virtutis
1340 1684 1380 1706 311
1404 1683 1419 1706 b
1435 1697 1466 1701 —
1479 1685 1561 1707 051110-

996 1722 1210 1750 siderabilissimus,
1236 1724 1429 1751 amoenissiinuS‚
1454 1724 1562 1746 suavissi-

996 1768 1060 1789 mus,
1085 1761 1254 1790 nobilissimus,
1280 1763 1453 1785 efficacissimus
1476 1764 1520 1786 336
1538 1763 1562 1786 b.

996 1801 1041 1823 337
1059 1807 1070 1823 a
1088 1814 1118 1818 —
1136 1808 1148 1823 a
1174 1801 1264 1824 Christo
1290 1802 1428 1825 describitur
1453 1805 1478 1825 ut
1500 1802 1562 1825 beni-

996 1841 1135 1868 gnissimus,
1152 1840 1319 1869 nobilissimus,
1332 1841 1505 1865 liberalissimus
1517 1843 1560 1864 309

997 1886 1009 1902 a
1026 1892 1057 1896 --
1075 1881 1097 1902 111
1116 1880 1166 1908 ipso
1184 1883 1218 1903 est
1235 1880 1357 1903 infallibilis
1374 1881 1466 1908 veritas,
1479 1881 1561 1904 libera-

997 1919 1083 1941 lissima
1101 1920 1194 1947 caritas,
1211 1920 1374 1947 insuperabilis
1392 1923 1492 1948 potestas
1516 1921 1555 1943 331

996 1964 1020 1985 a,
1039 1958 1053 1980 1)
1070 1971 1101 1975 -
1118 1961 1152 1981 cst
1169 1959 1312 1982 admirabilis
1338 1960 1359 1981 in
1383 1960 1560 1987 incipientibus,

997 1997 1134 2020 venerabilis
1152 1998 1174 2020 iu
1191 1998 1379 2026 proficientibus,
1401 1999 1561 2022 desiderabilis

996 2037 1018 2058 in
1037 2037 1226 2064 pervenientibus
1244 2038 1289 2059 310
1307 2044 1327 2064 a,
1346 2038 1360 2060 b

1043 2077 1146 2098 —nihil
1171 2076 1213 2098 nisi
1235 2080 1339 2099 sanctum
1366 2081 1475 2105 operatur
1498 2078 1527 2100 99
1546 2077 1560 2100 b

996 2128 1026 2131 —
1044 2115 1123 2143 irrigat
1140 2122 1209 2143 opera
1228 2117 1349 2139 creationis
1367 2120 1388 2139 et
1411 2117 1561 2145 reparationis

998 2153 1041 2175 468
1060 2153 1074 2175 b
1091 2166 1121 2169 —
1139 2157 1233 2181 propter
1251 2161 1316 2176 suam
1336 2154 1460 2177 bonitatem
1483 2156 1559 2177 omnia

997 2193 1103 2214 terminat
1121 2193 1165 2215 353
1184 2192 1198 2215 b

1043 2243 1073 2247 —
1091 2232 1167 2260 Quare
1188 2238 1248 2260 opus
1274 2233 1434 2255 iucarnationis
1453 2233 1561 2256 attribua-

997 2273 1033 2292 tur
1045 2270 1139 2298 Spiritui
1155 2271 1185 2298 S„
1202 2277 1255 2293 cum
1274 2272 1341 2294 fuerit
1358 2273 1426 2295 totius
1444 2273 1561 2296 Trinitatis

997 2310 1026 2331 99
1044 2316 1056 2331 a
1080 2323 1108 2325 —
1133 2310 1186 2333 liius
1207 2312 1342 2338 operatione
1364 2312 1485 2335 descendit
1508 2313 1561 2335 Ver-

997 2348 1052 2371 bum
1070 2350 1092 2371 iu
1112 2350 1212 2377 Virginis
1229 2351 1344 2378 gremium
1363 2351 1408 2373 714
1428 2351 1441 2373 b
1454 2365 1484 2367 —
1501 2352 1561 2374 aedi-

998 2389 1075 2411 ficavit
1098 2388 1175 2411 Verbo
1198 2390 1236 2411 Dei
1263 2390 1285 2411 in
1304 2393 1368 2412 utero
1395 2391 1497 2418 Virginis
1514 2391 1561 2413 ido-

996 2434 1066 2450 neum
1093 2428 1266 2451 tabernaculum
1295 2430 1335 2450 125
1359 2436 1369 2451 a
1392 2442 1423 2446 —
1443 2430 1560 2458 Virginem

997 2467 1120 2494 gloriosam
1139 2470 1163 2489 ut
1180 2467 1249 2490 ardor
1266 2469 1429 2495 sanctificavit,
1442 2472 1465 2491 111
1478 2470 1561 2491 humor

996 2505 1120 2533 spiritualis
1141 2506 1274 2534 inebriavit,
1297 2510 1320 2529 ut
1346 2508 1412 2535 vigor
1437 2508 1561 2535 spiritualis

997 2545 1130 2567 fecundarit
1147 2546 1175 2567 98
1195 2552 1207 2567 a

1042 2596 1073 2600 —
1091 2585 1192 2613 loquitur
1205 2591 1245 2612 per
1264 2586 1389 2613 Prophetas
1400 2589 1422 2608 et
1434 2587 1490 2608 alios
1502 2587 1561 2609 Scri-

997 2626 1078 2650 ptnrae
1094 2624 1201 2645 doctores
1227 2624 1272 2646 695
1295 2624 1308 2646 b
1326 2637 1356 2641 —
1373 2625 1514 2654 quandoque
1531 2626 1561 2648 lo-

996 2662 1073 2690 quitur
1097 2668 1137 2690 per
1163 2663 1235 2685 malos
1257 2664 1302 2685 026
1320 2663 1335 2685 b
1352 2676 1383 2680 —
1401 2664 1447 2686 lloc
1465 2671 1508 2686 nou
1527 2668 1561 2687 est

995 2701 1023 2723 ad
1042 2701 1160 2724 utilitatem
1184 2702 1340 2730 loquentium,
1358 2703 1397 2725 sed
1416 2703 1558 2726 audientium

996 2740 1040 2762 627
1059 2740 1074 2762 1)

1043 2792 1071 2795 ——
1089 2780 1157 2802 datur
1174 2787 1215 2808 per
1232 2781 1370 2804 infusionem
1388 2782 1432 2804 638
1450 2788 1462 2803 a
1480 2795 1509 2798 -
1522 2782 1560 2805 da·

996 2822 1042 2846 tur,
1062 2820 1155 2848 quando
1172 2821 1254 2843 caritas
1271 2821 1337 2843 datur
1355 2821 1395 2843 581
1418 2821 1433 2843 b

1042 2871 1070 2873 —
1088 2862 1122 2881 est
1139 2858 1238 2882 liberalis
1255 2863 1277 2882 et
1294 2861 1371 2888 largus
1389 2861 1411 2882 in
1423 2860 1500 2883 dando
1514 2861 1557 2882 309

977 2921 978 2929 ,
995 2898 1009 2920 b
1026 2910 1057 2914 —
1073 2902 1107 2921 est
1124 2899 1238 2926 providus
1255 2902 1277 2921 et
1294 2899 1407 2922 discretus
1425 2900 1446 2921 in
1464 2900 1558 2927 dispen-

994 2938 1066 2960 sando
1084 2937 1138 2960 ibid.
1156 2950 1184 2953 ——
1203 2938 1319 2960 distr1buit
1336 2939 1413 2960 omnia
1439 2938 1499 2961 bona
1525 2945 1557 2961 se-

976 2977 978 2992 t
993 2977 1096 2999 cundum
1122 2980 1224 2999 nostrum
1248 2978 1356 3000 meritum
1374 2980 1396 3000 et
1413 2984 1478 3000 suam
1497 2984 1557 3001 com-

994 347 1095 375 pronitas
1113 347 1141 369 ad
1161 347 1245 369 malum
1264 350 1286 369 et
1297 347 1418 369 difficultas
1430 347 1458 369 ad
1470 346 1558 369 bonum

941 190 1042 219 INDEX
1064 189 1304 218 ALPllABETlCUS
1325 189 1403 218 NONI
1425 189 1613 218 VOLUMlNIS.

1866 230 1906 252 SPl

1594 268 1730 296 placentiam
1758 268 1802 290 310
1828 268 1843 290 b
1865 281 1895 285 --
1914 269 1966 291 Eius
1988 269 2049 291 dona
2074 276 2086 291 a
2113 270 2159 292 Deo

1593 310 1675 329 exeunt
1694 311 1802 336 tanquam
1821 314 1833 330 a
1851 308 1965 336 principio
1977 311 1998 330 et
2011 309 2124 331 reducunt
2137 309 2160 331 in

1594 346 1670 374 ipsum
1689 349 1797 375 tauquam
1817 346 1840 368 in
1865 347 1934 369 finem
1953 347 1997 369 338
2016 354 2027 369 a
2051 360 2081 364 -—
2099 348 2160 370 Licet

1592 386 1708 408 donorum
1722 386 1819 413 Spiritus
1831 386 1853 408 S.
1866 386 1997 409 distributio
2014 387 2054 409 toti
2066 393 2160 414 compe-

1593 427 1624 446 tat
1636 425 1747 452 Trinitati,
1757 425 1867 453 competit
1877 428 1952 448 tamen
1961 426 2089 453 specialiter
2099 426 2160 449 Chri-

1594 467 1629 486 sto
1646 464 1691 485 337
1709 463 1724 485 1)

1640 515 1670 519 -
1689 503 1742 525 Ε1115
1759 503 1820 526 dona
1838 506 1891 526 sunt
1908 504 1994 531 optima
2013 507 2035 526 et
2052 505 2159 533 perfecta,

1593 543 1647 571 quia
1666 543 1712 565 Deo
1730 545 1782 565 sunt
1807 542 1888 565 similia
1910 545 1933 565 et
1957 543 2105 565 assimilantia
2130 544 2158 566 ad

1594 581 1728 603 Trinitatem
1748 582 1873 604 increatam
1892 582 1936 604 338
1954 588 1966 604 a
1984 595 2015 599 —-
2032 583 2086 605 Eius
2098 583 2159 605 dona

1593 620 1752 648 significantur
1769 627 1810 648 per
1827 621 1886 643 filios
1903 621 1942 643 lob
1966 624 1988 643 et
2010 628 2051 649 per
2070 625 2159 650 septem

1595 660 1702 682 mulieres
1723 660 1812 682 steriles
1829 660 1874 682 665
1892 666 1917 687 a,
1938 660 1953 682 b
1977 673 2008 677 —
2034 661 2160 689 Descriptio

1595 704 1676 721 eorum
1695 698 1723 721 ib.
1741 698 1764 721 b.
1782 699 1827 721 666
1846 705 1866 726 a,
1884 699 1899 721 b

1641 750 1671 754 —
1689 738 1710 760 in
1727 738 1765 760 die
1783 739 1927 760 l’entecostes
1952 739 2049 766 replevit
2065 740 2160 767 Aposto-

1594 777 1627 799 los
1645 777 1757 804 claritate,
1783 777 1879 805 pietate,
1905 778 2030 806 suavitate,
2048 779 2159 807 caritate,

1594 816 1784 844 magnanimitate
1809 817 1853 839 336
1872 823 1884 839 a
1902 829 1932 833 —
1951 818 2073 845 Apostolos
2092 818 2161 840 virtu-

1595 855 1656 887 tibus
1674 858 1696 877 et
1712 856 1779 878 donis
1803 859 1825 878 et
1850 856 1986 879 muneribus
2005 857 2033 879 ita
2051 857 2161 885 adimple-

1597 894 1639 921 vit,
1658 898 1682 917 ut
1707 895 1727 917 in
1750 895 1811 917 nullo
1828 899 1924 923 egerent
1946 896 1990 917 310
2008 902 2020 918 a
2038 908 2069 912 —
2085 902 2161 924 egres-

1594 940 1634 956 sus
1652 936 1685 956 est
1703 940 1714 955 a
1733 935 1797 956 Patre
1815 938 1837 956 et
1854 935 1907 957 Filio
1925 935 1947 956 in
1965 936 2086 963 Apostolos
2103 936 2162 958 sicut

1595 974 1680 995 ssnvius
1705 974 1811 1001 vividus,
1837 974 1963 1001 candidus,
1987 975 2068 1002 igneus
2086 975 2130 997 335
2148 981 2161 997 a

1596 1025 1623 1027 —
1643 1013 1707 1034 Ratio
1726 1013 1862 1041 praecipua⁷
1881 1020 1953 1042 quare
1966 1014 2064 1042 Spiritus
2076 1015 2097 1036 S.
2111 1020 2162 1037 con-

1596 1054 1628 1073 tra
1655 1053 1845 1075 consuetudinem
1873 1054 2038 1080 magistrorum
2062 1054 2160 1076 aliorum

1595 1091 1623 1113 ad
1642 1091 1768 1119 discipulos
1793 1098 1848 1114 51105
1872 1093 1972 1120 venerit,
1990 1096 2024 1115 051
2041 1099 2083 1115 sua
2100 1092 2161 1115 beni-

1577 1134 1578 1139 ¹
1596 1130 1670 1157 gnitas
1696 1131 1740 1153 309
1767 1137 1787 1158 a,
1805 1131 1821 1153 b
1838 1144 1868 1148 —
1893 1132 1947 1154 Eius
1972 1132 2120 1154 exuberantia
2137 1132 2161 1154 in

1596 1169 1633 1191 die
1651 1170 1795 1192 Pentecostes
1819 1171 1860 1193 suit
1876 1171 1968 1199 vivida,
1987 1172 2100 1199 iucunda,
2119 1173 2162 1193 fru-

1595 1212 1688 1235 ctuosa,
1705 1209 1811 1232 (litfusiva
1832 1210 1876 1233 335
1894 1210 1909 1232 b

1643 1261 1673 1263 —
1691 1248 1854 1271 Consideratur
1871 1250 1921 1277 ipse
1946 1250 2044 1277 Spiritus
2066 1250 2162 1278 promis-

1596 1293 1647 1314 sus,
1664 1287 1737 1315 ipsius
1754 1288 1868 1310 adventus
1885 1293 1907 1310 et
1924 1289 2019 1311 effectus
2036 1290 2081 1311 328
2100 1289 2115 1311 b
2131 1301 2162 1305 —

1596 1326 1649 1349 Eius
1667 1327 1781 1350 adventus
1807 1332 1840 1350 est
1866 1328 2015 1357 venerabilisy
2033 1329 2086 1357 quia
2114 1328 2163 1356 ipse

1596 1368 1631 1388 est
1647 1372 1747 1394 magnus
1764 1369 1786 1389 et
1804 1373 1903 1395 magnus
1921 1367 1969 1395 ille,
1980 1370 2084 1395 exparte
2096 1367 2162 1390 cuius

1596 1406 1659 1428 venit
1675 1408 1698 1428 et
1714 1406 1768 1434 quia
1787 1410 1882 1434 propter
1899 1406 1988 1429 bonum
2006 1411 2111 1429 nostrum
2123 1413 2163 1429 ve-

1596 1445 1628 1467 nit
1646 1445 1689 1467 328
1708 1444 1723 1467 1)
1740 1457 1770 1461 -
1788 1445 1851 1467 venit
1875 1448 1900 1468 ut
1925 1446 2029 1468 medicus
2055 1449 2163 1474 respectu

1596 1484 1754 1511 infirmorum,
1780 1487 1804 1506 ut
1829 1485 1950 1513 magister,
1973 1488 2080 1513 respectu
2099 1485 2163 1513 igno-

1596 1523 1712 1552 rantiumg
1730 1527 1754 1545 ut
1771 1529 1823 1551 rex,
1840 1527 1947 1552 respectu
1965 1531 2095 1552 pauperum
2117 1525 2162 1547 309

1596 1562 1611 1585 b
1629 1575 1659 1579 —
1676 1562 1743 1585 nobis
1761 1563 1856 1585 mittitur
1869 1567 1893 1586 ut
1904 1564 2004 1591 nuntius,
2015 1564 2098 1591 socius,
2111 1570 2162 1592 pae-

1596 1602 1703 1630 dagogus
1721 1603 1765 1624 330
1783 1602 1799 1625 b
1816 1615 1845 1618 —-
1868 1602 1941 1625 Causa
1957 1603 2071 1626 adventus
2091 1603 2163 1631 Spiri-

1596 1644 1632 1664 tus
1649 1643 1671 1664 S.
1689 1645 1724 1664 est
1740 1642 1818 1664 filiatio
1836 1642 1915 1665 divina
1935 1643 1978 1665 1132
1994 1642 2008 1665 b

1643 1694 1673 1698 —
1691 1682 1775 1704 Et'fusio
1793 1682 1891 1709 Spiritus
1909 1683 1931 1704 S.
1943 1682 2070 1704 ostenditur
2082 1682 2160 1711 quoad

1596 1721 1744 1743 idoneitatem
1762 1722 1919 1750 suscipientis,
1936 1721 2094 1745 liberalitatem
2107 1728 2161 1745 con-

1596 1761 1700 1789 ferentis,
1721 1761 1839 1783 utilitatem
1858 1761 1909 1783 finis
1928 1761 1973 1784 345
1990 1768 2002 1783 a
2020 1774 2050 1778 —
2066 1763 2161 1784 Emana-

1596 1801 1626 1822 tio
1644 1800 1758 1822 donorum
1778 1801 1875 1828 Spiritus
1894 1801 1916 1822 S.
1933 1800 2071 1823 describitur
2083 1801 2161 1830 quoad

1595 1839 1727 1868 qualitatem
1746 1839 1818 1867 ipsius
1840 1840 1907 1867 doni,
1932 1840 2078 1863 idoneitatem
2101 1846 2161 1862 rece-

1596 1879 1690 1906 ptaculi,
1708 1878 1872 1901 sublimitatem
1890 1879 1997 1907 principii
2010 1879 2054 1902 337
2068 1886 2088 1906 a,
2101 1879 2116 1902 b
2130 1892 2161 1896 —

1596 1918 1644 1939 Una
1670 1918 1775 1940 eiusdem
1801 1918 1881 1940 effusio
1907 1921 1941 1941 est
1967 1919 2093 1946 generalis,
2118 1919 2160 1941 alia

1595 1957 1702 1984 specialis
1720 1957 1763 1979 346
1782 1957 1797 1979 1)
1814 1970 1845 1974 -
1863 1959 1884 1980 ln
1903 1959 2014 1980 effusione
2027 1959 2125 1987 Spiritus
2137 1959 2160 1981 S.

1594 2000 1628 2018 est
1650 1995 1771 2019 abundans
1796 1996 1920 2019 liberalitas
1945 2000 1967 2019 et
1992 1997 2160 2020 distributionis

1595 2036 1720 2063 partialitas
1738 2036 1783 2058 345
1801 2035 1816 2058 b
1833 2048 1864 2052 —
1881 2037 1965 2059 Effusio
1979 2037 2051 2065 ipsius
2067 2043 2160 2065 compa·

1594 2078 1657 2097 rattu·
1670 2075 1740 2097 1111110
1752 2076 1830 2104 quoad
1843 2076 1939 2098 modum
1957 2076 2089 2104 emanandi,
2102 2076 2161 2104 prin-

1594 2116 1681 2143 cipium
1709 2117 1873 2144 emanationis,
1899 2118 2071 2145 receptaculum
2097 2123 2161 2139 ema-

1595 2155 1639 2177 nati
1658 2155 1703 2177 335
1721 2162 1732 2177 a

1641 2206 1672 2210 —
1694 2194 1769 2217 influit
1794 2201 1835 2222 per
1860 2195 2009 2223 adoptionem
2033 2195 2159 2223 legitimam

1595 2236 1617 2255 et
1633 2234 1803 2262 susceptionem
1829 2235 1994 2257 charismatum
2024 2235 2065 2256 132
2091 2234 2106 2256 1)
2129 2247 2159 2251 -

1596 2273 1647 2295 Eius
1665 2273 1780 2295 influentia
1798 2274 1882 2296 dicitur
1899 2273 2022 2296 liberaliter
2040 2274 2158 2302 impensa,

1595 2312 1711 2339 signanter
1728 2312 1860 2340 distributa,
1878 2313 2021 2335 deiformiter
2038 2314 2159 2341 opulenta,

1595 2352 1765 2379 configuraliter
1782 2353 1897 2375 fructuosa
1915 2353 1959 2375 333
1973 2352 1987 2375 b
1999 2365 2030 2369 —
2043 2353 2159 2375 influentia

1595 2391 1710 2413 donorum
1739 2392 1838 2419 Spiritus
1865 2393 1888 2414 S.
1916 2392 2055 2414 describitur
2080 2392 2158 2421 quoad

1595 2430 1768 2458 dispositionem
1787 2430 1962 2458 praeambulam
1980 2434 2001 2453 ct
2020 2431 2159 2453 infusionem

1596 2471 1720 2497 perfectam
1739 2470 1782 2492 339
1801 2469 1816 2492 b
1834 2482 1862 2486 <—
1880 2470 1933 2492 Eius
1959 2470 2076 2492 influentia
2102 2470 2159 2493 desi-

1595 2512 1680 2537 gnatur
1698 2510 1719 2531 iu
1742 2515 1807 2531 sacra
1832 2509 1949 2537 Scriptura
1975 2516 2016 2537 per
2034 2509 2158 2532 duodecim

1595 2548 1682 2575 figuras
1699 2548 1743 2570 333
1762 2554 1787 2576 a,
1806 2547 1820 2570 b
1837 2561 1867 2564 —
1892 2548 1945 2570 Eius
1971 2548 2087 2570 influentia
2106 2548 2159 2570 dici-

1595 2590 1630 2609 tur
1649 2587 1733 2609 fluvius
1750 2594 1825 2616 aquae
1842 2587 1910 2609 vivae
1936 2591 2030 2615 propter
2051 2588 2159 2610 vivacita-

1595 2630 1640 2648 tem
1666 2627 1687 2648 iu
1713 2630 1778 2654 ortu,
1800 2627 1973 2649 continuitatem
1998 2627 2020 2648 in
2044 2627 2158 2653 decursu,

1595 2666 1761 2688 111-[0051101010
1778 2666 1800 2688 111
1819 2667 1900 2689 effectu
1918 2667 1962 2689 340
1980 2673 1992 2688 a
2010 2678 2040 2682 —-
2059 2666 2111 2688 Eius
2128 2666 2159 2687 in-

1595 2706 1687 2727 ssueutia
1701 2709 1849 2733 comparatur
1861 2705 1987 2733 septiformi
2001 2706 2072 2727 fluvio
2084 2705 2130 2727 335
2143 2704 2158 2726 b

1640 2756 1670 2759 —
1688 2748 1722 2766 est
1740 2751 1799 2767 uuus
1825 2745 1845 2766 in
1871 2744 2009 2772 substantiay
2027 2744 2067 2767 sed
2086 2743 2158 2766 multi·

1593 2783 1643 2810 plex
1661 2783 1682 2805 iu
1701 2784 1781 2806 ess'ectu
1800 2784 1844 2806 205
1861 2790 1873 2806 a
1890 2796 1921 2800 —
1933 2787 1966 2806 est
1984 2790 2043 2806 unus
2059 2783 2082 2805 in
2100 2789 2125 2805 se
2136 2785 2158 2805 et

1594 2822 1740 2844 {multiformis
1762 2822 1784 2844 in
1810 2823 1944 2850 operatione
1968 2823 2011 2845 433
2034 2822 2048 2844 b
2070 2834 2100 2838 —-
2122 2821 2157 2844 Ab

1593 2867 1638 2882 uuo
1656 2861 1740 2889 Spiritu
1755 2862 1775 2883 S.
1789 2862 1838 2884 sine
1849 2862 1884 2884 5111
1901 2861 2069 2884 defectibilitate
2092 2867 2158 2889 egre-

1592 2900 1685 2922 diuntur
1702 2901 1789 2923 dix-ersi
1806 2901 1873 2923 rivuli
1891 2901 2026 2929 gratiarum,
2039 2901 2155 2923 donorum

1591 2942 1613 2960 et
1639 2938 1805 2962 beatitudiiium
1829 2940 1874 2962 310
1901 2939 1915 2962 1)
1942 2952 1970 2957 —
1996 2940 2048 2961 Eius
2071 2941 2157 2961 fructus

1590 2982 1644 3000 sunt
1661 2978 1785 3001 duodecim
1803 2979 1847 3001 340
1865 2985 1878 3001 a
1893 2992 1923 2996 —
1935 2979 1988 3001 Eius
1999 2980 2092 3001 effectus
2104 2982 2158 3001 sunt
