2269 3448
382 187 437 215 124

630 225 689 248 11011

376 265 464 288 creavit
497 265 614 287 hominem
648 265 806 293 innocentem,
833 265 943 292 sapientia

377 304 508 332 praeditum
526 307 548 327 et
565 307 652 327 rectum
671 304 716 326 647
734 310 746 326 a

424 356 453 360 -—
472 345 545 366 factus
567 344 596 366 ad
615 344 739 371 imaginem
756 343 796 365 Dei
814 343 855 365 fuit
872 349 943 370 capax

376 386 398 405 et
415 383 531 411 particeps
555 383 714 405 conditionum
741 382 863 409 nobilium,
883 388 944 411 quae

376 426 429 445 sunt
445 423 469 445 in
486 423 533 445 Deo
551 423 580 445 50
593 429 604 444 a
623 435 653 439 —
666 422 778 450 Superior
790 428 844 450 pars
861 421 943 444 mentis

378 463 436 484 facta
454 465 488 484 est
505 462 533 484 ad
552 462 677 490 imaginem
696 462 735 487 Dei
754 462 799 483 616
817 468 828 483 a
846 474 877 477 --
890 461 943 483 Eius

377 507 427 523 esse
444 504 478 523 est
496 501 629 529 insignitum
647 501 725 523 dix-ina
744 501 846 528 imagine
868 500 911 522 420
930 506 943 522 a

376 553 407 557 —
420 541 541 569 Propterea
556 544 631 569 potest
644 541 716 562 Deum
730 540 818 567 timere,
837 540 879 567 ipsi
892 539 944 562 obe-

376 581 434 607 dire,
447 581 523 608 ipsum
537 580 633 608 diligere
645 579 698 602 ibid.
714 593 744 595 —
759 579 889 605 Generatio,
902 580 944 601 ior·

377 620 447 642 matio
465 625 486 642 et
504 620 589 642 creatio
610 622 686 641 nostra
707 622 741 641 est
763 619 791 640 ad
816 618 943 646 imaginem

378 659 447 681 Verbi
466 659 495 680 60
514 658 528 680 b
548 671 574 674 —
593 658 702 681 Creatura
720 659 820 680 humana
842 661 893 679 nata
910 660 944 679 est

376 698 459 721 imitari
478 698 581 720 Verbum
601 697 655 720 ibid.
676 710 704 713 —
726 697 856 719 secundum
878 696 944 718 ratio-

376 744 429 760 nem
442 738 523 759 vivens
539 737 598 765 gerit
615 737 636 758 in
654 742 679 759 se
696 739 803 758 aeternae
815 736 872 758 lucis
890 736 945 758 ima-

375 778 453 805 ginem
472 783 513 805 per
530 782 635 799 naturam
660 779 682 798 et
704 776 878 798 similitudinem
902 781 944 803 per

376 816 473 845 gratiam
491 816 535 838 563
555 822 567 838 a

422 868 453 872 —
471 856 544 878 Totus
565 855 666 877 mundns
689 856 761 877 factus
783 858 817 876 est
838 860 881 882 pro
904 855 945 876 ho-

376 896 444 922 mine,
462 898 485 917 ut
504 895 553 923 ipse
571 895 656 917 serviat
671 895 690 917 ei
704 894 743 923 qui
761 894 812 916 fecit
830 893 943 916 mundum

375 937 398 957 et
415 935 532 956 hominem
551 935 596 956 385
616 933 630 956 b

421 986 452 991 —
470 974 493 996 in
510 976 569 996 statu
596 973 739 996 innocentiae
761 973 802 995 5011

375 1013 493 1036 5011100105
510 1014 539 1035 28
557 1019 569 1035 a

422 1066 452 1069 —
470 1059 481 1075 a
500 1053 547 1075 Deo
566 1052 635 1075 hahet
656 1052 769 1081 quidquid
797 1051 852 1074 boni
875 1051 944 1074 habet

378 1093 421 1115 439
439 1099 450 1115 a
470 1105 498 1108 μ
517 1095 604 1114 tantum
623 1097 717 1120 peccata
737 1091 828 1114 habeta
847 1098 872 1113 50
888 1090 942 1114 ibid.

423 1145 453 1148 —
471 1132 546 1154 omnis
571 1136 605 1154 est
630 1131 764 1159 culpabilis,
790 1131 843 1160 quia
862 1137 887 1153 ex
910 1137 942 1153 50-

376 1172 437 1194 mine
454 1172 539 1194 foetido
558 1172 603 1193 220
622 1171 635 1192 b
652 1183 683 1187 —
700 1171 775 1193 omnis
801 1173 834 1192 est
852 1171 943 1192 misera-

376 1211 434 1238 bilis,
452 1211 506 1239 quia
524 1211 648 1233 conclusus
665 1210 781 1238 ergastulo
799 1209 852 1232 ibid.
871 1222 901 1226 —
919 1210 940 1232 ln

375 1251 468 1273 homine
485 1251 549 1278 lapso
567 1253 601 1272 est
618 1250 703 1272 bellum
722 1250 856 1271 continuum
873 1249 917 1271 1Οὸ
930 1255 941 1270 11

374 1302 404 1306 —-
417 1290 494 1312 Genus
512 1291 639 1311 humanum
657 1292 705 1311 erat
722 1292 816 1317 peccato
834 1288 943 1310 obcaeca-

376 1333 425 1352 tum
439 1330 478 1351 131
496 1335 507 1351 a
521 1342 549 1345 —
564 1329 604 1351 suit
617 1328 712 1350 111-1110115
726 1331 747 1350 01
764 1328 876 1350 sensualis
888 1329 918 1350 60
929 1334 941 1350 a

375 1382 405 1385 —
424 1369 475 1391 ldeo
494 1374 539 1390 non
558 1371 646 1396 poterat
669 1367 787 1390 sublimari
811 1368 840 1389 ad
864 1367 940 1395 ipsum

376 1407 479 1431 Verbum
493 1407 547 1430 ibid.
559 1420 589 1423 —
604 1408 624 1429 111
639 1407 731 1429 homine
748 1410 782 1428 est
800 1407 941 1434 impotentia,

376 1447 512 1475 ignorantia,
531 1446 621 1468 miseria
644 1447 684 1468 189
703 1452 714 1468 a

421 1498 452 1502 -—
469 1486 543 1508 omnis
567 1485 636 1508 habet
658 1485 745 1514 aliquid
763 1486 792 1507 tle
810 1486 940 1513 voluptate,

374 1525 486 1552 vanitate,
509 1525 670 1552 indevotione,
692 1526 729 1547 vel
755 1525 873 1553 iniquitate
900 1524 941 1546 145

375 1564 389 1587 b
414 1578 444 1580 —
470 1565 561 1587 videtur
589 1564 689 1592 fragilior
715 1564 774 1586 vitro
803 1564 848 1586 542
874 1570 885 1585 11
911 1576 942 1580 -

375 1605 451 1633 Quare
468 1604 496 1626 sit
514 1604 535 1626 in
554 1604 648 1626 homine
666 1604 758 1626 insimul
776 1603 896 1625 infirmitas
920 1606 942 1625 et

373 1644 475 1672 dignitas
493 1643 537 1665 448
556 1650 576 1671 a,
595 1643 609 1665 b
626 1655 657 1659 —
669 1643 746 1665 Genus
765 1644 892 1665 humanum
905 1643 942 1665 de—

374 1683 478 1711 signatur
496 1689 537 1710 per
554 1682 651 1705 surdum
670 1686 692 1704 et
710 1687 799 1704 mutum
819 1683 862 1704 398
882 1688 893 1704 a
914 1695 941 1697 —

373 1725 427 1745 sunt
444 1725 502 1744 astra
522 1722 652 1750 vespertina
671 1722 716 1744 630
734 1728 745 1743 11

420 1775 451 1777 -
470 1763 561 1783 suerunt
578 1761 676 1789 dispersi
696 1764 791 1789 propter
809 1761 942 1789 septempli-

373 1807 423 1824 cem
431 1801 570 1823 discordiam
579 1801 603 1822 6l
616 1800 629 1822 b
637 1813 667 1817 —
675 1800 809 1828 indigebant
817 1801 942 1823 documen-

374 1841 401 1863 tis
413 1844 435 1862 et
452 1840 562 1868 exemplis
575 1841 604 1861 60
617 1839 631 1861 b
648 1853 679 1855 —
698 1840 749 1862 licet
761 1840 819 1861 iuste
831 1840 941 1861 detinere·

375 1883 418 1907 tur,
436 1882 512 1901 tamen
531 1879 637 1901 diabolus
655 1879 738 1901 111111510
754 1879 872 1901 detinebat
887 1885 940 1901 eum

374 1919 419 1941 272
438 1918 452 1940 b
469 1931 499 1935 --
516 1919 622 1940 Humano
640 1919 718 1946 generi
736 1922 788 1940 ante
814 1918 941 1940 adventum

373 1958 455 1981 Christi
476 1958 572 1980 deerant
589 1958 684 1984 laetitia,
703 1958 814 1984 hilaritas,
832 1957 941 1985 perfectio

373 1998 479 2024 iustitiae,
488 1997 641 2019 reconciliatio
648 1997 739 2019 divinae
749 1997 862 2019 amicitiae
876 1995 941 2018 1101)

422 2050 451 2052 -
469 2037 560 2059 Homini
578 2043 622 2058 non
646 2036 799 2058 conveniebat
823 2042 873 2058 esse
897 2042 942 2057 me-

376 2076 487 2099 diatorem
507 2076 564 2098 inter
582 2082 623 2098 nos
640 2079 662 2098 et
680 2076 751 2098 Deum
770 2076 799 2097 23
818 2082 829 2097 a
848 2088 878 2091 —-
896 2081 940 2097 non

375 2118 464 2144 poterat
480 2121 521 2143 per
544 2122 568 2137 se
586 2121 727 2143 consurgere
752 2121 778 2137 ex
800 2115 890 2136 miseria
909 2121 941 2136 se⁴

374 2154 492 2183 ptempliei
511 2160 552 2182 per
564 2157 685 2181 peecatum
703 2154 814 2182 originale
826 2157 940 2176 contracta

374 2194 403 2216 50
423 2193 437 2216 b
455 2207 485 2210 —
510 2195 587 2216 Genus
611 2195 738 2216 humanum
762 2199 774 2215 a
797 2193 886 2215 Christo
912 2193 940 2215 ad

375 2234 450 2256 lucem
469 2237 503 2255 est
520 2236 654 2255 revocatum
677 2234 713 2255 131
736 2239 747 2255 a
765 2232 892 2254 -Tribus
904 2239 941 2260 ge-

374 2273 469 2295 neribus
487 2273 607 2295 hominum
626 2272 729 2295 Christus
746 2276 780 2294 est
794 2278 861 2294 causa
882 2272 941 2294 ritae

373 2316 395 2334 et
412 2312 490 2334 salutis
507 2311 562 2335 ibid.
576 2324 607 2328 —
625 2312 685 2334 Deus
701 2312 819 2334 hominem
837 2312 911 2333 salvat
928 2317 939 2333 a

376 2352 457 2379 triplici
475 2351 601 2378 indigentia
619 2351 775 2379 fortificando,
793 2350 941 2373 illuminando

375 2394 397 2413 et
414 2391 557 2413 dulcorando
576 2391 619 2411 v189
638 2390 660 2412 b.
679 2391 723 2412 '190
741 2396 751 2411 a

420 2442 450 2446 —
469 2430 606 2451 constitutus
618 2433 653 2451 est
670 2429 691 2451 in
711 2429 858 2451 fluctuatione
876 2429 941 2451 mise-

373 2470 427 2496 riae,
446 2469 604 2491 colluctatione
621 2468 759 2497 inimicitiae,
771 2469 941 2496 exspectatione

374 2508 460 2536 gloriae
477 2509 502 2529 71
525 2514 536 2529 a
554 2520 585 2524 —
604 2508 655 2529 liius
673 2511 745 2530 status
769 2511 803 2529 est
820 2507 941 2535 gloriosior

373 2550 395 2569 et
413 2547 487 2569 utilior
505 2553 574 2575 quam
592 2550 664 2569 status
676 2548 816 2574 Angelorum
830 2547 875 2568 702
893 2553 912 2573 a,
927 2546 941 2568 b

420 2599 451 2602 —
470 2588 492 2608 ln
511 2586 578 2608 nobis
595 2589 627 2608 est
646 2586 729 2613 duplex
745 2587 827 2608 homo:
844 2586 941 2608 exterior

374 2630 395 2647 et
414 2626 507 2647 interior
521 2627 564 2647 208
578 2632 589 2647 a
609 2638 638 2641 —
656 2625 725 2647 habet
742 2631 834 2647 sensum
854 2625 941 2647 infanti-

375 2665 418 2687 letn
437 2668 459 2686 et
476 2665 570 2686 senilem
589 2664 642 2687 ibid.

423 2717 450 2719 —
470 2704 513 2732 Qui
531 2704 579 2726 vult
591 2710 641 2726 esse
655 2710 708 2726 cum
723 2703 862 2731 11011111111105,
875 2710 941 2731 opor-

374 2746 418 2769 tet,
436 2743 511 2770 ipsum
531 2743 609 2765 viv-ere
626 2743 685 2765 sicut
702 2742 807 2764 homines
824 2742 868 2764 523
886 2749 898 2764 a
911 2755 940 2758 —

373 2794 404 2798 -—
417 2782 477 2803 Deus
494 2782 589 2810 requirit
601 2782 622 2803 iu
637 2782 729 2804 homine
741 2781 940 2803 conservationem

374 2821 491 2849 dignitatis
510 2824 605 2843 naturae
623 2824 645 2842 01
662 2821 749 2848 gratiae
768 2820 810 2842 446
829 2826 840 2842 a
863 2833 893 2837 --
910 2821 940 2842 in-

374 2864 420 2883 star
438 2861 532 2882 seminis
558 2861 627 2882 debet
653 2860 764 2888 pullulare
791 2860 810 2881 iu
835 2860 940 2887 rigorem

375 2900 463 2927 gratiae
481 2903 502 2921 ct
520 2906 623 2921 crescere
642 2900 662 2921 in
682 2905 779 2921 messem
798 2899 883 2926 gloriae
899 2898 940 2920 194

826 973 872 995 Deo
896 976 944 995 erat

375 2938 389 2959 b
407 2951 437 2954 —
455 2945 499 2960 uon
518 2943 551 2960 est
564 2942 630 2960 natus
642 2939 669 2960 ad
684 2938 873 2960 manducandum
886 2938 915 2959 66
928 2944 939 2959 a
957 2932 958 2950 ἶ

374 2989 404 2992 -
421 2977 491 2999 1101101
508 2978 587 2999 venire
606 2978 627 2999 in
648 2978 780 2999 societatem
799 2978 938 3004 Angelorum

979 264 1032 288 ibid.
1050 278 1080 282 —
1097 265 1125 287 ad
1144 266 1187 288 hoe
1204 264 1275 288 debet
1291 271 1341 287 esse
1366 268 1475 287 strenuus
1491 264 1545 288 ibid.

980 317 1007 320 —-
1026 311 1072 327 non
1090 304 1160 327 debet
1176 311 1226 327 esse
1244 311 1317 332 purus
1335 305 1425 327 activus
1448 311 1489 326 nec
1507 310 1546 332 pu-

978 350 1017 366 rus
1034 344 1229 372 contemplativus
1246 344 1291 366 639
1310 350 1321 365 a
1341 356 1369 359 —
1387 346 1500 372 quantum
1512 346 1546 366 est

977 389 1055 406 coram
1076 384 1130 410 Deo,
1149 385 1236 405 tantum
1249 385 1290 411 est,
1302 386 1325 405 et
1342 383 1397 405 nihil
1416 383 1466 410 plus
1478 383 1522 405 578
1533 389 1545 404 a

1025 435 1055 438 —
1073 422 1154 445 Omnis
1171 423 1254 445 fiducia
1273 423 1374 444 humana
1392 422 1486 450 decipit,
1500 422 1546 449 pul-

977 462 1068 484 critudo
1100 462 1183 489 inficit,
1214 462 1323 484 tortitudo
1349 461 1426 483 deficit
1452 462 1497 483 220
1523 461 1545 483 1).

978 502 1018 523 221
1040 507 1052 523 a

1026 553 1055 556 —
1072 540 1111 569 qui
1131 541 1288 563 fecitcoenam
1308 546 1424 568 magnam,
1440 541 1545 568 designat

977 580 1093 602 Christum
1112 580 1156 602 357
1175 586 1187 601 a
1205 593 1235 595 —
1252 579 1292 608 qui
1315 579 1367 602 fecit
1383 586 1479 602 coenam
1500 586 1545 602 ma-

978 625 1056 647 gnam,
1073 619 1180 647 designat
1193 620 1264 641 Deum
1278 619 1323 640 360
1335 625 1347 641 a
1362 632 1388 634 —
1403 619 1546 642 descendens

977 658 1008 681 ab
1027 659 1147 680 ierusalem
1166 658 1188 680 in
1206 658 1291 680 Iericho
1304 657 1335 680 ob
1348 661 1393 680 tres
1410 664 1492 681 causas
1509 659 1546 681 de—

977 698 1054 726 signat
1070 698 1185 720 Adamum
1199 698 1243 719 398
1254 704 1266 720 a
1279 710 1309 714 —
1321 697 1424 720 incidens
1442 698 1463 720 in
1482 698 1547 720 latro-

977 744 1018 760 nes
1035 740 1069 759 est
1092 743 1166 765 genus
1184 738 1320 762 humanum,
1336 740 1358 760 et
1375 743 1473 765 persona
1492 743 1545 760 eum

979 777 1103 804 transiens,
1121 777 1200 805 legalis
1217 777 1299 799 iustitia
1319 776 1359 799 401
1382 783 1393 798 a

1026 817 1141 839 Hotx'asras
1160 829 1186 832 —
1202 816 1272 839 debet
1283 823 1333 839 esse
1346 817 1367 838 in
1379 816 1546 845 affectionibus,

978 856 1138 883 sermonibus,
1155 855 1330 884 operationibus
1348 857 1392 878 356
1412 856 1426 878 b
1449 869 1479 873 —-
1503 857 1546 878 llo-

978 887 1072 918 1105111ῑί5
1081 896 1151 918 decor
1163 895 1192 917 ab
1203 895 1303 918 interiori
1317 895 1417 924 incipiat,
1433 901 1462 917 ne
1473 895 1546 918 simus

978 936 1113 964 hypocritae
1130 936 1175 957 716
1193 941 1205 957 a
1223 948 1253 952 -
1271 935 1324 957 Sine
1349 936 1467 957 honestate
1486 935 1546 957 Deus

978 975 1066 998 nullum
1084 975 1226 997 desideriunt
1244 978 1376 1003 prospectat
1395 975 1439 997 435
1457 974 1471 996 b

1025 1015 1102 1037 Houoa
1119 1027 1150 1031 —
1166 1015 1252 1037 Amans
1264 1006 1363 1036 honores
1375 1020 1496 1043 nunquam
1509 1014 1546 1036 de-

979 1058 1073 1077 testatur
1097 1053 1231 1082 superbiam
1260 1055 1300 1076 162
1318 1060 1330 1075 a
1356 1066 1387 1070 -
1410 1053 1454 1082 Qui
1472 1054 1544 1075 Deum

978 1096 1104 1121 honorant,
1122 1094 1150 1116 illi
1168 1094 1241 1116 solum
1261 1095 1402 1116 honorantur
1420 1093 1464 1115 578
1484 1093 1498 1115 b
1515 1105 1545 1109 -—

977 1134 1060 1157 Contra
1079 1136 1177 1157 honores
1195 1134 1310 1156 humiliter
1327 1133 1493 1155 ambulandum
1511 1136 1545 1155 est

977 1181 1030 1197 cum
1049 1175 1096 1196 Deo
1113 1174 1157 1196 365
1171 1173 1185 1195 b
1202 1186 1232 1189 —
1250 1179 1293 1201 pro
1312 1173 1388 1195 multis
1405 1176 1458 1194 sunt
1476 1179 1544 1194 causa

977 1214 1133 1237 damnationis
1156 1212 1185 1236 ib.
1203 1220 1224 1240 a,
1243 1212 1257 1235 b
1281 1226 1309 1228 —
1333 1212 1436 1234 Christus
1456 1212 1544 1240 positus

976 1256 1010 1276 est
1023 1254 1043 1275 in
1063 1253 1183 1280 praesepio
1196 1255 1274 1275 contra
1290 1252 1413 1274 vanitatem
1427 1253 1543 1274 honorum

978 1293 1022 1314 r102
1040 1299 1051 1314 a

1025 1329 1132 1350 HOItDEUM
1153 1340 1184 1344 --
1205 1327 1312 1355 designat
1335 1327 1498 1354 poenitentiam
1520 1326 1543 1348 in

976 1373 1045 1389 carne
1063 1368 1108 1389 533
1127 1367 1141 1389 b

1024 1407 1170 1429 Hon'ruutxus
1187 1419 1217 1423 —
1234 1406 1289 1428 Boni
1316 1406 1429 1428 hortulani
1455 1408 1489 1427 est
1511 1411 1544 1427 ar-

976 1446 1057 1468 borem
1075 1452 1120 1468 non
1140 1446 1312 1468 fructificantem
1330 1445 1427 1467 evellere
1445 1444 1489 1467 237
1508 1451 1519 1466 a

1024 1486 1108 1508 1105105
1126 1498 1153 1500 —
1172 1485 1246 1507 malus
1258 1491 1344 1513 equum
1364 1485 1436 1512 pascit
1448 1487 1469 1506 et
1482 1484 1544 1513 equi-

976 1528 1021 1547 tem
1040 1525 1131 1552 expellit
1149 1525 1192 1546 329
1211 1531 1223 1546 a

1023 1565 1107 1586 Ilosrcs
1124 1577 1153 1580 -—
1166 1564 1238 1586 nostri
1250 1566 1303 1586 sunt
1314 1562 1428 1591 diabolus,
1442 1563 1544 1585 mundus

975 1607 997 1626 et
1014 1610 1099 1632 corpus
1118 1604 1238 1632 proprium
1257 1604 1301 1625 266
1321 1609 1333 1624 11

1022 1643 1118 1665 1105111111
1135 1655 1165 1659 -
1183 1643 1268 1664 veteris
1286 1643 1352 1670 Legis
1370 1648 1414 1664 non
1438 1645 1543 1669 poterant

977 1682 1101 1704 iustificare
1119 1682 1163 1704 642
1181 1688 1192 1703 a
1212 1694 1242 1698 —
1260 1682 1383 1710 Postquam
1404 1681 1475 1709 Virgo
1487 1684 1543 1703 attu-

975 1723 998 1744 lit
1016 1723 1114 1744 hostiam
1133 1722 1263 1748 riventem,
1289 1721 1420 1743 sacerdotes
1445 1724 1542 1748 possunt

975 1762 1057 1783 offerre
1069 1761 1167 1783 hostiam
1180 1761 1359 1783 sanctificantem
1373 1759 1426 1783 ibid.
1438 1772 1469 1776 —
1481 1760 1542 1782 Chri-

974 1804 1031 1827 stus,
1044 1801 1116 1823 hostia
1131 1807 1193 1827 vera,
1205 1800 1287 1822 sufficit
1301 1800 1329 1822 ad
1342 1800 1446 1822 0011111101
1462 1799 1542 1822 sancti-

976 1840 1105 1862 ficationem
1125 1839 1154 1862 ib.
1172 1840 1187 1862 b
1206 1852 1233 1855 —
1253 1839 1445 1862 1101110501101101
1462 1838 1542 1861 sancti-

976 1880 1044 1902 ficare
1062 1880 1159 1902 hostiam
1178 1879 1256 1901 viram
1276 1885 1316 1906 per
1342 1879 1424 1905 fidem,
1442 1878 1541 1901 occisam

976 1925 1017 1947 per
1031 1919 1240 1946 mortificationem,
1253 1921 1422 1940 concrematam
1436 1917 1542 1940 inccndio

975 1959 1061 1981 amoris
1079 1958 1123 1980 647
1141 1965 1152 1979 a

1024 1998 1084 2020 111100
1101 2010 1131 2014 -
1149 1998 1178 2019 de
1190 2000 1268 2019 sancto
1282 1997 1374 2019 Victore
1390 2002 1443 2018 cum
1458 2002 1540 2024 magna

976 2037 1131 2059 consolatione
1149 2036 1260 2064 decessit,
1285 2042 1338 2057 011111
1357 2036 1478 2063 sacerdos,
1501 2035 1540 2064 qui

976 2077 1012 2098 illo
1030 2076 1067 2098 die
1085 2075 1256 2102 celebraverat,
1279 2075 1381 2097 sufflaret
1403 2075 1425 2096 in
1448 2075 1498 2096 eius
1515 2080 1541 2096 os

976 2116 1020 2138 259
1038 2121 1058 2142 a,
1077 2115 1091 2136 b

1023 2155 1114 2176 Humtis
1132 2167 1159 2169 —
1179 2154 1203 2176 tit
1220 2155 1291 2176 homo
1308 2159 1350 2181 per
1362 2154 1468 2175 affectum
1488 2153 1541 2175 infe-

976 2194 1083 2216 rioritatis
1106 2194 1150 2216 594
1177 2199 1188 2215 a
1215 2205 1245 2209 —
1271 2196 1364 2221 paratus
1390 2196 1424 2215 est
1444 2192 1540 2215 subesse

975 2233 1042 2255 etiam
1069 2232 1215 2255 inferioribus
1240 2233 1281 2254 681
1308 2232 1322 2254 b
1350 2245 1377 2247 —
1403 2232 1489 2259 gaudet
1511 2232 1541 2254 de

974 2273 1009 2295 sui
1028 2272 1155 2295 abiet-tione
1173 2272 1217 2294 577
1237 2271 1251 2294 b
1269 2284 1298 2287 —
1316 2272 1443 2299 gratulatur
1461 2271 1481 2293 in
1499 2277 1539 2293 sua

975 2312 1123 2340 despectione
1141 2312 1185 2333 263
1205 2311 1219 2333 b
1239 2324 1267 2327 ἡ
1285 2317 1354 2333 verus
1372 2311 1420 2333 vult
1437 2311 1488 2333 vilis
1506 2317 1540 2333 re-

975 2352 1059 2379 putari,
1072 2358 1117 2373 non
1131 2351 1224 2373 humilis
1237 2351 1365 2378 praedicari
1379 2350 1423 2372 577
1437 2350 1460 2372 b.
1473 2350 1518 2372 595
1528 2356 1539 2371 a

1021 2402 1052 2407 —-
1070 2390 1092 2412 in
1110 2393 1160 2412 ortu
1180 2390 1281 2417 Virginis
1293 2390 1380 2412 exaltati
1398 2392 1451 2411 sunt
1467 2389 1508 2411 711
1525 2388 1540 2411 b

974 2442 1004 2446 -
1022 2436 1063 2457 per
1080 2430 1150 2452 valles
1168 2429 1319 2457 designantur
1337 2429 1381 2450 676
1399 2435 1411 2450 a
1430 2441 1457 2443 —
1475 2430 1540 2456 Aqua

974 2469 1067 2491 divinae
1084 2468 1244 2490 consolationis
1260 2468 1379 2490 descendit
1396 2468 1425 2490 ad
1443 2467 1541 2489 humiles

975 2508 1004 2530 64
1022 2514 1034 2529 a
1051 2520 1082 2524 ——
1099 2508 1132 2529 Act
1156 2508 1224 2529 corda
1249 2507 1343 2529 humilia
1365 2507 1485 2529 descendit
1510 2506 1540 2528 (11-

974 2547 1027 2569 vina
1045 2547 1156 2575 sapientia
1183 2546 1227 2568 478
1246 2553 1256 2568 a
1276 2559 1306 2562 —
1324 2547 1385 2568 Deus
1410 2546 1479 2573 elegit
1502 2547 1541 2568 hu-

975 2586 1047 2613 011105,
1067 2589 1090 2608 111
1107 2589 1179 2608 totum
1199 2586 1245 2607 Deo
1263 2585 1413 2607 attribuerent
1432 2585 1475 2607 483
1488 2591 1540 2607 a·-

975 2626 1077 2648 llumiles
1103 2626 1164 2647 Deus
1187 2625 1310 2653 praecipue
1334 2625 1396 2652 eligit
1424 2628 1446 2646 01
1473 2627 1540 2646 vocat

975 2664 1020 2687 515
1038 2671 1049 2686 a

1022 2716 1052 2720 —
1070 2704 1191 2732 Nunquam
1205 2703 1320 2731 permittet
1334 2697 1454 2729 Dominus,
1468 2702 1540 2724 humi-

974 2743 1018 2765 lem
1036 2748 1113 2764 errare
1132 2743 1175 2765 478
1194 2749 1205 2764 a
1224 2755 1254 2758 ——
1273 2743 1327 2770 tpsis
1347 2742 1484 2770 expanditur
1506 2748 1539 2763 ra-

974 2782 1027 2803 dius
1049 2782 1142 2804 divinus
1159 2782 1188 2803 30
1208 2781 1221 2803 b
1240 2794 1267 2797 -
1294 2781 1423 2803 Humilibus
1446 2781 1539 2803 manite-

974 2824 1046 2843 statur
1063 2820 1166 2843 Christus
1184 2822 1227 2842 238
1246 2820 1261 2842 b
1278 2833 1308 2836 —-
1327 2820 1456 2842 llumilibus
1477 2820 1539 2842 venit

975 2859 1078 2882 Christus
1104 2864 1127 2882 ut
1153 2860 1263 2887 splendor
1280 2859 1382 2881 veritatis
1412 2860 1452 2881 128
1471 2858 1486 2880 b
1508 2870 1539 2874 —

974 2899 1077 2921 Christus
1095 2899 1169 2927 magis
1186 2899 1329 2926 appretiatur
1348 2899 1445 2920 humiles
1462 2898 1506 2919 578
1525 2904 1536 2919 a

1022 2951 1050 2953 —
1070 2939 1205 2966 impletura
1228 2938 1317 2960 Christo
1343 2937 1445 2966 quinque
1470 2937 1538 2959 (101115

973 2977 1003 2999 77
1023 2977 1036 2999 b
1054 2989 1084 2993 —
1101 2979 1175 3005 Super
1193 2977 1291 2999 humiles
1305 2977 1427 3005 requiescit
1440 2976 1538 3003 Spiritus

927 186 1028 215 INDEX
1049 186 1289 215 ALPHABETICUS
1313 186 1389 215 NONl
1413 186 1600 215 VOtiUttttNtS.

1835 226 1895 249 HUM

1582 265 1604 287 S.
1622 265 1650 287 23
1670 271 1681 287 a
1699 277 1730 282 —
1748 265 1846 288 maxime
1864 266 1968 293 dispositi
1986 270 2039 289 sunt
2055 267 2084 289 ad
2098 273 2148 295 gra-

1581 304 1634 326 tiam
1653 305 1852 332 contemplationis
1870 305 1915 327 303
1928 311 1940 327 a
1959 318 1987 321 -—
2006 306 2062 328 Nulli
2080 306 2149 329 datur

1581 343 1709 366 benedictio
1727 344 1807 366 divina
1826 344 1867 366 nisi
1886 345 1966 366 humili
1985 346 2029 367 686
2042 345 2057 367 b
2074 358 2105 362 —
2117 346 2148 367 vi-

1580 386 1625 405 tam
1645 382 1735 405 beatam
1758 386 1933 412 consequuntur
1956 384 2000 405 600
2023 391 2035 406 a
2053 397 2084 401 —
2106 385 2148 407 soli

1579 422 1769 449 glorificabuntur
1787 422 1831 444 578
1851 422 1864 444 b
1882 436 1912 438 —
1930 427 2091 446 remuneratur
2113 430 2148 447 50-

1579 461 1682 483 cundum
1702 462 1858 484 extensionem
1877 463 2009 485 humilitatis
2027 464 2072 485 262
2090 463 2105 485 b

1626 513 1655 517 —
1665 501 1743 523 Simus
1755 501 1853 523 humiles
1864 507 1916 524 cum
1930 501 2019 524 Christo
2031 505 2053 524 et
2066 503 2148 525 loanne

1579 539 1623 562 546
1643 546 1654 562 a
1676 552 1707 556 —
1734 541 1794 562 11111111
1820 547 1865 562 11011
1888 541 2006 563 imitantur
2031 541 2146 564 Christum

1580 579 1706 606 humilem,
1723 579 1762 602 sed
1782 579 1900 602 diabolum
1923 580 2051 608 superbum
2070 582 2114 603 298
2133 581 2147 604 b

1626 618 1746 640 Hunnttus
1762 630 1793 634 —
1810 620 1913 641 consistit
1930 619 1951 641 in
1970 620 2096 642 intellectus
2113 627 2148 643 ca-

1579 657 1705 685 ptivatione
1727 658 1768 679 182
1786 664 1798 679 a
1818 671 1845 674 —
1864 661 1898 680 est
1915 659 1995 686 virtus,
2013 666 2058 688 qua
2077 660 2147 682 homo

1580 697 1699 719 verissima
1718 697 1834 725 agnitione
1845 697 1889 720 sibi
1907 698 1951 726 ipsi
1969 699 2058 721 vilescit
2075 699 2119 721 305
2132 698 2146 721 b

1579 748 1610 753 —
1626 742 1671 758 non
1691 739 1725 758 est
1741 737 1811 766 aliud,
1824 737 1867 759 nisi
1883 738 1946 766 quod
1964 739 2034 760 homo
2048 741 2147 766 reputet,

1580 781 1605 797 se
1622 776 1677 798 nihil
1695 782 1754 803 esse,
1771 779 1793 798 et
1818 777 1881 805 quod
1899 777 1954 799 vetit
1970 777 2022 799 vilis
2044 778 2146 806 reputari

1581 815 1625 837 627
1643 814 1658 837 b
1675 827 1706 832 —
1723 822 1768 838 non
1786 822 1841 843 sua,
1858 816 1898 838 sed
1915 816 1986 838 aliena
2011 817 2090 839 merita
2114 823 2147 839 re-

1581 857 1645 881 putat
1662 855 1706 877 529
1724 854 1739 876 b
1757 868 1785 870 —-
1803 861 1828 878 se
1845 855 1966 878 abscondit
1983 858 2004 878 et
2021 856 2147 878 obumbrat

1580 894 1625 915 695
1643 900 1654 915 a
1672 906 1703 910 —
1721 897 1817 916 vocatur
1843 894 1960 923 obstetrix,
1977 901 2037 924 quae
2054 895 2147 918 rectina-

1579 933 1612 955 vit
1631 933 1753 956 Dominum
1773 934 1794 956 in
1812 934 1934 962 praesepio
1958 935 1996 956 102
2015 934 2030 956 b

1626 985 1656 988 —
1674 973 1694 994 ln
1713 973 1840 995 humilitate
1857 974 1973 995 hominem
1992 974 2145 1002 praecipuum

1581 1012 1665 1034 faciunt
1683 1012 1733 1034 vitis
1751 1011 1850 1040 habitus,
1868 1013 1965 1035 exterior
1982 1013 2064 1040 luctus,
2082 1013 2146 1041 spiri-

1579 1054 1615 1073 tus
1633 1054 1735 1074 moestus
1753 1051 1797 1073 488
1816 1051 1830 1074 b
1848 1065 1878 1067 —
1896 1052 1990 1080 quando
2007 1053 2036 1075 sit
2053 1059 2147 1080 magna,

1580 1091 1659 1118 maior,
1673 1091 1771 1113 maxima
1790 1091 1834 1113 262
1853 1097 1874 1113 a.
1892 1091 1936 1113 442
1949 1091 1972 1113 b.
1985 1091 2029 1113 466
2043 1091 2057 1113 b
2069 1104 2100 1108 -
2112 1096 2146 1114 est

1578 1130 1695 1157 praeclara
1714 1130 1737 1152 in
1754 1130 1884 1158 praeclaris,
1897 1131 2036 1158 praeclarior
2049 1132 2069 1153 in
2082 1138 2147 1159 prae-

1579 1168 1721 1195 clarioribus,
1731 1170 1914 1197 praeclarissima
1925 1170 1946 1192 in
1958 1170 2146 1197 praeclarissimis

1579 1208 1623 1230 305
1643 1208 1657 1230 1)
1676 1221 1702 1224 —
1721 1213 1755 1230 est
1772 1209 2008 1237 contlescendentiae,
2029 1211 2145 1237 perfectae

1578 1247 1689 1275 iustitiae,
1707 1249 1822 1275 cautelae,
1840 1249 1988 1276 disciplinae,
2011 1250 2145 1272 tolerantiae

1579 1287 1623 1308 320
1641 1286 1656 1308 b

1627 1338 1656 1342 —
1674 1326 1764 1354 Triplex
1782 1327 1877 1349 05101115
1890 1327 2002 1349 motivum
2016 1329 2144 1355 perfectum

1579 1364 1623 1386 393
1642 1372 1653 1387 a
1673 1377 1703 1380 —
1720 1366 1815 1388 Notatur
1833 1366 1911 1393 triplex
1929 1366 1979 1389 eius
2004 1372 2080 1394 actus,
2098 1373 2144 1390 mo-

1579 1404 1666 1431 tivum,
1686 1406 1771 1426 fructus
1789 1405 1834 1427 369
1852 1404 1875 1427 bi
1896 1406 1940 1427 370
1953 1412 1964 1427 a
1982 1419 2011 1421 —
2023 1406 2077 1429 Eius
2095 1413 2145 1434 gra-

1577 1444 1622 1465 dus
1638 1447 1700 1465 sunt:
1713 1450 1822 1472 spernere
1835 1445 1957 1472 mundum,
1968 1452 2078 1473 spernere
2095 1446 2144 1468 nnl-

1578 1483 1633 1509 111111,
1644 1489 1753 1510 spernere
1765 1490 1789 1505 se
1801 1484 1886 1512 ipsum,
1896 1490 2013 1512 spernere,
2022 1491 2046 1507 se
2059 1485 2143 1513 sperni,

1578 1522 1680 1549 gaudere
1697 1529 1722 1545 se
1744 1526 1846 1550 spretum
1866 1524 1905 1545 321
1929 1530 1941 1545 a
1963 1537 1992 1540 —
2014 1525 2143 1546 secundum

1577 1562 1710 1584 Ametinum
1729 1562 1798 1584 habet
1814 1568 1852 1584 sex
1870 1562 1957 1590 gradus
1970 1563 2013 1584 578
2026 1569 2038 1585 a
2051 1575 2081 1579 ——
2094 1569 2142 1591 per-

1578 1602 1633 1623 fecta
1652 1602 1748 1629 requirit
1765 1602 1869 1630 quinque
1881 1602 2024 1624 conditiones
2038 1602 2082 1624 395
2094 1609 2114 1630 a,
2127 1602 2142 1625 b

1576 1652 1607 1656 —
1628 1640 1669 1662 Per
1691 1641 1739 1663 illas
1761 1642 1830 1663 homo
1854 1644 1955 1663 meretur
1975 1641 2142 1670 quintuplicem

1575 1680 1734 1701 exaltationem
1752 1679 1780 1702 ib.
1799 1679 1814 1701 b

1623 1731 1653 1735 —
1678 1719 1785 1746 Oportet,
1810 1719 1874 1747 quod
1898 1720 1968 1741 homo
1994 1719 2087 1747 incipiat
2112 1719 2141 1741 ab

1576 1758 1703 1780 humilitate
1721 1758 1765 1780 556
1783 1764 1794 1780 a
1815 1770 1843 1773 —
1860 1758 1944 1780 dicitur
1962 1759 2034 1786 prima
2053 1759 2142 1787 sapien-

1576 1797 1604 1819 tia
1623 1796 1676 1819 ibid.
1693 1810 1724 1813 —
1742 1801 1775 1819 est
1792 1798 1856 1819 radix
1874 1798 1998 1820 sanctitatis
2015 1798 2059 1820 577
2080 1797 2093 1820 b
2110 1810 2142 1815 —-

1575 1836 1609 1858 Ab
1627 1842 1653 1858 ea
1671 1837 1751 1865 incipit
1768 1837 1880 1864 professio
1893 1837 2014 1859 christiana
2028 1840 2050 1859 et
2061 1837 2140 1860 divina

1576 1876 1620 1897 696
1639 1875 1653 1897 b
1671 1888 1701 1891 —
1719 1876 1767 1898 Non
1785 1879 1819 1898 est
1835 1876 1919 1904 pagina
1937 1882 1978 1898 nec
1996 1876 2053 1899 linea
2072 1876 2093 1898 in
2105 1883 2141 1899 sa-

1575 1921 1612 1937 cra
1631 1915 1762 1942 Scriptura,
1780 1921 1840 1944 quae
1865 1921 1911 1937 non
1933 1916 2052 1943 praedicet
2069 1916 2142 1938 hnmi-

1575 1954 1660 1976 litatem
1679 1954 1723 1976 579
1743 1961 1753 1976 a
1772 1966 1802 1970 —
1820 1954 2013 1977 Nihilamabssius
2024 1958 2058 1977 est
2069 1961 2140 1983 quam

1576 1993 1693 2015 humilitas
1711 1994 1731 2015 in
1751 1993 1867 2016 nobilitate
1885 1994 1910 2016 71
1934 1993 1948 2016 b
1968 2006 1995 2009 —
2012 1994 2071 2016 Nihil
2089 2000 2139 2022 gra-

1576 2033 1655 2054 tiosius
1665 2036 1699 2054 est
1711 2039 1780 2061 quam
1795 2032 1901 2055 nobilitas
1912 2033 1934 2055 in
1948 2034 2074 2055 humilitate
2086 2032 2140 2056 ibid.

1574 2083 1604 2087 —
1616 2074 1650 2093 est
1663 2072 1736 2093 1111115
1752 2072 1852 2093 maxima
1870 2072 1915 2094 595
1934 2072 1947 2094 b
1960 2084 1989 2088 —
2002 2072 2047 2094 soti
2066 2072 2142 2095 humi-

1574 2110 1605 2131 les
1619 2110 1690 2132 Deum
1704 2112 1816 2132 honorant
1827 2111 1873 2132 578
1886 2110 1909 2133 h.
1922 2111 1967 2133 595
1980 2110 1994 2133 b
2007 2124 2037 2127 -—
2049 2112 2140 2139 Quanto

1574 2149 1626 2177 quis
1644 2150 1718 2177 magis
1735 2156 1760 2171 50
1773 2150 1889 2177 110111111111,
1903 2153 1963 2172 tanto
1976 2150 2051 2178 magis
2065 2151 2139 2173 Deum

1574 2190 1671 2211 honorat
1687 2192 1709 2210 et
1719 2189 1747 2211 ad
1757 2189 1876 2217 superiora
1887 2190 2060 2218 appropinquat
2073 2190 2117 2212 394
2126 2196 2139 2212 a

1621 2240 1651 2244 —
1670 2229 1710 2250 l'er
1728 2228 1878 2250 humilitatem
1904 2232 1993 2250 terrena
2016 2230 2093 2251 omnia
2110 2229 2140 2251 de

1577 2267 1688 2289 cordibus
1705 2271 1817 2290 eruuntur
1835 2268 1879 2289 238
1898 2274 1910 2289 a
1927 2280 1957 2284 —
1976 2269 2039 2295 facit,
2058 2272 2139 2291 utnon

1574 2307 1647 2329 simus
1665 2307 1757 2329 fastuosi
1779 2308 1820 2329 182
1837 2313 1850 2329 a
1868 2319 1897 2323 —
1915 2308 2050 2330 exterminat
2061 2313 2140 2335 super-

1575 2346 1636 2368 biam
1655 2347 1700 2368 579
1717 2353 1729 2368 a
1748 2359 1778 2362 -
1803 2347 1846 2375 Qui
1864 2352 1888 2368 se
1912 2347 2016 2368 humiliat
2032 2347 2086 2369 vitia
2104 2353 2140 2369 su-

1574 2389 1639 2413 perat
1657 2386 1700 2407 207
1720 2385 1734 2407 11
1747 2398 1776 2402 -
1794 2386 1894 2414 disponit
1911 2386 1940 2408 ad
1954 2387 2138 2409 informationem

1575 2425 1621 2447 292
1639 2424 1654 2447 1)
1671 2437 1702 2441 -
1720 2425 1819 2448 custodit
1836 2426 1946 2453 parvulos
1963 2426 2045 2448 Christi
2063 2426 2107 2447 396
2126 2431 2139 2447 a

1621 2476 1652 2480 —
1670 2464 1722 2486 facit
1740 2465 1867 2492 gratiosum
1891 2465 1914 2486 in
1936 2465 2061 2487 intentione
2078 2465 2107 2487 23
2126 2471 2138 2487 a

1574 2515 1603 2518 —
1620 2503 1707 2525 caritati
1726 2504 1801 2525 locuni
1820 2506 1950 2531 praeparat,
1963 2504 2018 2526 dum
2037 2506 2137 2526 mentem

1573 2548 1586 2564 a
1604 2543 1703 2565 vanitate
1720 2546 1818 2565 evacuat
1835 2543 1880 2565 595
1898 2542 1912 2564 11
1925 2555 1954 2558 —
1967 2543 2056 2570 mitigat
2068 2543 2138 2570 iram,

1574 2582 1660 2604 invenit
1677 2582 1787 2610 gratiam,
1811 2586 1957 2604 consummat
1982 2582 2090 2604 iustitiam
2116 2586 2138 2604 et

1573 2622 1680 2649 perducit
1704 2622 1725 2643 in
1748 2622 1845 2649 gloriam
1869 2621 1914 2644 595
1936 2628 1956 2650 a,
1975 2621 1997 2643 b.
2014 2622 2059 2643 596
2077 2628 2090 2643 a
2107 2634 2137 2638 -

1573 2661 1596 2683 Si
1625 2660 1721 2682 habetur
1747 2660 1878 2683 obedientia
1906 2661 2041 2688 humilium,
2068 2662 2137 2683 homo

1573 2706 1627 2722 vere
1644 2704 1678 2722 051
1695 2700 1783 2722 caelum
1802 2700 1847 2722 588
1866 2700 1880 2722 b

1617 2751 1644 2755 --
1664 2738 1777 2767 Superbia
1796 2739 1869 2767 posita
1886 2745 1956 2767 super
1973 2739 2085 2762 carbones
2098 2740 2137 2761 hu-

1573 2778 1673 2800 militatis
1691 2780 1754 2806 fugat
1770 2779 1897 2801 daemones
1914 2779 1959 2800 529
1977 2778 1991 2800 b
2008 2790 2039 2795 —
2056 2778 2137 2800 liberat

1572 2817 1601 2839 ab
1619 2818 1672 2845 igne
1690 2819 1810 2845 gehenuae
1828 2821 1850 2840 et
1872 2818 1969 2846 acquirit
1991 2817 2068 2845 ignem
2086 2824 2135 2845 gra-

1572 2857 1616 2879 tiae
1633 2857 1678 2879 543
1696 2863 1707 2879 a

1619 2909 1649 2913 —
1667 2898 1788 2919 humorem
1807 2897 1893 2924 gratiae
1911 2897 1938 2918 ad
1957 2903 1981 2918 se
1999 2896 2065 2918 trahit
2077 2897 2135 2919 sicut

1572 2936 1636 2958 radix
1654 2937 1682 2958 52
1701 2942 1713 2958 a
1730 2948 1761 2952 ———
1779 2937 1830 2958 facit
1853 2935 1975 2958 amabilem
1994 2936 2041 2958 Deo
2060 2936 2104 2957 262
2122 2942 2134 2958 a

1571 2989 1600 2991 —
1618 2976 1732 3003 profunda
1752 2976 1814 3003 facit,
1833 2979 1857 2998 nt
1875 2977 1943 2998 homo
1966 2976 2104 3003 suscipiatur
2122 2982 2134 2997 a
