2269 3448
413 205 449 233 76

666 242 723 264 ADA

460 296 491 300 —
508 288 633 311 utrumque
651 281 700 304 fleri
723 281 827 308 credidit,
846 283 870 302 ut
892 283 914 302 01
931 286 979 302 mu-

413 323 461 345 lieri
480 328 568 344 morem
587 324 677 349 gereret
694 323 716 342 01
739 322 817 348 postea
842 325 883 347 per
901 319 979 347 poeni-

414 362 506 384 tentiam
530 361 657 389 poeniteret
679 359 706 382 47
726 359 740 381 b
758 372 788 375 —
805 362 827 381 et
844 360 890 381 Eva
908 358 980 386 negli-

414 404 494 429 genter
516 403 614 428 egeruut
640 400 661 421 in
686 399 790 421 custodia
816 398 978 420 mandatorum

418 441 458 462 193
478 446 489 461 a
508 452 538 456 -
554 445 600 461 non
618 438 718 466 portavit
735 438 817 465 iugum
835 436 980 459 obedieutiae

415 479 459 501 263
478 485 490 501 3
509 491 538 494 -
556 484 635 500 aurem
654 478 749 499 allectus
766 476 845 498 clausit
862 475 981 498 affectione

414 522 502 541 terrena
529 521 551 539 et
575 523 655 539 aurem
683 516 808 538 intellectus
833 521 874 543 spe
901 520 979 537 conse-

415 558 500 586 quendi
523 557 615 579 veniam
639 556 666 578 47
686 555 700 577 b
718 568 747 571 —
765 561 777 577 3
796 554 888 577 diabolo
907 554 981 575 victus

415 600 449 619 est
466 603 506 624 per
524 596 641 618 lasciviam
659 598 681 617 et
699 594 807 616 malitiam
827 593 866 615 261
889 599 901 614 3
914 605 944 608 -
956 598 980 614 se

416 635 534 658 excusavit
550 638 572 657 et
589 635 660 657 voluit
678 636 799 661 peccatum
812 635 947 660 retorquere
959 631 981 653 in

415 676 488 697 Deum
506 673 560 697 ibid.
580 687 607 689 —
626 674 738 701 deceptus
755 675 789 694 est
806 678 847 699 per
860 671 980 693 mulierem

415 713 469 737 ibici.

462 752 596 780 —quando
607 751 718 779 peccavit,
728 750 803 772 statim
816 749 903 771 eiectus
916 748 957 770 suit
969 753 980 768 a

416 791 522 819 paradiso
541 791 569 812 63
585 797 604 812 a.
617 790 658 812 541
682 796 693 811 3
706 802 736 805 -
749 789 837 816 positus
851 788 891 810 11111
904 787 925 809 in
938 788 981 809 hoc

416 830 503 853 mundo
521 830 579 852 sicut
597 829 618 851 11)
636 835 728 851 carcere
746 827 786 850 541
809 834 821 849 a
839 840 869 842 —
881 826 935 855 quia
947 831 982 848 re—

416 869 483 892 cessit
500 875 511 891 a
531 870 591 891 sonte
608 868 672 895 lucis,
690 868 742 889 ideo
768 866 850 889 cecidit
876 866 897 887 in
921 868 982 887 tene-

415 908 482 935 bras;
500 908 554 937 quia
572 914 584 929 a
602 907 695 933 virtute,
712 907 734 928 in
748 905 916 931 infirmitatum
928 904 983 933 quia

416 954 428 969 a
446 947 500 975 vita,
519 947 541 968 111
560 950 658 969 mortem
677 945 720 967 317
739 952 750 967 a
769 957 799 961 —
817 943 918 972 perdidit
929 949 983 965 esus

416 986 472 1014 ligni
490 986 550 1009 vitae
568 986 596 1007 63
615 992 627 1007 a
646 998 675 1001 ——
693 991 734 1012 per
751 986 872 1011 peccatum
890 989 902 1005 a
915 982 984 1004 beati-

417 1026 496 1049 tudine
513 1025 633 1048 descendit
649 1025 679 1047 ad
705 1023 809 1046 miserias
834 1026 856 1045 et
880 1023 984 1044 desectus

417 1066 486 1088 huius
503 1065 564 1087 vitae
582 1065 626 1087 398
641 1064 655 1085 b
667 1076 698 1080 —
710 1063 890 1091 patriarchatum
904 1060 985 1083 habuit

417 1105 462 1127 695
473 1111 485 1126 a
494 1117 525 1121 --
535 1104 575 1126 Hic
585 1104 707 1125 translatus
719 1105 753 1124 est
762 1102 790 1124 ad
801 1101 917 1124 Christum
930 1099 983 1122 ibid.

466 1157 495 1160 —-
513 1143 589 1165 amisit
606 1142 649 1165 sibi
668 1146 689 1164 et
706 1147 762 1164 suae
780 1140 905 1169 posteritati
924 1139 984 1161 inno-

418 1184 517 1207 centiam
535 1184 564 1205 28
581 1189 594 1205 3
613 1195 640 1197 -
659 1182 712 1204 Ε1115
725 1180 880 1203 inobedientia
894 1179 985 1201 11111110-

418 1223 454 1245 bis
466 1229 533 1246 causa
551 1221 686 1250 perditionis
698 1221 742 1243 263
756 1227 768 1242 3
780 1232 810 1236 -—-
824 1220 854 1241 Eo
867 1222 985 1247 peccante,

419 1269 492 1291 genus
515 1263 641 1284 humanum
665 1260 785 1283 descendit
807 1265 818 1280 a
837 1258 945 1287 paradiso
963 1257 984 1278 in

419 1302 532 1324 mundum
552 1301 591 1323 401
614 1307 626 1323 3
644 1313 674 1317 -
692 1301 733 1322 Per
750 1300 800 1322 eius
818 1302 938 1327 peceatum
951 1303 986 1319 ce-

418 1341 518 1364 cidimus
535 1342 557 1363 in
575 1341 662 1363 malum
680 1340 763 1368 eulpae
780 1343 801 1361 et
814 1345 902 1366 poenae
916 1337 960 1360 304
973 1344 985 1359 3
1002 1341 1003 1346 ’

419 1394 448 1397 -
466 1387 519 1403 euni
538 1383 581 1402 1013
602 1380 733 1408 posteritate
751 1379 844 1401 recessit
861 1384 873 1400 a
892 1378 939 1399 Deo
956 1377 985 1398 50

419 1420 434 1442 b
452 1433 481 1435 —
499 1424 594 1448 propter
612 1422 733 1447 peccatum
752 1419 793 1440 suit
810 1419 895 1440 eiectus
907 1417 935 1439 de
949 1422 986 1444 pa·

418 1460 503 1487 radiso,
520 1463 643 1487 corruptus
660 1459 682 1481 in
699 1464 796 1486 corpore
808 1462 830 1480 et
842 1458 863 1480 in
876 1457 952 1479 anima
964 1459 983 1477 et

420 1499 487 1521 etiam
507 1500 564 1521 lilios
577 1499 673 1521 inlectos
685 1499 805 1526 generavit
819 1498 846 1520 47
859 1497 874 1520 b
887 1511 915 1513 —
928 1499 985 1520 Tota

419 1539 540 1567 posteritas
557 1538 620 1561 Adae
638 1538 780 1560 damnationi
793 1537 930 1564 subiaceret,
943 1537 985 1559 11151

420 1581 480 1601 essct
496 1578 654 1600 misericordia
674 1578 711 1599 Dei
729 1578 774 1599 209
793 1577 808 1599 b

467 1630 497 1634 —
514 1618 616 1640 comedit
633 1617 710 1639 cibum
730 1617 826 1639 vetitum
845 1616 888 1639 sibi
901 1619 923 1639 et
935 1616 986 1639 filiis

420 1657 467 1680 suis
485 1658 506 1679 111
524 1660 621 1679 mortem
640 1656 685 1679 254
704 1656 718 1678 1)
736 1669 765 1672 -—
785 1657 825 1678 Per
837 1656 910 1678 Adam
923 1656 987 1678 venit

421 1703 483 1719 mors
500 1697 521 1719 in
535 1703 626 1725 omnes⁷
639 1696 679 1725 qui
691 1696 836 1718 descendunt
846 1695 876 1717 ab
888 1695 937 1717 eius
949 1695 985 1717 sti-

420 1737 467 1765 pite
484 1742 525 1764 per
542 1736 603 1758 vlam
622 1735 723 1758 libidinis
743 1738 765 1757 et
786 1735 987 1762 concupiscentiae

421 1776 465 1798 239
484 1782 496 1797 3
513 1788 543 1791 -
561 1776 583 1797 ln
602 1776 651 1803 ipso
665 1781 746 1797 omnes
758 1774 887 1796 moriuntur
899 1774 987 1796 ratione

421 1815 510 1843 primae
528 1814 732 1842 praevaricationis
749 1813 803 1836 ibid.
822 1814 866 1835 273
885 1820 897 1835 3

470 1867 498 1870 -—
516 1853 653 1876 describitur
670 1853 747 1882 quoad
761 1853 909 1879 creationem,
922 1858 987 1880 prae-

422 1894 599 1920 varicationem,
619 1893 761 1921 punitionem
785 1892 829 1915 sub
852 1893 987 1920 metaphora

422 1933 528 1959 hominis,
541 1932 580 1961 qui
592 1932 672 1954 incidit
683 1932 706 1954 in
718 1932 816 1954 latrones
829 1932 873 1953 398
886 1937 897 1953 3
910 1943 941 1947 -
953 1931 985 1953 (11-

423 1972 481 1994 011111·
499 1975 565 1994 vetus
588 1972 658 1993 homo
677 1971 720 1993 1139
739 1977 751 1992 3
770 1983 798 1986 -
816 1971 840 1992 Ei
858 1971 988 1998 configura-

424 2017 476 2033 mur
502 2017 542 2038 per
567 2014 687 2038 peccatum
711 2009 764 2032 ibid.
787 2023 817 2025 —
839 2010 897 2032 Vide
919 2010 987 2031 etiam

423 2051 450 2072 V.
469 2050 594 2073 Peccatum
611 2049 736 2078 oriyinale.

471 2091 564 2111 Animas
590 2102 621 2104 —
650 2089 762 2116 frangitur
789 2088 901 2116 sanguine
933 2088 989 2110 hirci

424 2128 468 2150 267
486 2128 501 2150 b

469 2168 647 2190 Antnvnix'rtouzs
671 2180 699 2182 —
722 2167 861 2189 lascivorum
884 2169 937 2189 sunt
959 2167 990 2188 vi-

423 2207 468 2233 sio,
487 2207 607 2234 cogitatio,
624 2206 713 2228 affectio
733 2206 776 2228 428
795 2205 809 2227 1)

471 2247 594 2268 Aoiunmo
613 2258 641 2261 —-
660 2246 734 2267 llomo
751 2248 785 2267 est
796 2246 881 2273 dignus
893 2245 990 2267 admira-

426 2285 493 2313 tione,
510 2286 528 2307 51
547 2288 581 2307 est
599 2285 670 2307 mirae
687 2284 785 2313 virtutis,
808 2284 916 2312 veritatis,
939 2290 990 2306 san-

424 2325 506 2347 ctitatis
522 2327 545 2347 et
562 2324 613 2346 miri
631 2324 716 2346 amoris
734 2324 778 2346 483
796 2330 808 2346 a

472 2365 568 2386 Aootho
586 2376 616 2379 —
634 2363 714 2385 Anima
734 2363 858 2391 adoptatur
875 2363 898 2384 in
921 2363 989 2385 filiam

427 2403 517 2425 Domini
536 2405 631 2430 propter
648 2402 688 2424 tria
709 2402 752 2424 450
771 2402 786 2424 b

472 2443 586 2464 Aooumo
606 2455 633 2457 —
657 2442 732 2463 solum
759 2441 857 2464 debetur
883 2441 990 2463 Maiestati

425 2481 519 2503 divinae
536 2481 560 2503 21
572 2482 576 2502 l
600 2480 614 2503 b
632 2493 662 2497 —
673 2481 817 2503 demonstrat
829 2483 940 2508 magnum
954 2481 991 2502 ho-

425 2526 506 2543 norem
524 2520 568 2542 694
588 2520 602 2542 l)
620 2532 650 2536 —-
666 2519 764 2542 debetur
777 2520 842 2541 matri
855 2526 868 2541 a
881 2520 925 2541 [ilio
937 2518 991 2541 ibid,

472 2561 593 2582 ΑῡυιΛτοιῑ
612 2572 640 2575 —-
659 2560 743 2581 Eorum
762 2559 839 2587 lingua
858 2559 941 2581 dicitur
959 2559 992 2580 in-

426 2599 549 2621 domabilis
566 2599 610 2621 686
629 2605 640 2620 3
658 2611 688 2615 -
706 2599 788 2620 vivunt
805 2598 834 2620 tle
852 2597 918 2620 bonis
930 2597 992 2619 cleri-

427 2644 507 2660 corum
526 2638 571 2660 53⁴2
593 2644 605 2660 a
631 2651 657 2653 —
682 2638 776 2660 clericos
799 2637 904 2659 lambunt
926 2636 991 2665 quasi

426 2683 520 2699 eaucem
539 2676 593 2699 ibid.

474 2718 617 2739 Anumuntum
634 2728 665 2732 —
683 2716 761 2738 Mulier
778 2716 881 2738 adultera
893 2718 915 2737 et
927 2721 993 2743 repu-

428 2755 487 2777 diata
505 2761 550 2777 non
569 2755 668 2783 amplius
685 2754 854 2783 suscipiebatur
873 2754 916 2776 1189
934 2760 946 2776 3

475 2795 593 2817 onenrus
608 2806 637 2810 ——
650 2795 754 2822 Tempus
766 2794 885 2816 Adventus
897 2799 968 2822 quare
980 2799 992 2814 a

428 2832 495 2855 beato
512 2834 578 2855 Petro
595 2833 623 2855 sit
640 2833 771 2856 ordinatum
784 2833 813 2855 32
826 2839 838 2855 a
852 2845 883 2849 -
896 2832 993 2861 Quando

428 2872 556 2894 institutum
576 2873 642 2895 suerit
659 2873 770 2894 ieiunium
788 2872 907 2894 Adventus
924 2870 979 2894 ibid,

475 2923 505 2927 —
524 2911 699 2934 commendatur
716 2917 757 2939 per
779 2911 921 2933 influentiam
944 2916 994 2932 cae-

429 2950 515 2978 lestem,
534 2957 574 2977 per
596 2951 782 2973 condescendam
805 2950 931 2977 liberalem,
954 2956 995 2978 per

429 2989 588 3011 sufficientiam
601 2990 756 3012 universalem
771 2989 798 3011 42
811 2996 823 3011 3
835 3001 865 3005 ——-
879 2989 995 3017 Tempore

1013 280 1132 303 Adventus
1154 280 1195 302 tria
1213 280 1343 307 appetenda
1361 282 1413 302 sunt
1430 280 1454 301 31
1477 285 1497 307 3,
1516 278 1530 301 1)
1547 292 1577 295 -

1014 320 1061 341 Ηο0
1079 322 1183 346 tempore
1200 319 1335 341 studeamus
1347 319 1444 346 gratiam
1457 318 1543 340 habere
1555 318 1577 340 in

1013 358 1085 380 oculis
1110 358 1151 380 Dei
1176 361 1197 380 et
1222 364 1268 380 non
1294 358 1374 380 mundi
1393 358 1420 379 48
1438 357 1453 379 b
1470 370 1501 374 —
1518 357 1578 379 Ilaec

1014 397 1087 425 gratia
1104 397 1221 420 invenitur
1238 404 1279 425 per
1296 400 1395 426 quatuor
1407 397 1512 419 exercitia
1525 395 1578 418 ibici.

1013 448 1044 452 —
1061 437 1104 459 Pro
1122 436 1227 458 Adventu
1245 439 1298 459 sunt
1314 436 1457 458 necessariae
1469 436 1579 458 serenitas

1014 474 1095 497 heatae
1111 475 1257 503 aeternitatis,
1273 475 1423 504 tranquillitas
1436 475 1526 502 mentis,
1537 474 1580 496 sin-

1014 514 1096 536 ceritas
1113 514 1174 542 fidei,
1192 514 1293 536 soliditas
1309 514 1367 542 spei,
1385 514 1480 536 firmitas
1502 513 1580 535 carita-

1016 553 1042 575 tis
1059 553 1089 575 55
1107 553 1121 575 b

1061 604 1092 608 ——
1110 593 1213 620 Quatuor
1230 592 1364 614 Dominicae
1380 592 1501 614 Adventus
1523 592 1581 613 desi-

1015 634 1087 659 gnant
1112 634 1212 660 quatuor
1234 631 1349 653 adventus
1374 631 1456 653 Christi
1475 632 1503 652 32
1521 637 1533 653 3
1549 643 1581 647 —

1016 671 1092 698 Quare
1109 670 1131 692 in
1149 670 1223 698 prima
1244 670 1361 692 Dominica
1385 670 1504 692 Adventus
1527 670 1580 692 inci-

1016 710 1063 737 piat
1085 716 1161 732 novus
1184 715 1258 731 annus
1280 709 1448 731 ecclesiasticus
1471 710 1500 731 35
1518 708 1533 731 1)
1552 721 1580 724 —

1018 749 1077 771 Vide
1095 749 1163 771 etiam
1182 749 1209 771 V.
1229 748 1336 771 Clu-istas

1063 789 1201 810 onnnsmts
1218 800 1248 804 -—-
1260 787 1344 815 probat
1355 790 1377 809 et
1389 788 1497 810 discernit
1509 786 1582 809 bonos

1016 831 1039 850 et
1056 828 1129 850 malos
1146 828 1191 849 530
1209 833 1221 849 a

1064 867 1199 889 Aizotrmamz
1224 878 1255 882 —
1281 866 1340 894 Quid
1366 866 1487 888 aedificent
1512 872 1582 893 super

1018 906 1195 928 fundamentum
1214 905 1266 928 [idei
1289 905 1391 933 perfecti,
1415 905 1542 933 imperfecti
1561 908 1583 927 et

1017 944 1110 973 reprobi
1129 945 1174 967 605
1193 944 1215 967 b.
1233 945 1277 966 608
1295 944 1310 966 1)

1066 986 1179 1007 AEDlFtcnx
1202 996 1232 1000 -
1258 985 1358 1006 humana
1386 984 1407 1006 in
1433 984 1477 1005 tine
1503 983 1583 1006 mundi

1018 1027 1085 1046 ruent
1102 1024 1131 1046 35
1148 1030 1160 1046 3

1066 1065 1152 1086 Aeonis
1168 1076 1198 1079 —
1216 1066 1265 1085 erat
1282 1063 1388 1085 inimicus
1406 1063 1480 1085 crucis
1501 1063 1584 1085 Christi

1019 1103 1063 1125 468
1081 1109 1094 1125 3
1111 1116 1141 1118 -
1160 1109 1203 1125 non
1223 1105 1303 1130 potens
1320 1102 1426 1124 resistere
1444 1102 1466 1124 S.
1479 1102 1584 1124 Andreae

1019 1143 1171 1171 eloquentiae,
1182 1145 1260 1165 eontra
1276 1142 1352 1170 ipsum
1372 1148 1426 1164 usus
1438 1144 1472 1164 est
1484 1142 1584 1169 potentia

1020 1182 1064 1204 472
1078 1181 1092 1204 b
1105 1195 1134 1197 —
1147 1182 1241 1210 Propter
1251 1182 1294 1203 hoc
1307 1180 1412 1203 diabolus
1425 1181 1500 1209 ipsum
1514 1181 1585 1203 tenuit

1020 1221 1073 1244 ibid.

1066 1263 1182 1283 AEGYPTUS
1199 1273 1227 1276 —
1246 1259 1408 1287 interpretatur
1419 1259 1528 1281 tenebrae
1540 1259 1584 1281 =103

1021 1300 1042 1322 b.
1065 1301 1101 1321 181
1129 1306 1149 1321 a.
1169 1299 1213 1322 415
1236 1298 1259 1321 b.
1279 1299 1322 1320 429
1346 1305 1357 1320 3
1376 1312 1405 1314 -
1424 1299 1585 1326 interpretatur

1020 1339 1179 1367 coangustatio
1201 1339 1237 1360 181
1259 1345 1271 1360 3
1288 1339 1494 1366 —interpretatur
1512 1338 1585 1360 luctus

1021 1379 1064 1400 608
1084 1378 1098 1400 b
1117 1391 1145 1394 „-
1158 1378 1264 1406 designat
1276 1381 1397 1406 pet-catum
1417 1377 1461 1399 415
1480 1377 1502 1399 1).
1514 1378 1559 1399 527
1572 1383 1584 1399 3

1020 1430 1050 1434 -
1059 1417 1165 1446 designat
1176 1417 1315 1439 imbecillem
1328 1417 1429 1444 positum
1439 1417 1460 1438 in
1471 1417 1585 1444 angustia,

1020 1457 1060 1485 qui
1077 1457 1185 1479 diffidens
1207 1457 1266 1485 perit
1287 1457 1328 1478 189
1346 1463 1358 1478 3
1371 1469 1400 1473 -
1413 1456 1520 1484 designat
1537 1456 1584 1478 ani—

1021 1503 1071 1518 mas
1088 1497 1110 1518 in
1129 1496 1264 1524 purgatorio
1282 1495 1335 1518 ibid.
1353 1508 1382 1511 —
1405 1495 1512 1523 designat
1532 1495 1585 1517 dae-

1021 1542 1102 1558 mones
1115 1536 1159 1558 432
1177 1536 1192 1558 b
1202 1549 1231 1552 —
1242 1536 1264 1557 ln
1277 1535 1355 1557 labore
1368 1535 1466 1563 Aegypti
1483 1534 1586 1562 intelligi-

1021 1579 1057 1598 tur
1068 1576 1155 1598 luxuria
1168 1575 1210 1597 103
1222 1574 1236 1597 b
1245 1587 1272 1590 ——
1282 1575 1352 1597 Terra
1366 1574 1465 1602 Aegypti
1479 1574 1586 1602 designat

1020 1617 1103 1637 statum
1122 1615 1207 1637 erroris
1224 1617 1246 1636 et
1262 1614 1400 1636 infidelitatis
1418 1613 1462 1635 428
1480 1613 1501 1635 b.
1516 1613 1560 1635 429
1573 1619 1585 1635 3

1022 1667 1050 1670 —
1060 1654 1149 1676 Christo
1162 1656 1276 1680 nascente,
1288 1653 1349 1675 idola
1361 1653 1460 1680 Aegypti
1472 1653 1586 1675 corruisse

1020 1694 1128 1716 dicuntur
1147 1694 1190 1716 Ἰ123
1208 1692 1223 1715 1)

1068 1733 1197 1755 AEMULATlo
1215 1744 1245 1748 —
1262 1732 1316 1754 nulli
1339 1732 1399 1754 malo
1421 1731 1493 1759 parcit
1511 1731 1555 1753 509
1574 1737 1586 1753 3

1020 1784 1051 1788 -
1068 1778 1138 1795 omne
1161 1771 1247 1793 malum
1265 1771 1391 1793 detestatur
1409 1774 1431 1793 et
1451 1771 1587 1793 exterminat

1021 1811 1075 1834 ibid.

1069 1852 1168 1873 At-:mmtA
1181 1862 1212 1866 —
1224 1852 1258 1872 est
1269 1850 1395 1872 similitudo
1408 1849 1506 1872 obscura
1519 1850 1564 1871 399
1574 1856 1585 1871 a

1070 1891 1116 1912 Aiitt
1135 1902 1164 1905 -—-
1181 1892 1232 1917 post
1252 1889 1357 1911 ultimum
1380 1889 1492 1911 iudicium
1514 1895 1587 1911 rema-

1022 1933 1059 1951 net
1075 1932 1207 1955 renovatus,
1225 1931 1352 1954 serenatus,
1373 1928 1510 1950 clarificatus
1527 1928 1557 1950 35
1574 1934 1586 1949 3

1069 1969 1160 1991 Aenuoo
1174 1981 1201 1983 —
1214 1968 1321 1995 designat
1332 1973 1461 1989 remorsum
1472 1967 1587 1989 conscien-

1023 2008 1067 2030 tiae
1085 2007 1128 2029 428
1147 2013 1158 2029 a

1070 2048 1114 2068 Ans
1132 2059 1160 2062 -
1179 2046 1284 2074 designat
1302 2046 1456 2068 fortitudinem
1475 2045 1520 2068 548
1532 2051 1587 2067 a-

1024 2086 1130 2113 designat
1158 2085 1354 2113 perseverantiam
1380 2085 1402 2107 in
1431 2084 1492 2107 hono
1517 2091 1588 2112 opere

1023 2125 1067 2147 533
1086 2131 1098 2147 a
1112 2137 1141 2140 -
1153 2130 1264 2147 sonorum
1282 2124 1388 2151 designat
1405 2124 1588 2146 ratiocinationes

1023 2165 1147 2186 Doctorum
1167 2163 1211 2186 472
1229 2163 1244 2185 b

1069 2204 1155 2225 Ausus
1170 2215 1202 2219 —
1220 2204 1242 2225 ln
1265 2205 1349 2225 aestate
1375 2203 1481 2225 homines
1503 2205 1589 2225 exuunt

1023 2243 1159 2265 vestimenta
1177 2245 1272 2270 propter
1289 2242 1385 2264 nimium
1404 2242 1502 2264 calorem
1516 2242 1560 2263 569
1574 2241 1588 2263 b

1071 2283 1204 2304 ΑΕ5τ1111Ατιο
1222 2294 1253 2297 -
1271 2281 1346 2304 media
1359 2284 1393 2303 est
1404 2281 1462 2303 inter
1474 2281 1588 2303 rationem

1023 2324 1046 2343 et
1071 2321 1259 2349 imaginationem
1286 2321 1330 2342 1162
1356 2320 1417 2342 1)-
1435 2320 1589 2348 apprehendit

1024 2361 1117 2389 aliquod
1135 2360 1251 2388 spirituale
1269 2359 1355 2383 bonum
1373 2359 1427 2382 ibid.

1071 2401 1210 2422 Aea-snmus
1227 2411 1257 2416 —·
1280 2402 1314 2422 est
1339 2399 1455 2428 quaedam
1481 2405 1588 2421 mensura

1024 2440 1119 2461 omnino
1141 2441 1252 2467 perpetua
1270 2441 1292 2461 et
1308 2438 1449 2460 invariabilis
1467 2438 1511 2460 359
1530 2444 1542 2460 3
1559 2450 1589 2454 -

1024 2478 1059 2500 Ab
1077 2478 1126 2506 ipsa
1143 2478 1287 2500 descendunt
1303 2483 1396 2505 aevum,
1414 2480 1513 2505 tempus,
1530 2477 1590 2498 aevi-

1025 2520 1087 2539 terna
1110 2521 1133 2539 et
1156 2517 1291 2544 temporalia
1316 2517 1360 2539 352
1377 2523 1388 2538 3
1408 2529 1437 2532 —-
1455 2516 1590 2544 designatur

1025 2563 1067 2584 per
1084 2557 1192 2579 thronum
1211 2556 1256 2578 615
1275 2556 1289 2578 1)
1306 2569 1337 2572 -
1354 2557 1429 2584 Super
1446 2556 1545 2578 aeternis
1562 2556 1590 2577 sit

1024 2595 1155 2624 degustatio
1172 2598 1194 2617 et
1219 2595 1342 2623 applicatio
1367 2595 1451 2617 devota
1477 2597 1499 2616 et
1524 2595 1589 2622 plena

1026 2635 1071 2658 455
1089 2641 1101 2657 a
1119 2647 1149 2651 —
1167 2635 1189 2656 ln
1207 2634 1241 2657 1115
1253 2635 1323 2656 1101110
1336 2640 1380 2656 11011
1393 2633 1462 2656 debet
1473 2640 1523 2656 esse
1536 2634 1590 2655 mul-

1028 2677 1076 2697 tum
1103 2676 1296 2702 praesumtuosus
1321 2676 1360 2695 aut
1385 2673 1490 2695 curiosus
1515 2673 1560 2694 326
1578 2678 1589 2694 3

1028 2726 1057 2729 —
1075 2714 1128 2736 Eius
1140 2713 1292 2736 consideratio
1306 2713 1404 2735 multum
1416 2713 1477 2734 valet
1488 2712 1517 2734 ad
1529 2718 1591 2740 sper-

1027 2753 1126 2775 nendam
1144 2753 1268 2775 vanitatem
1287 2752 1331 2775 409
1350 2752 1365 2774 b

1074 2793 1193 2814 ΑΕτΗιοΡιΑ
1210 2804 1241 2808 -
1259 2791 1386 2820 Negotiatio
1409 2791 1542 2818 Aethiopiae
1562 2790 1595 2812 si->

1027 2831 1121 2859 gnificat
1137 2831 1257 2853 avaritiam
1279 2830 1320 2853 104
1338 2837 1350 2853 3

1075 2872 1153 2893 Αεν1111
1170 2883 1201 2886 -
1218 2870 1321 2892 medium
1344 2873 1378 2892 est
1400 2870 1458 2892 inter
1475 2869 1592 2891 aeternita-

1028 2912 1073 2932 tem
1091 2912 1113 2931 et
1130 2912 1221 2937 tempus
1238 2910 1283 2931 622
1302 2909 1316 2931 b

1075 2949 1175 2971 Arrxrus
1193 2961 1221 2964 —
1239 2951 1273 2971 est
1290 2948 1326 2970 via
1344 2948 1373 2970 ad
1391 2947 1522 2970 interiorem
1540 2953 1591 2969 con·

1028 2991 1120 3016 ceptum
1138 2988 1183 3010 660
1202 2988 1216 3010 b

959 201 1057 230 lNDEX
1081 201 1320 230 ALPHABETICUS
1339 201 1417 230 NONl
1440 201 1627 230 VOLUMlNlS.

1864 240 1920 262 AGN

1658 279 1767 301 Arri-:erto
1785 291 1813 294 —
1828 281 1849 301 et
1861 279 1961 306 cognitio
1973 281 2007 301 est
2018 279 2120 307 aequalis
2131 285 2177 301 am·

1612 317 1673 340 bitus
1690 317 1735 340 359
1753 323 1765 339 3
1783 330 1813 334 -
1831 317 1860 339 ad
1874 317 1961 339 infinita
1974 324 1999 340 se
2011 318 2111 340 extendit
2123 317 2178 340 ibid.

1611 368 1643 372 —
1660 359 1766 378 creantur
1783 363 1809 379 ex
1826 359 1926 385 quatuor
1943 356 2081 379 humoribus
2098 363 2179 384 corpo-

1612 395 1644 417 ris
1661 395 1705 417 406
1724 395 1739 417 b
1752 407 1784 411 —-
1796 396 1924 417 Affectuum
1938 396 2037 417 varietas
2048 396 2178 418 necessaria

1613 437 1647 456 est
1664 434 1709 456 528
1727 433 1742 456 b
1760 447 1789 450 -
1807 435 1906 457 Affectus
1923 434 1987 457 ducit
1998 434 2027 457 ad
2039 441 2177 457 eonsensum

1614 473 1658 495 662
1676 479 1689 495 3

1660 524 1691 528 -
1708 512 1741 535 Ad
1760 513 1867 535 dulcores
1888 513 2017 535 affectuales
2038 516 2180 535 concurrunt

1614 551 1714 578 devotio,
1732 552 1859 579 exsultatio,
1877 552 1990 574 immissio
2008 552 2048 574 301
2072 552 2086 574 b
2101 564 2132 567 —
2144 553 2180 574 As-

1615 591 1687 612 leetus
1704 594 1815 613 vocantur
1832 591 1905 618 pedes
1923 591 1951 613 36
1964 597 1976 613 3
1990 604 2018 606 -
2032 592 2072 613 Ρο5
2083 591 2181 613 affectio-

1613 629 1650 652 nis
1667 629 1736 652 debet
1756 636 1807 652 esse
1829 630 1979 653 discalceatus
1996 630 2040 652 472
2058 629 2073 652 b
2092 643 2120 646 —
2139 631 2180 652 Pes

1615 669 1741 691 affectionis
1758 669 1827 691 debet
1844 675 1894 691 esse
1911 669 2069 697 circumcisus,
2087 670 2179 691 inoffen-

1615 714 1661 735 sus,
1678 708 1792 730 stabilitus
1811 708 1854 730 470
1872 708 1887 730 b
1904 721 1935 724 —
1953 709 2013 730 Deus
2031 709 2106 736 magis
2123 715 2181 736 pon-

1615 747 1680 769 derat
1696 748 1803 770 asfectum
1821 754 1891 776 quam
1907 754 2001 770 censum
2015 747 2059 770 549
2073 747 2087 769 b
2099 760 2130 764 —
2142 748 2180 776 pia

1616 786 1699 808 dicitur
1721 787 1779 809 odor
1801 786 1906 809 sacrificii
1924 787 1969 809 652
1988 787 2002 808 b

1664 838 1695 841 —
1712 829 1765 848 sunt
1782 832 1843 853 spes,
1869 826 1946 853 timor,
1971 826 2091 853 gaudium,
2116 832 2181 848 amor

1617 865 1662 887 232
1681 865 1695 887 1)
1712 877 1743 881 -
1760 865 1790 887 Ex
1808 871 1887 887 earum
1906 865 2082 887 deordinatione
2104 871 2182 888 causa-

1617 908 1653 926 tur
1670 904 1791 926 inlirmitas
1808 904 1980 931 inconstantiae,
2002 904 2109 933 invidiae,
2128 910 2183 926 ava-

1617 943 1681 965 ritiae
1698 942 1753 966 ibid.
1770 955 1800 959 —
1817 944 1918 965 Affectus
1940 946 2000 965 errat
2020 944 2041 965 in
2064 943 2181 971 diligendo

1619 982 1659 1004 421
1681 989 1693 1004 3
1719 995 1750 998 -
1774 983 1858 1004 Earum
1884 982 2029 1005 deordinatio
2054 983 2183 1011 corrumpit

1618 1023 1728 1043 humores
1755 1022 1859 1050 eorporis
1883 1025 1905 1044 ct
1931 1024 2026 1049 generat
2050 1022 2183 1050 quadrupli-

1618 1066 1668 1083 cem
1686 1061 1773 1088 lepram
1792 1060 1836 1083 406
1849 1060 1863 1083 b
1877 1073 1905 1077 ——
1917 1061 1991 1083 Huius
2002 1061 2079 1088 leprae
2095 1061 2183 1083 curatio

1618 1099 1672 1122 ibid.
1683 1112 1715 1116 —
1727 1100 1829 1123 mundae
1839 1100 1940 1122 reddunt
1951 1100 2052 1122 animam
2065 1101 2183 1128 pulcram;

1618 1139 1761 1166 immundae,
1778 1142 1868 1167 turpem
1887 1140 1932 1162 570
1950 1146 1962 1161 a
1980 1152 2010 1156 -
2028 1140 2050 1161 ln
2062 1139 2184 1161 affectioni-

1618 1178 1663 1201 bus
1680 1178 1765 1201 vilihus
1782 1179 1836 1201 nihil
1859 1182 1893 1201 est
1910 1179 1939 1201 de
1962 1179 2117 1206 pulcritudine
2138 1179 2183 1200 502

1619 1218 1634 1240 b
1651 1230 1682 1234 —
1694 1218 1791 1240 carnalis
1802 1219 1891 1246 repellit
1902 1218 2030 1241 doctrinam
2043 1218 2126 1240 Christi
2138 1217 2178 1240 591

1619 1257 1634 1279 b
1651 1270 1681 1273 -—
1699 1258 1799 1280 Affectus
1817 1264 1864 1280 non
1881 1257 2024 1285 deprimatur
2042 1257 2070 1279 ad
2084 1257 2150 1279 foeda
2162 1259 2184 1279 et

1620 1297 1738 1319 immunda
1758 1297 1801 1319 408
1819 1303 1831 1318 3
1851 1309 1878 1312 —
1898 1297 2041 1319 lnordinatae
2052 1296 2184 1318 allectiones

1619 1340 1673 1358 sunt
1689 1336 1779 1358 vanitas
1796 1340 1818 1357 et
1835 1336 1952 1364 superbia,
1970 1336 2090 1358 carnalitas
2106 1338 2128 1358 et
2145 1335 2184 1357 im-

1620 1375 1740 1402 munditia,
1758 1375 1876 1398 terrenitas
1892 1378 1914 1398 et
1931 1375 2033 1403 avaritia,
2046 1375 2151 1403 impietas
2162 1377 2185 1397 et

1620 1414 1705 1437 invidia
1729 1415 1764 1436 131
1787 1414 1801 1436 1)
1819 1427 1849 1431 -
1867 1415 1906 1437 His
1923 1418 1976 1437 sunt
1993 1415 2099 1442 opposita
2111 1414 2184 1436 humi-

1620 1454 1669 1476 litas
1686 1456 1709 1476 et
1726 1454 1861 1481 reverentia,
1880 1454 1970 1476 castitas
1987 1457 2009 1476 et
2026 1453 2184 1480 sanctimonia,

1619 1497 1745 1522 paupertas
1762 1497 1784 1516 et
1801 1494 1886 1521 inopia,
1904 1494 1986 1516 caritas
2008 1493 2108 1521 benigna
2130 1492 2183 1515 ibid.

1666 1534 1781 1556 Arrme‘no
1792 1545 1823 1549 —
1836 1533 1987 1555 humilitatem
2001 1535 2123 1554 conservat
2139 1532 2183 1554 597

1620 1572 1635 1595 1)
1652 1585 1682 1589 -
1705 1576 1828 1595 secernunt
1850 1579 1948 1600 granum
1973 1578 2058 1600 purum
2084 1578 2095 1593 a
2119 1572 2184 1599 palea

1620 1612 1785 1635 inconstantiae
1802 1612 1832 1634 25
1850 1618 1862 1634 3
1878 1624 1910 1628 -
1926 1612 2008 1634 Asslicti
2025 1613 2139 1640 quaeruut
2155 1611 2185 1633 lo-

1620 1658 1673 1674 cum
1691 1651 1774 1680 quietis
1791 1651 1836 1673 690
1855 1650 1869 1673 1)
1886 1663 1917 1667 --
1933 1651 2015 1673 Α1111011
2036 1657 2082 1673 non
2099 1650 2184 1673 debent

1620 1691 1757 1719 desperare,
1786 1691 1825 1713 sed
1853 1691 1969 1713 humiliter
1994 1690 2023 1712 ad
2047 1689 2184 1717 suffragium

1620 1731 1749 1753 amicorum
1767 1737 1792 1752 se
1809 1733 1945 1752 convertere
1962 1730 2006 1752 432
2024 1736 2036 1752 3

1668 1771 1730 1792 Acin
1747 1782 1777 1786 —
1796 1769 1915 1797 perversio
1941 1769 2103 1797 interpretatur
2124 1769 2154 1791 59
2171 1774 2184 1790 a

1620 1822 1651 1825 —
1678 1809 1785 1837 designat
1812 1815 1922 1836 perverse
1950 1811 2040 1831 utentes
2068 1808 2185 1830 mundana

1620 1849 1713 1871 scientia
1732 1848 1786 1871 ibid.

1668 1890 1760 1911 Acarna
1777 1900 1808 1904 —
1824 1888 2002 1910 commendatur
2023 1887 2053 1909 ab
2080 1887 2185 1909 informa-

1621 1918 1682 1950 tione
1699 1927 1789 1949 virtutis
1806 1930 1828 1949 et
1840 1927 1976 1949 certitudine
1988 1927 2067 1949 salutis
2079 1926 2124 1948 513
2137 1932 2157 1953 a,
2170 1925 2185 1947 b

1621 1979 1651 1983 —
1669 1967 1711 1989 suit
1727 1970 1805 1989 contra
1822 1965 1951 1989 ‘daemones
1975 1966 2078 1988 virtuosa
2104 1965 2185 1993 triplici

1621 2006 1753 2028 tortitudine
1777 2005 1807 2028 ib.
1833 2005 1855 2027 b.
1881 2005 1926 2027 514
1952 2011 1964 2027 a
1988 2018 2017 2020 —
2042 2005 2083 2027 11111
2107 2010 2186 2027 coram

1621 2045 1714 2073 Angelis
1731 2045 1835 2073 speciosa
1853 2045 1874 2067 in
1892 2044 1973 2072 triplici
1991 2047 2050 2066 statu
2068 2043 2113 2066 514
2131 2050 2144 2065 3
2156 2056 2185 2059 -

1622 2085 1662 2107 suit
1687 2085 1745 2106 inter
1767 2084 1874 2106 homines
1895 2084 1996 2112 gratiosa
2020 2083 2103 2111 triplici
2121 2089 2186 2110 prae-

1622 2124 1725 2152 rogativa
1744 2122 1774 2146 ib.
1791 2130 1811 2150 a,
1829 2122 1844 2145 h

1668 2164 1770 2185 Aossn—
1781 2162 1895 2190 significat
1907 2168 1992 2189 corpus
2009 2161 2049 2184 l94
2062 2168 2074 2183 a
2086 2174 2116 2178 -—
2129 2161 2187 2183 desi-

1622 2205 1677 2230 gnat
1687 2202 1789 2224 divinam
1803 2200 2099 2229 incomprehensibilitatem
2114 2201 2158 2222 286
2172 2199 2187 2222 b

1623 2254 1652 2257 -
1665 2245 1761 2263 vocatur
1780 2240 1888 2268 mundus,
1905 2240 2052 2266 conscientia,
2070 2240 2186 2267 Scriptura

1623 2283 1645 2303 et
1656 2281 1745 2303 caelum
1764 2269 1833 2302 ¹95‘b
1849 2292 1880 2296 —
1897 2282 1993 2301 vocatur
2005 2279 2109 2301 maehina
2123 2285 2187 2301 mun·

1622 2320 1695 2347 dialis,
1712 2319 1850 2342 conscientia
1868 2319 1972 2341 mentalis
1989 2322 2010 2340 et
2027 2318 2099 2346 patria
2118 2318 2187 2340 caele-

1623 2359 1663 2381 stis
1681 2359 1725 2381 193
1743 2358 1758 2380 b

1670 2398 1746 2420 Aelana
1764 2410 1793 2414 -—
1816 2398 1880 2426 Quae
1903 2397 1958 2419 soris
1983 2397 2088 2424 agimus,
2112 2395 2185 2418 verbo

1623 2437 1687 2465 apud
1704 2443 1747 2459 nos
1764 2437 1824 2459 intus
1840 2436 1903 2459 edito
1920 2436 2085 2464 praevenimus
2111 2435 2154 2457 Ἰ107
2173 2435 2187 2457 b

1671 2477 1772 2498 Aonius
1788 2488 1819 2492 —
1836 2475 1940 2503 corporis
1952 2475 2071 2503 glorificati
2084 2475 2188 2502 designa-

1624 2519 1659 2537 tur
1669 2521 1709 2543 per
1718 2515 1868 2543 amygdalum
1878 2515 1923 2537 283
1933 2521 1944 2536 3
1952 2515 2062 2536 —auiert
2070 2520 2081 2536 a
2091 2519 2189 2541 corpore

1624 2554 1750 2582 glorificato
1768 2560 1861 2576 omnem
1883 2553 2033 2581 indigentiam
2052 2553 2095 2575 eibi
2113 2552 2158 2575 284
2175 2558 2188 2574 3

1671 2594 1745 2616 Aones
1761 2605 1791 2609 —
1808 2593 1867 2615 bene
1884 2593 1968 2615 dicitur
1979 2593 2056 2620 Agnes
2068 2592 2103 2614 vel
2115 2592 2188 2621 Agna,

1624 2633 1677 2661 quia
1695 2639 1760 2655 soror
1777 2633 1835 2660 Agni
1854 2632 1898 2654 507
1916 2639 1928 2654 3
1941 2645 1972 2647 -
1984 2632 2041 2654 inter
2052 2631 2108 2653 alias
2119 2637 2189 2659 spon-

1624 2679 1662 2695 sas
1682 2672 1765 2695 Christi
1787 2674 1821 2694 est
1846 2671 1972 2699 praecipue
1996 2670 2189 2693 commendabilis

1625 2711 1665 2733 501
1688 2718 1699 2733 a
1716 2723 1748 2727 —
1765 2711 1863 2733 totaliter
1880 2717 1892 2732 a
1910 2711 2000 2738 Sponso
2017 2716 2059 2732 suo
2082 2715 2188 2737 possessa

1625 2750 1666 2772 ‘uit
1687 2754 1709 2772 et
1734 2750 1855 2778 possidens
1877 2749 1907 2772 ib.
1929 2749 1944 2771 b
1960 2762 1991 2766 -
2011 2755 2081 2777 saepe
2105 2749 2188 2771 recole-

1626 2789 1664 2811 bat
1676 2789 1734 2817 Agni
1747 2795 1838 2817 nomen,
1850 2789 1981 2817 passionem
1995 2791 2016 2810 et
2028 2788 2108 2816 plagas
2124 2787 2189 2810 Chri-

1625 2829 1653 2851 sti
1671 2828 1714 2851 508
1734 2828 1748 2850 b
1765 2841 1795 2844 —-
1814 2829 1843 2850 Ex
1861 2829 1904 2850 hoc
1922 2828 2029 2850 dicuntur
2046 2827 2096 2849 eius
2116 2832 2189 2855 genae

1625 2870 1719 2890 ornatae
1735 2867 1849 2895 sanguine
1866 2866 1921 2890 ibid.
1938 2880 1967 2882 —
1984 2866 2094 2894 singulari
2118 2865 2187 2888 modo

1626 2907 1700 2929 amica
1718 2906 1777 2934 Agni
1795 2907 1836 2929 suit
1853 2908 1948 2934 propter
1960 2908 2059 2934 quatuor
2075 2905 2120 2927 503
2134 2911 2145 2926 3
2157 2916 2188 2921 -

1626 2946 1707 2969 habuit
1723 2946 1860 2968 munditiam
1878 2948 1900 2968 et
1917 2945 2050 2973 patientiam
2069 2944 2113 2966 509
2131 2943 2146 2966 b
2158 2956 2189 2960 —

1627 2986 1668 3008 Per
1686 2987 1729 3008 hoc
1747 2985 1806 3008 bene
1824 2985 1949 3007 conformis
1967 2986 2015 3006 erat
2032 2984 2098 3011 Agno
2118 2982 2172 3005 ibid.
