2269 3448
408 190 458 217 176

655 227 712 251 VER

403 268 432 290 ad
450 274 583 296 personam,
600 268 705 290 divinum
724 271 835 296 quantum
857 268 884 290 ad
906 271 968 290 natu-

402 313 459 335 ram,
477 307 592 329 seclusum
611 310 722 335 quantum
746 307 775 329 ad
793 310 893 329 nostram
912 307 968 329 noti-

403 346 457 368 tiam
477 346 521 368 107
539 352 551 368 3
570 359 599 361 -
624 349 744 368 3010111001
769 348 804 368 051
828 346 969 374 simplicissi-

404 391 469 407 mum
488 385 516 406 67
534 391 545 407 3
564 397 595 401 --
612 391 659 407 1100
676 388 710 407 051
727 384 826 407 verbum
847 385 899 407 3010
922 385 969 407 ssui-

403 424 458 446 dum
476 425 513 446 101
530 423 734 452 coniugationibus
745 424 884 446 declinatum
901 424 941 445 106
954 423 969 445 b

402 475 433 479 —
450 469 494 485 non
507 465 541 485 est
557 462 650 491 syllabis
667 464 821 491 compositum
839 463 874 485 vel
892 463 969 485 litteris

403 505 521 525 exaratum
538 501 593 525 ibid.
610 515 641 518 —
658 509 703 525 uon
721 505 755 524 est
772 501 871 524 verbum
890 502 969 529 imagi·

404 542 482 564 native
508 541 543 564 vel
570 542 705 569 prophetice
722 541 847 569 figuratum
868 540 922 563 ibid.
939 553 969 557 -

403 583 500 603 vocatur
517 581 619 608 Angelus
637 580 715 608 magni
733 580 820 602 consilii
838 580 867 602 73
886 579 901 601 b

450 632 482 636 —
507 623 655 647 comparatur
681 618 753 641 verbo
779 619 861 641 mentis
889 619 929 640 103
948 625 967 640 3.

407 659 450 681 Ἰ106
469 659 492 681 1).
514 659 555 681 107
573 665 593 687 a,
611 658 626 680 b
643 671 673 675 -—
690 657 759 680 habet
781 664 832 680 esse
852 658 968 680 occultum

406 698 448 720 107
466 704 478 720 a
497 711 525 713 —
545 698 609 726 prius
627 697 667 719 fuit
684 697 781 725 nudum,
797 699 875 724 postea
900 702 968 718 carne

403 737 512 759 vestitum
530 736 584 759 ibid.
597 749 626 753 -—
642 736 741 758 ostendit
758 736 857 758 exterius
868 741 968 763 carnem,

403 777 478 798 celans
495 776 552 798 intra
570 775 716 798 Divinitatem
742 774 771 797 z'b.
793 781 813 802 a,
832 774 847 796 b
869 787 900 791 --
917 777 969 796 ante

402 815 545 837 nativitatem
564 818 597 836 est
614 813 786 841 inintelligibile,
803 813 843 836 sed
862 816 914 841 post
931 820 969 835 na-

403 854 513 876 tivitatem
533 854 557 876 fit
574 853 641 875 nobis
657 853 765 875 sensibile
784 853 828 875 103
846 859 859 874 3

452 905 480 908 —-
493 893 584 915 causale
596 898 747 920 progressum
760 894 794 914 est
805 892 829 914 in
841 891 968 919 publicum,

404 938 457 955 cum
476 932 550 954 induit
566 934 654 953 vestem
672 931 747 954 carnis
765 931 809 953 107
827 937 838 953 3
856 943 887 947 -
899 934 969 953 aeter-

402 977 458 993 num
477 972 561 993 factum
579 973 613 992 est
630 969 728 997 visibile,
747 976 791 992 non
814 970 889 992 solum
907 970 969 992 audi-

405 1010 449 1032 bile
468 1010 511 1032 ·103
530 1016 541 1032 3
560 1022 590 1025 —
608 1015 661 1032 caro
680 1010 764 1031 factum
790 1015 835 1031 non
859 1012 893 1031 est
909 1015 970 1031 com-

402 1052 516 1072 mutatum
534 1048 589 1071 ibid.
602 1061 630 1064 ——
648 1051 682 1070 est
699 1049 826 1070 increatum
838 1048 968 1070 secundum

404 1091 520 1111 aeternam
543 1088 729 1116 generationem3
754 1090 871 1114 creatum,
888 1093 969 1109 secun-

404 1128 460 1150 dum
471 1127 630 1155 temporalem,
642 1130 664 1149 et
676 1127 784 1149 tamenin
797 1132 896 1154 persona
906 1126 968 1148 idem

405 1166 448 1188 468
466 1166 481 1188 11
499 1179 529 1182 -
546 1166 714 1188 Verbum-caro
740 1172 799 1188 unus
816 1168 850 1188 est
866 1165 969 1188 Christus

404 1206 449 1227 ’107
467 1205 482 1227 b
505 1218 533 1221 —-
556 1206 640 1233 Fulgor
664 1204 734 1227 Verbi
757 1204 867 1227 incarnati
890 1205 969 1231 Magos

404 1245 469 1267 duxit
486 1245 513 1267 ad
532 1244 687 1272 cognitionem
706 1244 854 1266 humanitatis
876 1244 916 1265 157
935 1243 949 1265 b

450 1296 480 1300 —
498 1283 538 1306 Dei
555 1286 589 1306 est
606 1283 749 1305 aeternaliter
761 1283 913 1309 manativum,
926 1285 968 1304 sta-

404 1323 477 1345 biliter
495 1323 683 1351 permansivum,
709 1322 818 1344 vocaliter
843 1322 969 1350 progressi-

404 1368 467 1390 vum,
485 1362 611 1384 luculenter
636 1361 840 1388 manifestativum,
864 1363 969 1388 potenter

405 1401 551 1429 operativum
570 1401 613 1422 -106
632 1400 647 1422 b
659 1412 690 1416 —-
701 1402 735 1422 est
752 1399 854 1422 Verbum
873 1399 968 1425 bouum,

403 1440 493 1467 vivum,
513 1440 663 1467 salutiferum,
681 1445 758 1466 verax,
775 1439 916 1465 iucundum,
934 1444 968 1461 ae-

404 1482 495 1502 ternum
515 1479 558 1501 183
577 1478 591 1501 1)
611 1491 641 1494 -
659 1481 693 1500 051
710 1478 812 1500 Verbum
831 1477 967 1505 sapientissi-

404 1525 477 1546 mum,
495 1518 707 1544 clementissimum,
725 1517 909 1545 potentissimum
924 1517 967 1538 viffi

404 1564 416 1580 a
434 1570 464 1574 —
482 1561 515 1579 cst
537 1557 646 1585 splendor
668 1557 725 1584 lucis
747 1559 865 1583 aeternae,
888 1556 968 1578 dulcor

403 1597 522 1619 suavitatis
539 1597 654 1623 internae,
671 1595 871 1618 decorfelicitatis
889 1596 968 1617 huma-

403 1642 446 1658 nae
470 1635 509 1657 141
531 1635 546 1657 l)
572 1648 602 1652 —-
628 1635 754 1657 increatum
780 1637 801 1656 et
824 1634 967 1656 incarnatum

403 1676 437 1697 est
455 1674 558 1696 Verbum
575 1673 700 1702 sapientiae
717 1673 761 1695 468
780 1673 795 1695 1)

451 1727 481 1729 -
498 1716 531 1736 051
548 1713 679 1736 universale
695 1712 835 1741 principium
848 1715 870 1734 et
887 1718 968 1740 super-

404 1754 474 1775 fertur
491 1752 599 1775 omnibus
617 1753 661 1774 316
675 1758 687 1774 3
706 1764 734 1767 —
751 1754 785 1774 051
798 1752 909 1774 Dominus
922 1751 968 1773 uni-

404 1797 525 1813 versorum
544 1790 596 1814 ibid.
615 1803 644 1807 —
662 1791 723 1813 Deus
741 1791 763 1812 in
779 1790 855 1813 Verbo
867 1791 967 1818 primam

403 1830 523 1852 materiam
542 1830 634 1858 creavit,
652 1830 752 1852 distinxit
769 1832 790 1851 et
815 1830 905 1852 ornavit
926 1830 967 1851 182

404 1869 419 1891 1)
436 1881 466 1885 -
484 1869 587 1891 Christus
604 1871 638 1891 051
655 1868 770 1896 Verbum,
788 1869 810 1890 in
836 1875 882 1897 quo
908 1869 967 1890 dicta

405 1911 427 1930 et
444 1914 485 1936 per
502 1908 566 1936 quod
584 1908 640 1930 facta
653 1910 706 1930 sunt
717 1908 794 1929 omnia
811 1908 852 1929 182
866 1907 888 1930 b.
904 1908 944 1929 183
955 1914 966 1930 3

405 1959 435 1963 -
453 1949 571 1969 aeternum
597 1949 631 1969 est
656 1947 794 1974 principium
817 1947 967 1968 essentiarum

407 1986 450 2008 468
469 1986 484 2008 b
501 1998 531 2002 —
556 1986 658 2008 condidit
676 1988 804 2008 creaturam
826 1986 967 2013 spiritualem

404 2028 426 2047 et
443 2025 586 2052 corporalem
605 2025 648 2046 316
667 2031 679 2046 3
696 2036 727 2041 —-
751 2025 791 2046 Per
816 2025 892 2052 ipsum
911 2025 968 2046 facta

404 2066 458 2086 sunt
474 2064 559 2091 omnia,
577 2070 622 2085 non
639 2064 712 2085 solum
732 2069 787 2085 vere
812 2063 878 2090 entia,
897 2063 967 2085 immo

404 2109 566 2131 quaecumque
583 2102 642 2124 entia
661 2101 688 2125 ib.
707 2102 722 2124 b

451 2154 481 2158 —
499 2142 541 2169 Qui
560 2141 630 2169 ponit,
647 2141 732 2170 aliquid
757 2141 792 2163 vel
815 2147 865 2163 esse
881 2147 967 2169 cogno—

404 2180 483 2203 scibile
500 2181 535 2202 vel
554 2180 660 2207 factibile,
677 2180 740 2208 quod
753 2180 775 2201 in
788 2180 865 2202 Verbo
883 2180 968 2202 nonsit

406 2220 442 2241 101
460 2225 472 2241 3
498 2219 587 2246 Verbo,
607 2219 704 2241 mendax
727 2222 761 2241 est
783 2220 826 2241 316
848 2225 860 2241 3
886 2232 912 2234 -
937 2220 968 2241 De

407 2258 485 2280 Verbo
507 2261 600 2280 aeterno
618 2258 691 2280 fluunt
715 2258 839 2280 duodecim
857 2258 917 2280 vitae
934 2264 968 2280 or-

404 2297 495 2320 dinatae
511 2300 533 2319 et
550 2297 673 2319 duodecim
686 2297 839 2319 immissiones
857 2297 900 2319 468
911 2297 925 2319 b
938 2310 968 2313 —

404 2336 465 2358 Deus
490 2337 512 2358 in
541 2336 684 2364 reparatione
714 2342 755 2364 per
781 2336 884 2358 Verbum
913 2336 968 2359 dixit

405 2381 476 2398 unum
495 2374 592 2397 verbum
614 2375 785 2397 informativum
802 2378 824 2397 et
841 2376 882 2397 alia
896 2375 967 2397 verba

405 2414 534 2436 distinctiva
543 2431 548 2441 ,
561 2414 665 2436 01031113
677 2416 699 2436 01
711 2415 835 2442 perfectiva
857 2415 897 2436 182
911 2414 925 2436 b
937 2427 967 2430 —

405 2453 445 2475 Dei
462 2455 549 2475 secreta
567 2455 660 2481 paterna
673 2452 739 2475 nobis
756 2453 966 2475 01311110513111107

406 2491 420 2513 b
438 2505 467 2508 -—
485 2492 602 2521 Quidquid
621 2494 655 2514 est
672 2492 693 2514 in
712 2492 778 2515 nobis
795 2493 882 2520 gratiae
904 2496 938 2515 est
954 2499 966 2515 a

405 2531 482 2553 Verbo
500 2532 615 2553 incarnato
634 2531 677 2553 479
696 2538 708 2553 3

453 2583 482 2586 —-
492 2570 595 2592 Christus
608 2570 628 2592 in
641 2573 752 2599 quantum
766 2570 869 2593 Verbum
882 2571 968 2593 increa-

405 2612 453 2631 tum
480 2609 551 2636 pascit
575 2609 784 2636 supermentaliter;
810 2609 831 2631 in
854 2612 966 2638 quantum

404 2647 509 2669 Verbum
526 2648 671 2675 inspiratum,
688 2648 880 2675 spi1·itualiter;in
896 2654 968 2677 quan-

405 2690 452 2708 tum
471 2686 574 2709 Verbum
598 2687 753 2713 incarnatum,
773 2688 967 2710 sacramentaliter

405 2725 449 2747 294
463 2724 485 2747 1).
495 2726 535 2747 301
553 2725 567 2747 b
584 2738 614 2741 —
623 2728 657 2747 est
668 2726 803 2753 increatum,
816 2726 966 2753 incarnatum,

404 2764 539 2791 inspiratum
552 2764 595 2786 249
609 2770 620 2786 3
639 2777 669 2780 -
687 2764 761 2786 Primo
773 2765 843 2787 modo
856 2768 889 2787 est
900 2765 966 2792 origo

405 2803 578 2825 illustrationum
591 2803 704 2830 veritatis;
722 2804 824 2826 secundo
838 2804 919 2832 modo,
937 2804 967 2826 in-

405 2842 585 2864 flammationum
604 2842 703 2864 caritatis
725 2841 772 2865 ibid
787 2855 818 2858 —
840 2843 965 2865 increatum

406 2880 427 2901 in
445 2881 541 2902 10111310
553 2881 624 2903 Patris
641 2881 665 2903 tit
682 2882 780 2903 maxime
791 2888 860 2909 super
872 2882 966 2904 sollicite

405 2919 540 2946 vigilantes3
566 2920 701 2947 inspiratum
727 2920 748 2942 in
773 2921 823 2942 sinu
852 2922 966 2943 humanae

405 2958 500 2984 mentis,
518 2958 573 2980 intra
592 2959 676 2981 devote
699 2959 874 2987 interpellantes,
894 2961 966 2982 111031·-

1002 270 1080 290 natum
1099 268 1120 290 in
1133 271 1197 290 utero
1208 268 1319 296 Virginis,
1332 270 1425 296 propter
1438 270 1484 289 toto
1497 267 1566 289 corde

1002 307 1163 334 assentientes;
1182 307 1320 335 imperatum
1338 307 1360 329 in
1374 307 1505 334 Evangelio,
1526 312 1566 334 per

1002 346 1117 368 humiliter
1134 345 1321 374 obtemperantes
1337 346 1366 368 77
1384 352 1404 373 a,
1423 345 1437 367 b

1050 398 1080 401 -—
1097 385 1224 408 increatum
1242 385 1294 407 fecit
1313 385 1443 412 hominem,
1462 384 1566 406 Verbum

1003 424 1147 446 incarnatum
1165 430 1218 446 eum
1236 424 1315 446 refecit
1345 424 1384 445 109
1404 423 1418 446 b
1435 436 1465 440 -
1483 424 1567 446 increa-

1004 466 1051 486 tum
1069 466 1102 485 cst
1119 463 1185 491 origo
1207 463 1312 485 omnium
1335 463 1510 490 pullulationum
1528 469 1566 484 na-

1003 503 1124 529 1013110οη
1141 502 1296 529 incarnatum,
1314 502 1465 529 gratuitarum
1490 501 1534 523 468
1552 500 1567 523 b

1002 554 1032 557 —
1051 541 1176 563 increatum
1194 543 1228 563 est
1245 541 1311 568 origo
1333 541 1437 563 omnium
1455 542 1568 562 creatura-

1002 586 1067 607 rum3
1095 580 1252 608 incarnatum,
1282 580 1434 608 reparationis
1462 579 1566 601 omnium

1002 618 1056 641 ibid.
1073 631 1104 635 —
1125 619 1267 641 incarnatum
1290 621 1325 640 est
1347 619 1412 641 radix
1434 619 1509 641 omnis
1531 624 1567 641 co-

1002 657 1110 685 gnitionis
1126 657 1148 679 in
1167 657 1216 686 1ἰ3;
1235 657 1370 684 increatum,
1383 658 1405 679 iu
1423 658 1494 685 patria
1513 657 1541 680 52
1554 664 1566 679 3

1001 709 1033 713 -
1049 697 1120 719 Patris
1145 699 1180 719 est
1204 697 1270 719 cibus
1292 697 1444 724 Angelorum,
1464 696 1566 719 Verbum

1002 736 1145 758 incarnatum
1171 735 1237 758 cibus
1261 736 1412 764 parvulorum
1441 736 1483 758 1136
1508 742 1519 757 3
1537 748 1567 752 -

1002 775 1129 797 increatum
1146 775 1334 803 quadriformiter
1351 775 1465 797 civitatem
1490 775 1568 797 Beato-

1002 820 1053 836 rum
1077 815 1182 837 aedificat
1200 814 1220 836 in
1239 814 1323 842 gloria,
1343 813 1445 836 Verbum
1468 814 1568 835 incarna-

1003 857 1059 880 tum,
1071 853 1258 882 quadriformiter
1271 853 1292 876 in
1309 856 1367 875 terra
1381 853 1426 875 602
1437 852 1452 875 b
1464 865 1493 869 —
1509 852 1568 875 Vide

1002 894 1070 915 etiam
1091 893 1117 915 V.
1136 892 1252 916 Christus.

1049 932 1193 954 Venecuunm
1211 945 1241 947 —
1252 930 1368 954 Debemus
1380 937 1430 954 esse
1441 931 1568 953 verecundi

1003 972 1025 993 in
1043 971 1147 994 faciendo
1165 973 1284 999 peccatum
1303 971 1348 992 555
1366 970 1381 993 1)
1406 983 1437 987 -
1455 971 1567 992 Verecun-

1002 1011 1046 1033 dus
1064 1017 1108 1032 non
1125 1010 1224 1032 libenter
1241 1016 1265 1032 se
1282 1010 1389 1032 diffundit
1405 1009 1429 1031 in
1447 1010 1568 1037 turpitudi-

1003 1056 1056 1072 nem
1074 1049 1173 1072 libidinis
1191 1050 1235 1071 697
1253 1055 1266 1071 3
1283 1061 1314 1065 -
1332 1049 1391 1071 bona
1410 1049 1470 1071 socia
1484 1052 1517 1071 est
1529 1050 1568 1071 hu-

1003 1088 1103 1111 militatis
1121 1088 1166 1111 555
1184 1088 1198 1110 b
1217 1101 1246 1104 ——
1258 1088 1355 1116 virginis
1373 1091 1450 1110 tenera
1468 1091 1502 1110 est
1513 1088 1542 1109 98
1553 1087 1567 1109 b

1051 1128 1149 1150 Venirxs
1165 1140 1196 1144 —
1205 1127 1308 1150 Christus
1320 1130 1354 1150 est
1372 1127 1455 1149 veritas
1468 1130 1567 1154 aeterua,

1003 1167 1078 1195 plena,
1088 1167 1166 1189 intima
1179 1166 1206 1189 48
1217 1166 1232 1188 b
1243 1179 1274 1183 —
1286 1166 1364 1194 Qualis
1375 1166 1403 1188 sit
1414 1166 1451 1188 lux
1463 1166 1568 1188 Veritatis

1003 1209 1109 1228 aeternae
1127 1206 1172 1228 564-
1188 1212 1200 1227 3
1215 1218 1245 1222 -
1258 1205 1317 1228 Vide
1328 1205 1396 1227 etiam
1410 1205 1437 1227 V.
1451 1204 1568 1228 Christus.

1050 1257 1080 1262 —-
1098 1248 1131 1267 est
1148 1245 1262 1267 rectitudo
1279 1245 1415 1267 solamente
1432 1243 1568 1272 perceptibi-

1003 1284 1029 1306 lis
1047 1284 1091 1306 472
1109 1290 1121 1306 3
1139 1296 1170 1300 -
1187 1284 1279 1311 respicit
1296 1284 1413 1305 scientiam
1432 1283 1471 1305 Dei
1493 1283 1537 1305 457
1555 1289 1567 1305 3

1002 1335 1033 1339 —-
1058 1323 1157 1350 pertinet
1182 1323 1212 1345 ad
1237 1322 1439 1350 contemplativam
1465 1321 1520 1345 ibz'd.
1538 1335 1568 1338 —

1004 1362 1111 1384 Veritatis
1127 1364 1161 1384 est
1178 1361 1311 1384 naturaliter
1323 1361 1345 1383 in
1363 1361 1450 1383 bonum
1467 1361 1568 1389 dirigere

1003 1402 1047 1423 222
1061 1407 1072 1423 3
1087 1414 1114 1416 -
1127 1401 1164 1423 1110
1178 1400 1290 1423 mirabilis
1301 1400 1404 1422 veritatis
1416 1403 1456 1428 est,
1469 1400 1489 1422 in
1502 1400 1568 1423 cuius

1002 1446 1073 1468 opere
1093 1443 1126 1462 est
1151 1440 1241 1462 claritas
1267 1439 1365 1467 exempli
1387 1442 1409 1462 et
1433 1439 1568 1467 simplicitas

1003 1479 1061 1501 oculi
1080 1479 1125 1501 483
1142 1478 1157 1501 b
1174 1492 1205 1495 —
1229 1478 1344 1501 Debemus
1368 1479 1457 1501 veritati
1475 1478 1567 1507 acquie-

1002 1524 1066 1541 scere
1084 1521 1193 1547 tanquam
1210 1518 1278 1540 matri
1295 1517 1369 1540 bonae
1387 1517 1416 1540 59
1434 1523 1446 1539 3

1049 1570 1081 1574 -
1097 1557 1173 1580 omnis
1185 1557 1220 1579 101
1234 1560 1269 1579 051
1280 1560 1368 1584 creata,
1380 1557 1416 1579 vel
1428 1559 1462 1579 est
1474 1563 1567 1585 creans;

1002 1597 1075 1624 prima
1102 1597 1194 1623 transit,
1219 1596 1321 1619 secunda
1348 1599 1424 1618 manet
1441 1597 1486 1618 213
1504 1596 1519 1618 b
1537 1608 1567 1612 -

1002 1636 1077 1658 omnis
1094 1639 1184 1664 praeter
1195 1635 1303 1664 primam,
1312 1642 1405 1663 semper
1416 1639 1451 1658 est
1468 1635 1489 1657 in
1505 1636 1566 1657 fluxu

1002 1675 1032 1697 73
1049 1681 1062 1697 a
1079 1687 1109 1691 —
1129 1681 1173 1697 non
1197 1677 1271 1702 potest
1293 1674 1437 1702 apprehendi
1462 1674 1503 1696 nisi
1526 1680 1568 1702 per

1002 1714 1101 1742 primam
1120 1713 1173 1737 ibid.
1193 1726 1223 1730 —
1241 1714 1299 1736 nulla
1318 1714 1359 1736 nisi
1383 1720 1424 1741 per
1447 1713 1567 1736 veritatem

1002 1753 1101 1781 primam
1120 1755 1194 1781 potest
1212 1753 1339 1775 illuminare
1351 1752 1406 1776 ibid.
1426 1765 1455 1768 —
1473 1752 1567 1775 Veritati

1002 1792 1112 1820 permixta
1131 1795 1165 1814 est
1181 1792 1266 1814 falsitas
1282 1792 1310 1814 63
1329 1798 1341 1814 3

1048 1843 1079 1847 --
1095 1835 1129 1853 051
1145 1831 1237 1859 triplex:
1250 1831 1410 1859 experientiae,
1422 1831 1516 1853 rationis
1529 1832 1567 1853 hu-

1002 1876 1085 1892 manae
1102 1873 1124 1892 et
1141 1870 1193 1892 fidei
1209 1870 1252 1892 248
1266 1870 1281 1892 1)
1293 1883 1324 1887 -
1335 1873 1369 1892 051
1381 1870 1448 1897 11130,
1462 1871 1567 1898 iustitiae,

1002 1909 1119 1931 doctrinae
1136 1909 1179 1931 35ss
1193 1909 1207 1931 b
1224 1922 1254 1925 —
1272 1910 1347 1932 omnis
1360 1912 1434 1937 potest
1446 1910 1525 1931 reduci
1537 1909 1567 1932 ad

1002 1949 1053 1975 hoc,
1067 1951 1090 1970 ut
1101 1949 1202 1970 sciamus
1215 1950 1294 1976 fugere
1310 1949 1377 1976 mala,
1389 1949 1480 1976 operari
1499 1948 1566 1976 bona,

1001 1990 1111 2014 appetere
1123 1988 1226 2009 caelestia
1246 1988 1290 2009 310
1304 1987 1318 2009 b
1330 2000 1360 2004 —
1373 1987 1442 2010 debet
1453 1988 1532 2010 vivere
1544 1988 1566 2010 in

1002 2027 1071 2048 corde
1089 2029 1110 2048 et
1127 2032 1167 2048 ore
1184 2030 1206 2048 et
1222 2027 1359 2048 fructificare
1377 2027 1399 2048 in
1414 2032 1484 2054 opere
1498 2027 1540 2049 «183
1554 2033 1564 2048 a

1047 2077 1078 2081 —
1094 2071 1191 2093 operum
1210 2066 1288 2092 docet,
1314 2066 1368 2094 quid
1395 2066 1424 2087 sit
1447 2066 1564 2093 agendum

1002 2104 1046 2126 240
1065 2104 1079 2126 1)
1097 2117 1127 2121 -
1144 2111 1241 2132 operum
1264 2108 1298 2127 est
1323 2108 1347 2127 ut
1369 2105 1447 2132 regula
1471 2105 1566 2127 actionis

1002 2143 1111 2165 directiva
1129 2143 1180 2166 ibid⁴
1199 2157 1229 2159 —
1247 2144 1403 2171 praemiorum
1422 2146 1455 2166 est
1477 2147 1500 2166 ut
1516 2150 1566 2166 scu-

1002 2185 1050 2204 tum
1077 2183 1099 2204 in
1124 2183 1247 2205 tentatione
1272 2183 1425 2210 protectivum
1456 2182 1509 2205 ibid.
1535 2196 1566 2199 —

1002 2222 1158 2249 praemiorum
1176 2222 1256 2248 (locet,
1274 2222 1330 2250 quid
1355 2222 1383 2244 Sit
1400 2222 1564 2244 attendendum

1002 2260 1057 2283 ibid.
1076 2273 1104 2276 —-
1122 2267 1213 2283 morum
1232 2264 1263 2283 est
1283 2263 1306 2282 nt
1324 2261 1394 2283 herba
1408 2261 1518 2283 fullonum
1536 2262 1566 2283 af-

1002 2300 1105 2322 fectionis
1122 2300 1285 2322 sanctissrativa
1303 2299 1357 2322 ibid.
1374 2313 1404 2316 —
1422 2306 1514 2322 morum
1527 2300 1566 2322 do-

1002 2341 1044 2367 cet,
1061 2339 1118 2367 quid
1135 2339 1163 2361 sit
1182 2339 1316 2366 fugiendum
1335 2338 1388 2361 ibid.
1406 2351 1437 2355 -
1455 2339 1506 2361 fidei
1532 2342 1566 2361 est

1002 2381 1026 2400 01
1038 2378 1073 2399 lux
1086 2378 1179 2400 rationis
1192 2378 1339 2400 illuminativa
1353 2377 1406 2400 ibid.
1421 2391 1447 2393 —
1461 2378 1515 2400 fidoi
1527 2378 1565 2400 do-

1001 2420 1043 2443 cet,
1056 2417 1112 2445 quid
1129 2417 1157 2438 sit
1174 2417 1317 2439 credendum
1334 2416 1388 2439 ibid.
1406 2429 1436 2433 -
1454 2417 1564 2444 Dogmata

1001 2456 1102 2478 veritatis
1114 2456 1221 2478 dicuutur
1232 2456 1329 2483 sagittae
1341 2456 1385 2477 528
1398 2462 1410 2477 3
1428 2468 1458 2472 -
1471 2457 1492 2478 10
1511 2456 1566 2484 ipsis

1001 2498 1034 2517 est
1051 2495 1146 2517 firmitas
1163 2495 1315 2522 auctoritatis,
1333 2494 1446 2517 rectitudo
1459 2496 1565 2521 rationis,

1002 2534 1112 2556 modestia
1131 2533 1294 2561 propositionIs
1311 2532 1357 2556 ibid

1047 2584 1078 2588 —
1095 2572 1147 2593 Sine
1160 2572 1254 2594 veritate
1266 2572 1326 2594 Deus
1342 2573 1428 2594 nullum
1443 2573 1566 2595 [let-umen-

1001 2614 1048 2633 tum
1066 2610 1181 2638 approbat
1200 2611 1243 2633 435
1262 2610 1276 2633 b
1293 2623 1323 2627 —
1343 2611 1380 2633 Dei
1398 2612 1507 2639 sapientia
1520 2618 1564 2634 non

1001 2650 1100 2678 habitat,
1118 2650 1159 2672 nisi
1178 2649 1216 2671 ubi
1235 2652 1268 2672 est
1285 2650 1369 2671 veritas
1387 2650 1430 2671 643
1449 2657 1460 2671 3

1049 2701 1077 2704 -ν-
1102 2689 1229 2711 Gloriosum
1256 2692 1289 2711 est
1316 2689 1372 2711 mori
1391 2695 1432 2716 pro
1463 2690 1564 2715 veritate,

1001 2734 1068 2756 quae,
1085 2728 1126 2749 etsi
1144 2734 1189 2749 non
1206 2730 1324 2749 convertat
1338 2728 1484 2755 audientem,
1502 2734 1564 2750 coro-

1001 2769 1038 2788 nat
1055 2769 1130 2788 tamen
1149 2766 1319 2794 praedicantem
1338 2767 1381 2788 373
1400 2766 1415 2788 b
1432 2779 1462 2783 —
1480 2767 1564 2789 Glorio-

1000 2806 1047 2828 5105
1064 2808 1098 2827 051
1115 2806 1181 2827 deiici
1198 2812 1251 2827 0001
1270 2806 1364 2827 10111310
1387 2812 1456 2834 quam
1475 2807 1562 2833 magni-

1001 2844 1062 2866 ficari
1080 2850 1133 2866 cum
1146 2844 1238 2866 falsitate
1257 2844 1300 2866 443
1316 2851 1327 2866 3
1340 2857 1370 2861 -
1382 2851 1441 2873 quae
1459 2845 1563 2872 displicet

1000 2886 1021 2905 et
1038 2884 1320 2911 excitatpersecutionem,
1338 2887 1372 2905 est
1389 2884 1503 2906 meritoria
1518 2884 1561 2905 523

1000 2928 1011 2943 3
1030 2935 1059 2937 -
1078 2922 1137 2944 11300
1154 2928 1246 2950 semper
1264 2922 1356 2944 durabit
1372 2922 1425 2945 ibid.
1442 2935 1472 2939 —
1494 2922 1563 2945 debet

1000 2960 1091 2988 probari
1111 2961 1131 2982 in
1150 2961 1295 2983 tribulatione
1312 2965 1334 2983 ct
1351 2962 1457 2989 patientia
1476 2960 1504 2983 ib.
1523 2960 1538 2983 b

1577 2968 1580 2978 1

947 189 1047 218 INDEX
1069 189 1309 218 ALPHABETICUS
1330 189 1407 218 NON!
1430 187 1618 217 VOLUMlNlS.

1864 229 1912 251 VlA

1647 279 1677 283 —
1694 273 1755 295 quae
1772 267 1883 295 displicet,
1896 274 1943 290 non
1954 275 1980 290 ex
1993 269 2047 291 odio
2065 268 2109 291 dici
2126 268 2166 291 de-

1601 304 1649 332 bet,
1662 306 1701 328 sed
1720 313 1746 328 ex
1758 307 1851 329 caritate
1869 307 1912 329 523
1927 307 1941 329 b
1953 319 1984 323 —
1995 308 2065 330 Secus
2082 308 2166 330 occidit

1601 344 1674 367 bonos
1691 347 1714 367 et
1729 346 1798 367 etiam
1816 351 1857 368 nos
1874 346 1937 373 ipsos
1954 345 2008 369 ibid.

1648 396 1677 400 —
1694 385 1741 406 sola
1765 384 1902 413 inquirenda
1925 387 1959 407 est
1982 385 2025 407 408
2044 384 2059 407 1)
2076 398 2106 401 -—
2131 391 2166 407 co·

1601 423 1731 450 gnoscitur,
1749 423 1874 446 adiuvante
1892 424 1969 446 divina
1986 424 2070 446 virtute
2090 424 2135 446 290
2153 430 2165 445 3

1601 474 1631 478 -
1649 462 1712 484 Νο113
1729 465 1761 484 051
1781 463 1861 485 0101101
1879 463 2025 491 praeparatio
2043 463 2072 485 ad
2090 464 2167 490 cogni-

1602 501 1686 523 tionem
1704 501 1806 524 veritatis
1823 507 1894 530 quam
1912 502 2027 524 invocatio
2045 502 2117 524 divini
2129 508 2167 524 no-

1602 540 1669 562 minis
1693 540 1737 562 237
1756 540 1770 562 b
1788 553 1818 557 —
1835 540 1869 563 Ad
1887 541 1990 563 studium
2010 541 2113 563 veritatis
2130 547 2168 563 ne-

1601 579 1699 601 cessaria
1718 582 1752 601 est
1770 579 1923 601 mansuetudo
1942 582 1987 601 tam
2010 580 2033 601 in
2050 579 2167 602 audiendo

1600 624 1670 646 quam
1690 618 1712 640 in
1730 618 1870 641 conferendo
1887 618 1932 640 594
1944 625 1956 640 3
1975 631 2004 634 -
2019 618 2078 647 Quid
2091 618 2168 647 requi-

1600 660 1663 679 ratur
1681 657 1709 679 ad
1728 657 1789 679 viam
1807 657 1909 679 veritatis
1926 657 2023 680 finaliter
2045 663 2168 686 assequen-

1600 696 1654 718 dam
1673 696 1718 718 729
1736 695 1751 718 b
1768 708 1799 713 ——
1816 696 1950 719 meditanda
1967 699 2002 719 est
2019 703 2060 724 per
2083 696 2168 725 simpli-

1601 735 1699 763 citatem,
1717 735 1884 762 rectitudinem,
1901 736 2024 763 puritatem
2044 735 2087 758 442
2105 735 2120 757 b

1648 787 1679 791 -—
1696 775 1825 802 Vestigium
1849 775 1950 797 veritatis
1970 775 2115 803 sequendum
2134 778 2168 797 est

1603 814 1662 841 pede
1679 814 1774 841 directo,
1787 813 1883 841 munito,
1900 814 2027 836 accelerato
2045 813 2090 836 472
2107 820 2120 836 3
2137 826 2168 830 -

1602 853 1753 875 Obstat-ulum
1771 852 1873 875 veritatis
1885 855 1920 875 est
1937 855 2014 875 tumor
2026 853 2111 875 mentis
2122 853 2167 875 200

1602 898 1621 914 a.
1641 892 1685 914 237
1704 891 1719 914 b
1738 905 1765 907 —
1784 892 1828 920 Qui
1845 892 2008 920 conceptiones
2025 898 2079 914 suas
2096 895 2119 914 et
2135 898 2168 914 ra-

1602 932 1675 953 tiones
1692 932 1792 959 praefert
1809 931 1898 954 veritati
1924 931 1947 953 in
1970 930 2069 953 tenebris
2090 934 2124 953 est
2146 933 2168 953 et

1602 970 1661 992 lilius
1677 969 1763 992 diaboli
1781 970 1826 992 317
1847 969 1862 992 1)
1885 982 1915 986 -
1940 970 2001 992 Multi
2024 970 2099 998 magis
2120 970 2167 993 dili-

1602 1012 1659 1037 gunt
1676 1015 1729 1031 suas
1746 1009 1934 1037 investigationes
1954 1015 2024 1038 quam
2047 1010 2167 1032 veritatem

1602 1048 1656 1071 ibid.

1649 1101 1678 1104 —
1696 1094 1735 1110 cor
1757 1088 1895 1115 sanctificat,
1921 1088 2017 1110 mundat
2042 1090 2064 1110 et
2083 1090 2168 1116 purgat

1602 1127 1646 1149 643
1659 1134 1670 1149 3
1688 1140 1719 1144 -
1736 1127 1842 1149 liberabit
1853 1133 1895 1149 nos
1912 1127 1941 1149 ab
1954 1128 2017 1149 omni
2029 1127 2168 1149 adversitate

1602 1167 1647 1188 290
1673 1173 1685 1188 3
1711 1179 1742 1182 -
1767 1166 1869 1194 disponit
1894 1166 1923 1188 ad
1949 1166 2166 1194 contemplationem

1602 1206 1647 1227 292
1674 1205 1688 1227 b
1714 1218 1743 1221 —-
1770 1206 1819 1233 lpsa
1837 1205 1923 1233 habita,
1951 1205 2048 1228 habetur
2065 1205 2168 1228 suavitas

1602 1244 1647 1266 695
1665 1244 1680 1266 1)

1650 1283 1736 1305 Ventus
1752 1296 1783 1299 ἡ
1800 1283 1829 1306 de
1846 1283 1909 1311 ligno
1926 1283 2027 1305 nascitur
2045 1283 2089 1305 458
2105 1283 2120 1305 b
2137 1295 2168 1300 -

1603 1322 1654 1344 folia
1673 1322 1774 1344 comedit
1791 1326 1813 1344 et
1825 1322 1900 1350 perdit
1918 1323 2005 1344 fructus
2016 1321 2071 1345 ibid.
2088 1335 2119 1338 —
2131 1328 2168 1344 no-

1602 1364 1637 1384 cet
1655 1361 1717 1389 ligno
1736 1361 1780 1384 477
1798 1368 1809 1383 3

1650 1401 1733 1423 Vensm
1749 1413 1780 1417 —
1797 1400 1879 1427 Omne,
1896 1400 1959 1429 quod
1977 1407 1989 1423 a
2006 1400 2114 1423 versione
2137 1401 2168 1422 in-

1602 1439 1664 1468 cipit,
1681 1439 1703 1461 in
1721 1439 1851 1462 versionem
1869 1439 1941 1462 tendit
1958 1439 2003 1461 315
2022 1439 2036 1461 b

1649 1479 1809 1501 Vsssrumwruu
1826 1491 1858 1495 —
1877 1479 1984 1501 indutum
2002 1479 2094 1507 corpori
2111 1481 2165 1506 stat,

1602 1518 1643 1540 sed
1659 1524 1704 1540 non
1722 1524 1764 1546 per
1781 1524 1805 1540 se
1822 1517 1866 1540 574
1881 1518 1895 1540 b
1912 1530 1943 1534 —-
1960 1518 2038 1540 Nullus
2055 1518 2119 1546 ponit
2130 1524 2168 1540 no-

1602 1563 1655 1579 vam
1673 1560 1761 1580 10510111
1780 1563 1850 1585 super
1868 1560 1983 1584 veterem,
2005 1557 2045 1579 sed
2065 1557 2166 1585 primum

1601 1597 1662 1619 exuit
1684 1600 1787 1619 veterem
1805 1597 1850 1619 573
1868 1596 1883 1618 b
1901 1609 1931 1613 —
1949 1596 2094 1625 inquinatum
2120 1602 2167 1619 non

1602 1638 1677 1663 potest
1693 1636 1808 1663 mundari,
1825 1636 1869 1658 uisi
1882 1638 1981 1658 transeat
1996 1642 2036 1663 per
2048 1636 2167 1658 lavacrum

1602 1675 1647 1697 534
1665 1674 1680 1697 b
1699 1688 1727 1690 —
1753 1675 1875 1703 designant
1892 1681 1963 1702 opera
1986 1675 2167 1697 conversationis

1601 1715 1646 1737 532
1666 1714 1687 1737 b.
1705 1714 1749 1736 533
1763 1721 1817 1736 3-
1834 1714 1871 1736 lini
1889 1714 1980 1737 candidi
1998 1714 2104 1742 designat
2115 1720 2167 1736 con-

1601 1754 1737 1776 versationis
1754 1755 1897 1776 honestatem
1915 1754 1955 1775 521
1978 1753 1993 1775 b

1649 1793 1759 1815 Vesrrrus
1774 1805 1805 1809 -
1822 1799 1869 1815 non
1881 1793 1909 1814 sit
1920 1793 2053 1820 superfluus
2071 1798 2113 1814 nec
2129 1791 2168 1814 de-

1601 1833 1681 1855 licatus
1697 1838 1739 1854 nec
1757 1832 1871 1859 pretiosus
1893 1838 1935 1854 nec
1957 1832 2055 1854 multum
2072 1834 2167 1854 ornatus

1601 1872 1646 1894 724
1665 1871 1679 1893 b

1649 1911 1690 1933 Vix
1708 1923 1738 1926 —
1756 1910 1878 1932 materialis
1890 1913 1912 1932 et
1924 1910 1961 1932 via
1973 1910 2098 1938 spiritualis
2115 1916 2167 1938 poe-

1602 1950 1710 1972 nitentiae
1735 1952 1769 1971 est
1791 1949 1906 1978 quaedam
1933 1950 2012 1977 regula
2037 1949 2166 1972 rectificans

1601 1989 1719 2011 hominem
1737 1988 1766 2011 74
1785 1995 1797 2010 a
1822 2001 1853 2005 --
1877 1989 1999 2011 materialis
2022 1991 2043 2010 et
2061 1988 2166 2010 mentalis

1602 2030 1752 2055 praeparatur
1780 2026 1852 2049 1111105
1877 2027 1952 2049 modis
1977 2027 2007 2048 75
2030 2026 2045 2048 b
2068 2039 2097 2042 —
2125 2027 2166 2049 Per

1600 2067 1662 2088 viam
1676 2066 1780 2093 graditur
1793 2067 1862 2088 homo
1875 2066 1903 2088 ad
1918 2066 2037 2093 propriam
2050 2065 2165 2088 civitatem

1601 2105 1645 2127 444
1663 2111 1676 2126 a

1647 2157 1676 2160 —
1694 2146 1769 2166 rectae
1785 2146 1839 2165 sunt
1856 2143 1934 2165 diviua
1952 2146 2074 2171 praecepta
2094 2143 2137 2165 409
2151 2143 2165 2165 b

1599 2196 1630 2199 -—
1647 2183 1753 2211 desig-nat
1770 2182 1910 2210 beneplacita
1929 2183 1968 2204 Dei
1987 2183 2031 2205 325
2049 2183 2064 2205 b
2080 2195 2112 2199 —
2128 2183 2166 2205 (le-

1599 2222 1675 2250 signat
1692 2221 1764 2244 bonas
1776 2222 1920 2249 operationes
1933 2221 1977 2243 444
1990 2228 2001 2243 3
2013 2235 2040 2237 -
2059 2222 2166 2249 designat

1599 2264 1664 2284 actus
1680 2261 1803 2283 exteriores
1821 2262 1865 2283 225
1884 2261 1898 2282 l)

1648 2313 1676 2316 —
1688 2300 1791 2323 Christus
1802 2300 1870 2322 docet
1881 2306 1949 2322 suum
1962 2299 2102 2328 discipulum
2115 2300 2165 2322 vias

1600 2346 1654 2362 suas
1672 2340 1700 2361 32
1718 2346 1730 2361 3
1754 2352 1783 2355 —
1808 2340 1902 2361 lstarum
1929 2339 2019 2361 viarum
2042 2339 2163 2367 privilegia

1600 2378 1654 2401 ibid.

1646 2429 1676 2433 —
1695 2418 1760 2439 Viam
1787 2417 1878 2439 Domini
1904 2417 2026 2445 dirigimus
2049 2423 2090 2444 per
2112 2420 2163 2439 octo

1599 2456 1703 2478 exercitia
1731 2456 1875 2484 perfectionis
1901 2456 1929 2477 (38
1947 2462 1958 2477 a
1979 2468 2010 2472 —
2028 2456 2093 2478 Viam
2121 2456 2164 2478 Do-

1600 2495 1654 2517 mini
1673 2495 1794 2523 dirigimus
1806 2501 1847 2523 per
1866 2495 2003 2523 impuritatis
2020 2495 2165 2522 expurgatio-

1600 2541 1660 2561 nem,
1679 2534 1768 2562 pietatis
1785 2534 1958 2560 assumtionem,
1976 2534 2101 2556 sanctitatis
2112 2540 2164 2556 con-

1599 2574 1766 2600 versationem,
1792 2573 1871 2595 5310115
1899 2573 2066 2601 promotionem
2092 2572 2121 2595 ib.
2140 2572 2162 2594 b.

1600 2613 1628 2634 69
1646 2618 1658 2634 3
1676 2624 1706 2628 -—-
1723 2613 1781 2634 Sunt
1798 2614 1896 2640 quatuor
1909 2612 1961 2633 viae
1972 2618 1983 2633 a
1999 2612 2051 2639 Deo,
2064 2614 2163 2640 quatuor

1599 2651 1727 2673 secundum
1738 2651 1818 2677 Deum,
1831 2654 1930 2679 quatuor
1939 2651 1968 2673 ad
1980 2651 2051 2673 Deum
2063 2651 2107 2673 445
2117 2657 2137 2678 a,
2147 2650 2162 2672 1)

1647 2703 1675 2705 -
1693 2693 1758 2712 caute
1767 2689 1901 2712 ambulandi
1914 2692 1967 2712 sunt
1979 2693 2066 2717 septem
2082 2689 2124 2711 434
2139 2689 2160 2711 b.

1600 2729 1643 2750 435
1667 2735 1679 2750 3
1703 2742 1731 2744 -
1757 2729 1841 2751 directa
1866 2729 1894 2751 ad
1920 2729 1991 2751 vitam
2015 2732 2049 2751 est
2071 2729 2161 2751 dilectio

1598 2767 1627 2789 54
1645 2767 1660 2789 b

1644 2819 1674 2822 —
1693 2807 1714 2828 ln
1733 2807 1769 2828 113
1787 2813 1868 2829 sumus
1892 2807 1912 2828 in
1930 2807 1992 2828 atriis
2009 2806 2093 2828 domus
2118 2807 2161 2828 Do-

1598 2845 1653 2866 mini
1671 2846 1716 2867 285
1734 2845 1748 2867 b
1772 2858 1800 2861 ——
1822 2845 1938 2873 Quamdiu
1961 2851 2042 2867 sumus
2064 2845 2085 2867 in
2110 2845 2160 2873 via,

1596 2890 1687 2905 summe
1706 2883 1772 2906 nobis
1789 2884 1967 2907 desiderandum
1986 2887 2019 2906 est
2036 2884 2116 2906 audire
2132 2884 2160 2906 de

1598 2923 1643 2944 Deo
1656 2923 1699 2945 328
1713 2922 1728 2944 1)
1739 2935 1769 2939 -
1783 2924 1877 2945 Summa
1896 2923 2013 2951 perversio
2031 2926 2065 2945 est
2082 2923 2110 2945 de
2122 2923 2159 2945 via

1597 2962 1669 2983 facere
1687 2962 1809 2983 terminum
1828 2962 1872 2983 290
1891 2961 1905 2983 1)
