2269 3448
431 208 466 236 68
1178 209 1390 238 [itssERTATtO
1412 210 1440 238 lt.

428 286 500 323 quod
525 295 574 323 pro
597 295 673 315 more
697 288 780 315 huius
812 288 908 315 aetatis
929 288 1084 324 composuit
1110 295 1228 316 coaevus
1250 287 1276 315 Β.

428 335 591 362 Franciscus
612 343 626 362 a
649 335 782 362 Fabriano
803 334 893 363 dictus
917 335 1140 363 Venimbenus1:

491 436 507 458 O
526 436 631 463 lugubris
649 436 761 458 Ecclesiae
778 436 881 463 planctus
899 439 921 458 et
938 436 1004 464 plaga
1023 436 1093 458 dura!

523 475 648 496 Desunctus
665 478 699 497 est
717 476 767 496 tons
785 475 879 502 gratiae,
898 475 974 496 Frater
992 475 1162 496 Bonaventura.

522 514 583 536 Heu!
601 517 687 542 quanta
705 514 791 536 iactura
810 520 880 541 super
898 516 959 536 tanto
978 514 1088 535 Doctore!

524 554 568 575 lam
588 554 633 575 iam
645 552 653 564 ²
672 554 773 580 suspirat
793 559 899 575 moerens
916 553 1018 574 desolata
1036 553 1162 580 Scriptura.

491 623 508 646 O
527 627 627 652 quantus
645 624 718 646 luctus
736 624 870 650 hominum,
889 624 1002 645 Ecclesiae
1020 622 1178 645 lamentumfll

521 663 582 685 Obiit
601 664 672 685 forma
691 663 820 690 cardinum,
838 664 909 685 (iecor
927 667 949 684 et
965 665 1140 689 ornamentunu

521 702 538 724 O
557 705 669 730 quantum
689 701 865 723 fulcimentum⁴
883 701 998 723 Ecclesiae
1017 702 1146 723 Romanae!

524 741 631 768 Deplorat
649 747 692 762 non
712 741 779 762 inane
797 741 900 763 mundus
917 742 960 762 hoc
978 740 1151 762 detrimentum.

491 811 508 833 Ο
528 817 597 837 mors,
615 818 697 839 expers
714 812 861 838 clementiae,
880 814 974 833 naturae
993 812 1100 838 frangens
1117 811 1179 838 iura,

524 850 649 872 Mordidisti
668 856 728 872 nunc
746 850 818 878 impie
836 850 949 872 mundum
968 850 1017 871 dira
1035 849 1129 871 iactura.

523 890 579 911 Nam
597 889 626 911 de
645 890 699 911 tanti
712 889 721 901 ⁵
739 895 845 917 pressura
864 895 976 911 concussa
995 888 1116 911 cardinalis

522 928 610 950 Tremit
628 928 762 950 universalis
780 929 895 951 Ecclesiae
912 931 1027 950 structura
1040 927 1056 949 ⁶.

489 999 507 1021 O
525 999 637 1020 Minorum
656 999 756 1026 Religio!
774 1005 840 1021 sume
859 1000 975 1027 planctum
994 1005 1111 1021 amarum:

523 1038 643 1060 Exundarc
661 1038 778 1066 profluvio
797 1040 888 1066 pertusa
909 1039 1072 1066 laci-ymarum.

523 1078 631 1105 Suspira,
651 1084 704 1100 nam
716 1077 724 1089 ⁷
744 1078 887 1106 praeclarum
906 1078 1025 1106 perdidisti
1045 1078 1173 1104 Doctorem,

522 1117 595 1145 Quem
615 1120 703 1144 patrem
722 1122 743 1139 et
761 1120 876 1145 pastorem
896 1117 993 1139 habuisti
1013 1117 1166 1145 praeclarum.

491 1188 508 1210 O
528 1191 652 1215 paupertas
670 1188 763 1216 egregia
782 1189 835 1210 huit·
854 1188 903 1210 viro
920 1188 1071 1215 desponsata!

521 1227 539 1249 O
557 1227 642 1249 summi
661 1227 730 1255 Regis
748 1227 791 1249 filia
811 1233 852 1255 per
870 1228 930 1249 hunc.
946 1227 985 1249 diu
1004 1228 1107 1249 servata!

522 1267 586 1288 Nunc
604 1267 668 1294 plora
679 1265 694 1295 ⁸,
713 1267 819 1294 viduata,
837 1266 938 1289 verum¹¹
956 1267 986 1288 tui
1005 1272 1172 1294 possessorem,

521 1306 563 1334 Qui
582 1312 623 1333 pro
642 1306 672 1328 tui
691 1312 769 1328 amore
788 1305 955 1333 contempsit¹⁰
973 1306 1042 1328 multa
1060 1305 1121 1327 data.

489 1377 506 1400 Ο
525 1378 612 1405 puritas
629 1377 754 1399 clarissima
774 1378 842 1399 totius
860 1375 1025 1399 tionestatis¹¹t

522 1417 540 1440 O
558 1417 650 1438 castitas
667 1416 797 1443 gratissima
815 1415 935 1443 spiritibus
953 1414 1036 1437 beatis!

521 1455 585 1477 Hunc
604 1458 655 1476 tuae
673 1455 809 1482 integritatis
827 1455 911 1482 plange
929 1457 1082 1482 protectorem

522 1495 546 1516 Et
563 1498 651 1516 castum
670 1498 798 1516 amatorem
817 1496 877 1515 tutae
896 1493 1046 1515 fecunditatis.

489 1565 507 1587 O
526 1565 639 1593 profunda
659 1564 774 1586 humilitas
792 1564 815 1585 in
832 1564 900 1586 caelis
918 1565 1037 1586 coronata!

520 1604 537 1626 O
556 1604 659 1626 caelestis
676 1603 806 1626 sublimitas
822 1603 852 1625 de
862 1602 880 1615 ¹²
899 1603 964 1625 terris
981 1603 1087 1625 exaltatat

520 1644 584 1666 Nunc
602 1642 770 1671 permaneus¹3
788 1642 881 1670 orbata,
900 1643 961 1664 hunc
978 1643 1031 1669 luge
1050 1641 1185 1664 nutritorem
1196 1640 1223 1668 ¹⁴,

520 1683 563 1711 Qui
583 1683 726 1705 mundanum
745 1683 824 1704 florem
843 1682 990 1710 contempsit,
1008 1684 1029 1703 te
1046 1684 1145 1703 servata.

489 1808 495 1821 ¹
515 1810 579 1831 Hanc
597 1809 687 1830 neniam
701 1814 769 1830 versu
788 1808 877 1830 leonino
890 1807 1029 1834 descriptam
1047 1806 1116 1828 habet
1128 1807 1275 1835 Waddingus

426 1849 466 1878 (ad
483 1855 520 1871 an.
543 1848 599 1870 1274
623 1854 645 1870 n.
667 1848 709 1874 14.)
728 1851 750 1869 et
769 1847 852 1869 Bonelli
871 1847 1008 1875 (l‘rodrom.,
1032 1847 1075 1868 col.
1098 1846 1127 1868 64
1145 1848 1212 1875 seq.),
1235 1847 1274 1875 qui

425 1889 538 1911 desumsit
555 1894 606 1910 eam
624 1894 650 1910 ex
676 1887 795 1910 Chronicis
818 1885 1011 1909 Fabrianensibus
1034 1886 1083 1914 (cfr.
1103 1885 1159 1908 ibid.
1176 1886 1218 1908 col.
1237 1886 1275 1908 63.

426 1931 471 1950 not.
490 1929 504 1949 s.
521 1931 543 1949 et
561 1928 601 1955 gt),
620 1928 643 1949 ln
660 1926 844 1954 reproducendis
862 1926 896 1948 his
914 1925 1021 1947 versibus
1034 1928 1131 1953 uterque
1150 1925 1231 1947 maiori
1249 1931 1275 1948 ex

426 1970 490 1995 parte
507 1966 621 1989 convenit.
640 1966 684 1988 Nos
701 1965 840 1987 adducimus
857 1965 978 1987 lectionem
996 1964 1151 1986 Bonellianam
1169 1970 1222 1986 cum
1241 1964 1276 1986 his

426 2006 541 2028 mentione
557 2005 703 2033 dignioribus
718 2004 869 2031 variantibus,
882 2010 942 2032 quos
954 2003 1020 2025 nobis
1033 2000 1189 2031 suppeditavit
1203 2003 1275 2026 codex

426 2046 575 2073 Florentinus,
593 2045 633 2073 qui
651 2043 801 2066 describitur:
820 2043 953 2070 Florentiae,
972 2042 1075 2064 biblioth.
1094 2043 1201 2065 Laurent.
1220 2043 1274 2064 Dlut.

426 2085 472 2107 Vll.
489 2084 560 2107 dextr.
579 2084 631 2106 cod.
649 2084 670 2105 3.
690 2082 818 2105 membran.
837 2083 857 2104 in
878 2083 898 2104 4.
916 2088 997 2110 parvo,
1014 2082 1067 2104 olim
1091 2081 1164 2104 conv.
1182 2082 1204 2104 S.
1222 2081 1275 2104 Cru-

425 2124 470 2150 cis,
487 2129 546 2145 saec.
566 2123 627 2145 XlV.
645 2123 681 2145 tol.
700 2123 728 2144 ta
746 2129 768 2144 v.
786 2123 829 2144 col.
847 2123 875 2144 ll:
900 2130 909 2141 a
924 2122 1036 2149 Incipiunt
1059 2127 1140 2143 versus
1162 2121 1190 2143 ad
1215 2127 1276 2143 com-

425 2163 596 2185 mendationem
615 2162 698 2184 Fratris
711 2162 885 2184 Bonaventurae
901 2161 1022 2183 cardinalis
1040 2160 1069 2182 de
1087 2160 1169 2182 balneo
1183 2160 1275 2188 regis».

425 2202 523 2224 Eosdem
544 2208 625 2223 versus
643 2201 777 2229 reproduxit
794 2206 820 2222 ex
838 2201 917 2223 codice
934 2199 1081 2222 Fabriauensi
1098 2199 1216 2228 (Caldoro)
1228 2202 1275 2221 tam

426 2241 447 2262 in
465 2241 543 2268 lingua
562 2241 639 2262 Latina
657 2246 727 2268 quam
746 2240 767 2261 in
781 2240 887 2261 versione
908 2239 981 2261 italica
1000 2240 1022 2260 Ρ.
1040 2239 1147 2266 Aloysius
1164 2239 1228 2261 Tassi
1246 2239 1276 2261 de

425 2280 551 2306 Fabriano,
570 2280 619 2301 Vita
644 2280 680 2301 del
700 2280 723 2301 Β.
739 2280 865 2301 Francesco
885 2278 1020 2301 Venimbeni
1044 2278 1072 2300 da
1097 2277 1210 2300 Fabriano
1227 2278 1275 2306 <Fa-

427 2320 506 2342 briano
528 2320 603 2345 1893),
622 2326 676 2347 pag.
694 2320 724 2341 60
741 2325 807 2347 seqq.

489 2358 498 2371 ²
516 2359 642 2386 Wadding.
660 2362 682 2380 et
699 2358 751 2381 cod.
769 2358 865 2380 Florent.
885 2357 969 2380 habent
986 2358 1057 2380 semel
1076 2360 1163 2379 tantum
1181 2356 1239 2379 iam.

489 2397 497 2410 ³
516 2399 575 2420 luter
593 2399 654 2420 hunc
672 2401 693 2419 et
710 2400 846 2426 sequentem
873 2403 966 2419 versum
992 2397 1125 2418 intercalant
1149 2396 1274 2424 Wadding.

426 2441 447 2460 et
464 2438 515 2460 cod.
533 2438 591 2460 Flor.
609 2438 677 2459 istum
696 2437 763 2459 etiam
782 2443 794 2459 a
812 2436 879 2459 nobis
896 2440 1031 2464 receptum:
1050 2435 1110 2458 Obiit
1127 2436 1207 2465 {orma
1225 2441 1276 2458 car-

426 2476 522 2504 clinum,
540 2476 609 2499 decor
627 2478 649 2498 et
665 2477 841 2499 oriuimeutittit.

489 2515 498 2527 ⁴
517 2516 645 2543 Wadding.
662 2515 730 2537 habet
749 2516 917 2537 nocumentum
936 2520 977 2541 pro
994 2513 1167 2543 sittct'mrntiun.

489 2554 498 2566 5
515 2554 572 2577 Coil.
590 2555 646 2576 Flor.
665 2554 734 2576 habet
751 2553 839 2583 (tempti
856 2554 904 2575 loco
923 2553 990 2575 tanti.

489 2593 498 2606 ⁸3
516 2594 556 2616 Hie
573 2597 595 2615 et
614 2594 755 2621 praecedens
772 2599 854 2615 versus
872 2593 935 2615 deest
953 2592 1016 2620 apud
1035 2591 1204 2619 Waddingum.

489 2631 497 2644 ⁷
515 2632 572 2655 Cod.
589 2633 648 2654 Flor.
665 2638 729 2655 nanc
747 2638 789 2659 pro
806 2638 871 2654 nam.

491 2671 499 2684 Β
516 2671 573 2695 Cod.
592 2672 649 2694 Flor.
667 2671 747 2700 plorat
764 2677 806 2699 pro
823 2670 901 2699 plora.

490 2711 499 2724 ⁰
517 2711 572 2734 Cod.
592 2712 649 2733 Flor.
667 2716 800 2740 sponsoque
815 2716 951 2739 possessore
970 2716 1011 2737 pro
1028 2715 1112 2732 verum
1135 2708 1170 2731 tui
1184 2714 1274 2738 posses·

426 2757 512 2774 sorem.

490 2788 509 2801 ¹⁰
529 2791 556 2811 lta
576 2790 627 2812 rod.
646 2790 720 2814 Flor.:
739 2789 774 2810 alii
793 2795 835 2816 pro
852 2787 991 2817 contempsit
1008 2787 1093 2810 habent
1110 2786 1231 2810 concessit.

491 2827 508 2840 ¹¹
527 2828 583 2850 Coil.
602 2829 661 2850 Flor.
679 2827 701 2849 ίη
720 2826 790 2850 caelis
807 2828 921 2849 coronata
941 2833 982 2854 pro
995 2825 1066 2849 totius
1078 2825 1222 2853 lionestatis,-
1240 2831 1275 2847 ee-

427 2869 473 2889 tera
493 2867 514 2888 in
532 2873 559 2889 eo
578 2867 661 2889 desunt
678 2873 752 2894 usque
769 2866 798 2888 ad
816 2872 924 2888 versum:
944 2865 963 2888 O
976 2864 1101 2895 profunda
1114 2863 1237 2887 humilitas
1250 2863 1274 2886 in

427 2905 497 2928 caetis
515 2908 640 2933 coronata,
661 2906 780 2928 inclusive.

491 2944 509 2956 ¹²
527 2945 582 2967 Cod.
601 2946 658 2967 Flor.
682 2945 706 2967 ιῗη
724 2951 766 2972 pro
783 2944 818 2967 (Ite.

491 2983 510 2995 ¹³
529 2984 655 3011 Wadding.
672 2984 734 3007 hictu:
749 2983 838 3013 planat>
856 2990 897 3011 pro
915 2989 979 3006 nunc
992 2988 1147 3012 permanens.

491 3022 509 3034 ¹¹
529 3023 653 3050 Wadding.
671 3029 780 3045 moerore
798 3029 839 3050 pro
856 3022 1007 3045 nutritorem.

1399 288 1416 310 O
1434 289 1550 316 exemplar
1567 291 1589 310 et
1606 289 1726 316 speculum
1744 291 1837 311 sanctae
1854 289 1990 316 Religionis!

1430 328 1448 349 Ο
1467 327 1586 355 pastoralis
1604 327 1699 350 baculus
1716 330 1778 350 tutae
1796 328 1956 355 professionis!

1431 367 1473 388 lter
1491 367 1631 394 vgressionis
1648 369 1700 388 tuae
1718 367 1756 388 liet
1773 373 1867 394 gressus
1885 367 1995 389 vii-nuum
2008 365 2022 394 ¹,

1431 405 1511 433 Teque
1528 405 1648 427 ductorem
1668 408 1741 427 tutum
1759 404 1854 427 habebit
1870 411 1926 427 suae
1943 405 2039 428 actionis
2048 405 2064 427 ².

1399 475 1416 497 O
1435 475 1520 497 zelator
1537 475 1648 502 iustitiae,
1666 482 1680 497 o
1698 478 1775 503 pastor
1793 476 1895 503 pietatis!

1430 514 1447 536 Ο
1465 514 1538 536 cultor
1555 514 1690 542 pudicitiae,
1709 518 1824 542 protector
1843 514 1995 542 paupertatis!

1431 553 1488 574 Tam
1506 559 1573 575 sexus
1590 559 1660 581 quam
1678 553 1758 575 aetatis
1775 553 1876 575 conditio
1894 559 2048 582 quaecunque
2070 578 2074 582 .

1429 592 1462 613 'l'e
1480 592 1553 619 ploret
1571 591 1713 620 ubicumque
1731 592 1849 614 doctorem
1869 592 1978 614 veritatis.

1399 661 1437 683 Eia
1454 667 1515 683 nune
1524 660 1540 689 ³,
1558 661 1661 689 piissime
1678 662 1737 688 Rex,
1755 662 1860 684 omnium
1878 661 1984 691 Creator,

1431 701 1544 722 Ecclesiae
1561 701 1717 723 sanctissimae
1734 700 1783 723 sis¹
1801 701 1875 723 dulcis
1892 701 2032 729 consolator,

1431 739 1501 762 Nobis
1518 740 1638 762 auxiliator
1655 741 1684 762 sit
1700 741 1723 762 in
1741 746 1814 768 regno
1832 741 1962 767 caelorum,

1430 780 1472 808 Qui
1493 779 1577 802 nobis⁵
1595 781 1667 802 forma
1679 779 1688 791 ὖ
1707 786 1798 802 morum
1818 780 1858 802 suit
1876 786 1971 802 manens
1987 780 2070 802 viator.
2087 781 2168 802 Amen.

1414 858 1505 886 Refert
1536 858 1627 886 adhuc
1657 858 1859 894 Waddingus7,
1891 858 2029 894 quendam
2061 858 2183 886 Fratrem

1335 908 1477 938 sanctuni,
1501 906 1640 942 llugonem
1663 905 1695 934 de
1719 906 1802 939 Dina,
1829 906 1923 934 eodem
1946 914 2017 933 atino
2040 908 2185 934 transeun-

1335 955 1389 980 tem
1413 960 1461 989 per
1484 952 1583 981 Urbem
1608 956 1746 986 veterem,
1776 956 1886 989 praeter
1914 952 1967 981 alia
1992 953 2078 980 multa
2106 960 2185 989 prae-

1304 1014 1306 1041 ἶ
1334 999 1437 1027 dixisse
1459 1008 1571 1036 quoque
1600 1003 1716 1028 mortem
1740 1001 1764 1028 S.
1788 1000 1995 1028 Bonaventurae
2018 1000 2060 1028 his
2075 999 2183 1028 verbis:

1340 1047 1462 1074 «Frater
1484 1047 1675 1075 Bonaventura
1697 1055 1750 1075 non
1772 1047 1901 1075 ascendet
1922 1047 1954 1075 ad
1976 1046 2101 1075 altiorem
2122 1055 2184 1083 gra-

1334 1093 1409 1121 dum.
1432 1093 1506 1121 Ordo
1528 1094 1663 1122 Minorum
1686 1094 1866 1122 dividetur».

1682 1203 1718 1231 CA
1725 1212 1775 1231 Piri*
1798 1203 1827 1231 V.

1336 1313 1374 1340 De
1390 1312 1528 1350 Hetiqtu'z's
1541 1313 1569 1341 S.
1584 1313 1819 1346 Boaaoemarac,
1834 1313 1868 1341 (tc
1882 1313 1944 1340 elas
1959 1313 2184 1341 canonizatione

1401 1365 1425 1388 ct
1446 1359 1487 1387 att
1510 1360 1696 1388 Doctoratimi
1720 1360 1945 1388 ecetesz‘a.s·tiomn
1967 1360 2113 1388 evectione.

1415 1470 1438 1496 1.
1456 1468 1549 1505 Quod,
1572 1468 1758 1497 intercedente
1780 1468 1804 1496 S.
1829 1468 2028 1502 Bonaventura,
2050 1468 2123 1496 Deus
2143 1468 2183 1496 di-

1332 1519 1432 1553 gnatus
1454 1516 1488 1544 sit
1509 1517 1643 1544 miracula
1665 1519 1791 1552 patrare,
1813 1515 1966 1543 videbimus
1991 1515 2017 1543 in
2051 1515 2182 1544 relatione

1332 1571 1479 1600 processus
1501 1563 1714 1591 canonizationis
1735 1566 1818 1599 atque
1841 1563 1892 1590 iam
1915 1562 2056 1590 vidimus8
2082 1562 2108 1590 in
2133 1562 2183 1590 mi-

1334 1611 1428 1638 raculo
1450 1610 1476 1638 in
1499 1610 1558 1646 ipso
1580 1611 1678 1638 Sancto
1701 1610 1808 1638 vivente
1832 1612 1945 1646 patrato.

1412 1658 1519 1694 Corpus
1535 1658 1559 1685 S.
1576 1657 1784 1685 Bonaventurae
1802 1657 1849 1685 diu
1872 1657 1968 1685 mansit
1993 1656 2017 1684 in
2042 1656 2183 1692 primitivo

1333 1713 1383 1733 suo
1405 1705 1473 1738 loco,
1497 1704 1620 1741 Lugduni
1639 1704 1664 1732 iu
1686 1704 1800 1732 ecclesia
1822 1704 1949 1731 Fratrum
1969 1703 2115 1731 liliuorum.
2130 1703 2181 1731 Re-

1332 1752 1385 1780 fert
1401 1751 1511 1788 qnidem
1528 1751 1753 1779 Bartholomaeus
1769 1751 1882 1779 Pisanus
1898 1751 1908 1767 ⁰
1929 1750 1962 1779 de
1983 1750 2075 1787 aliqua
2093 1753 2182 1779 trans-

1334 1799 1433 1827 latione
1462 1798 1587 1835 corporis
1615 1799 1690 1832 aius3
1713 1798 1759 1826 sed
1788 1802 1864 1826 certa
1891 1801 1932 1826 est
1960 1798 2014 1826 alia
2040 1797 2182 1826 translatio

1332 1846 1457 1882 corporis
1478 1846 1511 1874 ad
1540 1854 1637 1873 novam
1668 1845 1809 1873 ecclesiam
1839 1845 1963 1881 Lugduni
1991 1845 2018 1873 in
2049 1845 2181 1873 honorem

1333 1894 1358 1921 S.
1375 1893 1509 1921 Francisci
1532 1893 1702 1921 aedificatam
1719 1892 1812 1921 habita
1826 1901 1868 1920 an.
1888 1892 1975 1926 1434,
1997 1895 2024 1921 et
2046 1892 2113 1921 haec
2127 1900 2180 1920 non

1333 1944 1422 1977 potest
1450 1948 1509 1968 csse
1539 1940 1584 1968 illa
1612 1947 1695 1976 quam
1725 1942 1859 1968 memorat
1888 1939 2016 1973 Pisanus,
2045 1947 2109 1967 cum
2137 1939 2181 1967 hic

1334 1990 1463 2016 mortuus
1478 1987 1513 2015 sit
1528 1987 1581 2015 iam
1597 1987 1671 2015 circa
1685 1995 1728 2014 an.
1749 1986 1830 2014 1401.
1853 1986 1891 2014 De
1914 1986 1964 2014 ista
1985 1986 2070 2023 igitur
2092 1989 2181 2014 trans-

1334 2034 1433 2062 latione
1454 2042 1498 2062 an.
1524 2033 1598 2062 1434
1621 2033 1744 2070 loquitur
1772 2033 1996 2070 Martyrologium
2025 2033 2181 2061 Francisca-

1333 2089 1399 2109 num
1417 2081 1440 2097 ¹⁰
1461 2081 1504 2109 die
1523 2081 1557 2109 14
1574 2081 1660 2108 Martii
1685 2080 1726 2108 his
1748 2080 1852 2109 verbis:
1872 2080 2022 2117 «Lugduni
2039 2080 2182 2108 translatio

1333 2128 1457 2164 corporis
1485 2128 1570 2156 sancti
1600 2127 1808 2156 Bonaventurae
1836 2127 1982 2155 cardinalis
2010 2130 2037 2155 et
2061 2127 2180 2163 episcopi

1332 2174 1500 2208 Albanensis,
1513 2174 1639 2202 Doctoris
1654 2173 1799 2210 seraphici,
1814 2173 1925 2201 Ordinis
1940 2173 2085 2207 Minorum,
2101 2173 2181 2202 cuius

1333 2229 1442 2250 sacrum
1458 2224 1554 2258 caput,
1570 2221 1802 2257 capillamentum,
1818 2220 1901 2250 labia.
1923 2220 2019 2249 dentes
2040 2224 2065 2248 et
2088 2220 2181 2256 lingua

1396 2355 1403 2367 ¹
1422 2357 1443 2378 ln
1462 2355 1513 2378 cod.
1531 2355 1589 2377 Flor.
1610 2355 1651 2376 ita:
1672 2354 1735 2377 Tuae
1751 2353 1893 2383 evi-essionis
1909 2353 1947 2383 flet
1964 2353 2043 2382 qratia
2057 2352 2180 2376 virolam..

1396 2394 1405 2407 2
1424 2396 1445 2417 ln
1463 2394 1515 2417 cod.
1532 2394 1590 2416 Flor.
1609 2394 1650 2415 ita:
1671 2394 1795 2422 Tanquam
1813 2392 1932 2416 doctorem
1957 2393 2035 2415 tutam
2052 2398 2110 2415 suae
2127 2398 2180 2415 oon-

1333 2433 1478 2464 [Jressz'om's;
1496 2437 1570 2456 cetera
1589 2433 1672 2455 desunt
1689 2439 1763 2461 usque
1785 2432 1814 2454 ad
1841 2437 1948 2454 versum:
1967 2431 2011 2454 Εία
2027 2438 2103 2459 nunc,
2125 2431 2180 2461 piis-

1332 2473 1392 2496 sime
1409 2473 1471 2500 Rem,
1490 2472 1596 2495 omnium
1616 2472 1723 2495 Creator.

1396 2511 1405 2524 ²³
1423 2512 1479 2534 Cod.
1496 2512 1555 2533 Flor.
1572 2513 1642 2540 palei·
1660 2517 1701 2539 pro
1718 2516 1789 2533 aalma.

1395 2550 1403 2562 ‘¹
1422 2550 1546 2577 Wadding.
1565 2552 1587 2572 ct
1604 2550 1656 2572 cod.
1675 2551 1732 2572 Flor.
1750 2556 1763 2572 0
1781 2556 1823 2577 pro
1839 2549 1879 2572 sis.

1395 2588 1404 2601 ⁵
1421 2589 1478 2612 Cod.
1495 2590 1555 2611 Flor.
1572 2589 1643 2611 deest.

1396 2627 1405 2640 ⁶
1423 2628 1479 2651 Cod.
1496 2629 1554 2650 Flor.
1572 2628 1617 2657 suit
1635 2628 1671 2650 hic
1690 2628 1853 2656 transponitur.

1394 2667 1402 2680 ⁷
1420 2668 1528 2695 Annales,
1546 2668 1575 2689 ad
1593 2674 1627 2689 an.
1651 2667 1707 2689 1274
1725 2674 1747 2689 n.
1768 2667 1802 2689 15.

1394 2706 1403 2719 ⁸
1421 2708 1495 2734 Supra
1514 2713 1567 2734 pag.
1585 2707 1614 2728 59
1632 2707 1675 2728 col.
1693 2706 1716 2728 ll.

1393 2744 1403 2757 ⁹
1420 2745 1477 2768 Cod.
1494 2746 1532 2768 cit.
1555 2745 1592 2767 lib.
1620 2746 1637 2767 1.
1655 2746 1742 2767 t'ructus
1764 2748 1785 2767 et
1808 2746 1920 2767 conform.
1938 2745 1959 2766 8.
1980 2750 2042 2772 pars.
2059 2744 2082 2765 ll.
2100 2744 2145 2765 vol.
2163 2744 2177 2765 Ι.

1333 2786 1370 2807 sol.
1389 2784 1432 2806 117
1456 2791 1479 2806 x‘.
1504 2784 1546 2806 col.
1566 2784 1585 2805 l:
1606 2793 1616 2803 u
1630 2784 1702 2806 lluius
1728 2783 1921 2811 (Bonaventurae)
1943 2789 2040 2810 corpus,
2066 2782 2122 2804 dum
2149 2782 2178 2804 de

1331 2824 1433 2847 sacristia
1451 2826 1510 2845 esset
1528 2823 1628 2851 positum
1647 2823 1668 2844 in
1687 2823 1793 2850 sepulcro
1812 2828 1884 2848 novo,
1902 2821 1941 2844 ubi
1959 2827 2020 2843 nunc
2043 2821 2112 2848 iacet,
2130 2827 2178 2843 cor-

1331 2869 1388 2891 pore
1405 2863 1499 2885 redacto
1517 2863 1537 2884 in
1556 2861 1644 2889 cinere,
1662 2862 1739 2889 lingua
1758 2862 1849 2883 inventa
1866 2864 1901 2883 est
1917 2867 1972 2883 sana
1994 2863 2016 2882 et
2032 2860 2134 2887 integra,
2151 2865 2178 2882 ac

1331 2903 1349 2925 si
1367 2908 1487 2931 nunquam
1514 2902 1593 2924 suisset
1617 2901 1714 2929 sepulta.
1740 2901 1807 2929 Quod
1833 2901 1922 2923 Fratres
1947 2900 2063 2927 videntes,
2086 2905 2137 2921 eam
2156 2899 2176 2921 in

1332 2942 1408 2970 pixide
1425 2941 1526 2964 eburnea
1545 2943 1663 2968 ponentes,
1681 2941 1704 2962 in
1722 2940 1827 2968 sepulcro
1845 2940 1895 2962 eius
1912 2938 2126 2961 recondiderunt».

1395 2980 1414 2993 ¹⁰
1431 2981 1476 3003 Csr.
1485 2981 1582 3002 Arturus
1594 2979 1782 3005 monasteriensis,
1794 2978 1981 3006 litartyrologium
1994 2978 2177 3003 Franciscanum,

1337 3020 1360 3042 14
1379 3020 1459 3042 Martii.
