2269 3448
368 185 423 214 142

619 224 678 246 MAn

366 264 442 286 Sancti
469 263 598 289 imitantur,
626 262 775 290 superbiendi
803 262 935 284 occasiones

364 303 494 325 abiiciendo
506 303 551 324 690
561 308 573 323 a
583 314 613 318 —-
623 302 671 324 Non
684 301 757 323 simus
768 300 854 323 similes
865 301 933 327 Evae,

366 342 406 365 sed
424 342 501 370 potius
518 341 602 364 Mat-lae
620 341 664 363 670
678 347 689 362 3
702 352 733 357 —
746 341 828 362 Parum
841 340 936 368 prodest

365 382 415 404 eius
432 387 511 403 amore
529 381 631 403 ieiunare
648 380 697 402 sine
719 379 828 401 orationis
851 379 934 400 instan-

366 421 394 443 tia
412 424 435 443 et
452 420 525 448 ipsius
542 420 667 442 imitatione
685 419 729 441 680
748 425 760 440 3

413 473 444 476 -
468 459 504 482 Ab
529 460 579 482 eius
604 459 671 481 laude
696 458 808 480 deficiunt
832 458 931 484 linguae,

366 499 505 527 scripturae,
528 498 663 527 prophetiae
680 501 702 520 et
719 496 879 519 similitudines
896 502 933 524 pa-

365 538 480 561 rabolicae
497 539 542 560 708
561 544 581 564 3,
599 537 613 559 1)
630 549 660 553 ——
678 536 795 565 Quidquid
815 535 889 558 laudis
905 535 934 557 de

367 584 393 601 ea
411 578 495 601 dicitur
513 577 596 600 dicitur
614 577 729 599 defective
747 576 791 597 693
811 574 825 597 1)
838 587 866 590 -
880 575 934 596 Ε3111

367 617 452 640 iaciunt
469 617 611 639 adorandam
624 616 681 638 ratio
695 614 844 637 maternitatis
856 617 877 636 et
890 620 935 635 me-

366 657 435 679 ritum
454 655 586 678 humilitatis
605 655 648 677 694
667 661 687 681 a,
700 653 714 676 b
727 666 756 669 —
769 653 812 681 lpsi
826 652 935 675 exhiben-

366 696 410 719 dae
427 698 480 718 sunt
497 695 583 723 gratiae
600 697 622 716 et
645 694 725 716 laudes
748 699 790 721 pro
817 691 935 714 beneficiis

367 735 529 758 incarnationis
547 734 591 756 340
609 733 624 755 b

413 786 444 790 -—
462 774 548 799 Honor,
565 773 604 801 qui
623 771 721 794 debetur
739 771 788 793 aliis
807 770 895 793 Sanctis
906 770 935 792 de

368 819 481 841 congruo,
499 812 541 840 ipsi
559 811 658 834 debetur
676 811 705 833 de
722 810 840 838 condigno
858 810 904 832 705
922 816 934 831 3

367 865 396 868 —
415 852 527 874 Dominus
544 857 637 873 omnem
651 852 761 873 honorem
775 856 852 876 suum,
864 855 934 877 quem

369 892 390 914 in
409 895 468 914 terra
486 891 574 918 habuit,
592 891 613 913 ei
630 889 811 913 communicavit
833 887 888 911 ibid.
904 900 934 904 —

368 932 480 954 Dominus
498 931 541 958 ipsi
558 930 622 952 dedit
639 932 739 958 quatuor
756 930 810 951 testa
829 928 850 950 in
874 934 934 950 anno

367 974 389 993 et
406 971 427 993 in
446 969 547 999 qualibet
572 969 700 997 septimana
727 967 855 990 Sabbatum
879 966 934 990 ibid.

367 1023 397 1026 —
414 1010 526 1032 Dominus
544 1015 594 1031 eam
614 1009 677 1031 horis
697 1008 786 1030 diurnis
808 1010 829 1029 et
846 1010 935 1029 noctur-

369 1050 403 1072 nis
420 1049 529 1071 honorari
546 1048 662 1071 ordinavit
679 1047 733 1070 ibid.
749 1060 779 1063 -
797 1047 818 1069 ln
835 1047 885 1068 eius
897 1047 935 1068 ho-

368 1095 448 1111 norem
467 1094 535 1110 omne
552 1094 614 1115 genu
634 1088 737 1109 flectatur
755 1086 799 1108 673
818 1092 838 1108 a.
857 1086 901 1108 698
920 1085 935 1107 1)

367 1140 398 1144 -
421 1127 592 1150 honorificanda
618 1130 652 1149 est
677 1126 790 1154 obsequio
816 1125 933 1153 concordi,

369 1168 457 1195 humili,
475 1167 559 1189 celebri
577 1170 599 1188 et
616 1165 752 1194 infatigabili
768 1165 813 1187 718
828 1164 850 1186 b.
864 1164 909 1186 719
922 1170 933 1186 3

415 1219 445 1223 -—-
464 1207 537 1228 infelix
555 1209 589 1228 est
607 1207 684 1232 1101110,
701 1205 740 1233 qui
759 1211 771 1227 a
794 1204 863 1226 laude
886 1203 935 1226 eius
951 1226 953 1231 ,

370 1246 498 1269 excluditur
516 1246 560 1267 698
580 1245 594 1267 l)

416 1298 446 1301 —-
464 1285 570 1312 designat
595 1284 703 1306 devotam
730 1283 830 1305 animam
857 1283 897 1304 251
920 1281 953 1318 b,

367 1338 398 1341 —
416 1325 521 1352 designat
539 1324 659 1345 ierusalem
678 1323 798 1345 caelestem
821 1322 860 1343 157
879 1328 890 1343 3

418 1377 447 1380 —
466 1363 599 1391 Magdalenc
617 1362 670 1384 vide
688 1362 715 1383 V.
733 1360 878 1390 Mathtlene.

416 1404 510 1425 Maenia
534 1415 564 1418 —
587 1402 681 1424 sollicita
708 1401 761 1427 suit,
783 1404 807 1423 ut
832 1403 937 1428 pasceret

369 1443 493 1465 Dominum
511 1442 556 1463 556
574 1447 586 1463 3
605 1454 632 1456 -
651 1440 759 1463 stabatet
771 1440 886 1462 Christum
900 1445 936 1461 sa-

368 1482 456 1504 lutabat
473 1481 518 1504 655
536 1481 551 1503 b
569 1494 597 1496 —
616 1480 730 1508 significat
746 1480 817 1501 vitam
835 1479 935 1501 activam

369 1521 413 1543 638
432 1520 446 1542 b

417 1561 530 1583 Manutius
550 1572 580 1576 —
603 1558 750 1587 reprehendit
778 1558 877 1580 Brixiam
903 1563 936 1579 ar-

369 1600 531 1622 chidiaconum
550 1599 595 1621 617
614 1598 629 1620 b

417 1640 539 1662 MARTYRES
557 1651 583 1654 -—
603 1637 676 1660 occidi
694 1640 811 1665 poterant,
824 1636 865 1658 sed
877 1636 935 1658 tiecti

368 1678 496 1707 nequibant
521 1678 565 1700 599
589 1677 604 1699 l)
630 1689 661 1693 —
686 1678 777 1699 suerunt
799 1676 827 1698 ita
855 1677 936 1701 sortes,

369 1719 432 1747 quod
451 1718 509 1740 flecti
528 1724 572 1739 non
591 1719 715 1744 potnerunt
732 1716 777 1738 249
795 1715 809 1737 b
826 1716 890 1737 —ln
904 1716 936 1737 eis

368 1760 403 1780 est
421 1757 530 1779 tortitudo
554 1756 696 1778 constantiae
720 1756 764 1777 613
783 1755 798 1777 b
815 1768 845 1771 —
864 1756 885 1777 ln
903 1755 936 1777 eiS

368 1796 450 1819 claruit
475 1796 570 1824 spiritus
593 1795 731 1817 tortitudinis
754 1795 799 1816 599
817 1801 828 1816 3
847 1807 877 1811 -
895 1801 936 1822 per

369 1842 435 1864 spem
462 1834 579 1857 habebant
604 1840 712 1856 securum
729 1837 751 1856 et
768 1834 935 1856 solidIssimum

369 1875 480 1903 apodium
505 1875 549 1896 603
577 1880 589 1896 3
614 1886 645 1890 -
670 1874 754 1895 Eorum
781 1873 877 1895 virilitas
895 1879 936 1901 per

370 1914 482 1942 iaspidem
501 1914 635 1941 designatur
653 1913 698 1935 604
716 1919 727 1934 a
745 1925 776 1929 -—
793 1918 865 1941 quare
881 1918 936 1940 gau-

369 1954 450 1976 denter
475 1952 618 1975 cucurrerint
642 1952 671 1974 ad
690 1954 788 1974 mortem
806 1952 851 1974 523
875 1951 888 1973 b
905 1964 935 1967 —

370 1992 427 2015 Cum
446 1999 505 2014 unus
522 1998 602 2014 eorum
621 1991 784 2017 occidebatur,
803 1991 866 2013 multi
884 1997 935 2012 con-

370 2031 498 2059 surgebant
515 2031 544 2053 ad
568 2031 637 2053 sidem
662 2031 706 2052 357
724 2037 736 2052 3
763 2043 789 2046 —
813 2030 884 2057 Magis
903 2033 936 2051 est

370 2077 421 2093 esse
439 2071 560 2098 Martyrem
578 2070 660 2092 assecta
678 2073 700 2092 et
720 2070 800 2092 css'ectu
818 2075 889 2097 qnam
907 2070 936 2091 as·

371 2111 430 2133 tectu
448 2113 536 2132 tantum
556 2109 599 2131 479
618 2115 630 2131 a
653 2122 683 2125 —
709 2109 764 2131 ilinc
790 2109 861 2131 oritur
879 2108 936 2130 ordo

369 2151 479 2172 festorum
498 2150 620 2177 Martyrum
634 2148 688 2171 ibid.
706 2161 736 2164 —
753 2147 788 2170 Ab
805 2148 838 2170 eis
855 2154 936 2170 eorum

371 2190 426 2211 festa
445 2189 466 2210 in
485 2189 581 2210 veritate
601 2187 757 2215 celebrantur,
775 2188 814 2216 qui
833 2187 936 2215 ipsorum

371 2229 475 2256 exempla
494 2232 622 2256 sequuntur
641 2228 685 2249 552
704 2227 718 2249 b
732 2240 759 2243 —
773 2227 836 2255 Ipsos
853 2226 936 2249 imitari

371 2268 485 2290 debemus
502 2267 546 2289 599
564 2273 584 2294 a,
603 2266 617 2288 l)

418 2308 552 2329 MARTYRtUM
565 2319 595 2322 —
609 2306 687 2328 Milites
704 2305 786 2328 Christi
800 2306 820 2327 in
833 2308 937 2328 constan-

371 2347 401 2368 tia
422 2346 550 2374 probantur
568 2345 718 2373 perpessione
739 2345 841 2372 martyrii
861 2345 905 2367 569
924 2351 935 2366 a

371 2398 401 2402 —
419 2386 466 2408 Hoc
484 2385 508 2407 sit
526 2385 620 2412 triplicis
637 2384 784 2412 suffragantis
796 2384 888 2406 vii-tutis
900 2384 937 2406 ad-

372 2425 456 2447 iutorio
479 2423 508 2447 ib.
526 2431 551 2451 a,
570 2423 584 2445 b
602 2436 632 2440 —
650 2424 734 2446 dicitur
751 2430 801 2445 esse
826 2429 885 2451 opus
903 2429 937 2445 ca-

371 2464 443 2486 ritatis
460 2464 535 2486 maius
553 2464 597 2485 420
615 2470 626 2485 3
645 2475 675 2479 -
687 2466 721 2485 est
735 2463 828 2485 maioris
840 2462 937 2490 praemii

371 2504 430 2525 inter
446 2503 523 2525 omnia
540 2502 595 2525 ibid.

419 2543 498 2564 tila-ren
515 2554 546 2558 —
562 2543 584 2564 ln
602 2548 682 2564 earum
699 2545 813 2569 conceptu
831 2544 853 2563 et
870 2544 936 2569 partu

371 2584 405 2604 est
423 2582 503 2609 triplex
520 2587 575 2603 vac:
594 2581 680 2607 damni,
693 2581 834 2608 indigentiae
850 2584 872 2602 et
885 2587 938 2608 poe-

371 2627 414 2643 nae
430 2621 475 2642 706
493 2626 505 2642 a
518 2632 548 2636 —
560 2626 652 2647 omnes,
670 2623 764 2647 excepta
778 2620 858 2646 Maria,
876 2625 938 2641 amo-

372 2666 420 2682 rem
438 2659 538 2682 divisum
558 2658 688 2681 habueruut
704 2658 751 2680 704
768 2658 783 2680 b
801 2671 831 2674 —
844 2658 938 2680 misere-

372 2702 408 2721 tur
426 2698 472 2720 silio
490 2698 637 2726 procurando
660 2701 682 2719 et
703 2698 837 2720 sustinendo
863 2698 907 2719 350
925 2703 936 2718 a

371 2750 403 2754 —
420 2738 511 2759 flentem
530 2737 602 2759 ulium
619 2737 749 2759 consolatur
762 2737 876 2765 tergitque
888 2736 938 2758 eius

373 2777 486 2804 lacrymas
504 2776 557 2799 ibid.
576 2777 620 2798 366
639 2782 650 2798 a
671 2789 698 2792 —
717 2776 841 2804 aliquando
854 2782 896 2804 pro
908 2776 938 2797 os-

374 2818 434 2838 tensa
453 2816 525 2844 patris
543 2816 581 2837 flet
597 2822 650 2837 cum
670 2821 742 2843 puero
758 2815 802 2837 350
815 2821 827 2837 a
845 2827 875 2831 —-
889 2821 938 2843 pat·-

373 2856 427 2877 vulo
444 2855 543 2877 custodit
561 2861 609 2876 rem
628 2854 766 2882 pretiosam,
784 2861 811 2876 ne
834 2854 938 2882 proiiciat

373 2895 394 2916 in
412 2895 485 2916 lutum
505 2894 549 2915 ,186
567 2900 579 2915 3

421 2933 521 2955 Min-nm
538 2945 569 2949 -—
587 2935 622 2955 est
638 2938 710 2960 capax
731 2933 835 2955 omnium
855 2934 939 2955 sorma-

373 2977 424 2993 rum
438 2971 483 2993 353
496 2978 508 2993 3
519 2984 550 2988 —
563 2972 615 2994 Eius
633 2971 762 2994 fluxibilitas
775 2972 893 2994 terminata
906 2974 940 2994 est

969 268 1010 289 per
1026 261 1256 289 superinductionetn
1280 262 1406 283 formarum
1433 259 1487 283 ibid.
1505 272 1534 276 —

968 300 986 323 si
999 304 1057 323 esset
1076 306 1088 322 a
1106 306 1130 322 se
1143 300 1200 328 ipsa,
1213 302 1273 322 esset
1285 299 1459 327 perfectissima,
1471 298 1535 328 quod

968 343 1002 362 est
1018 339 1213 362 absurdissimum
1231 339 1276 361 563
1290 338 1304 361 b
1320 351 1350 355 —
1362 344 1423 367 quae
1440 341 1473 360 est
1491 337 1535 360 sub

969 380 1041 401 forma
1059 378 1124 405 caeli,
1135 384 1182 400 non
1198 377 1285 406 appetit
1302 384 1352 400 esse
1369 377 1414 399 sub
1432 378 1473 399 alia
1491 378 1536 399 tor-

969 424 1019 444 ma;
1037 418 1077 440 sed
1096 417 1190 440 materia
1208 417 1343 439 inferiorum
1360 419 1395 438 est
1411 416 1470 438 sicut
1488 422 1535 437 me-

968 457 1036 479 retrix
1053 457 1098 479 628
1116 463 1129 478 3

1016 496 1159 518 MATaATfflAs
1185 508 1216 512 —-
1246 495 1409 522 interpretatur
1437 494 1536 516 donatus

968 536 1013 557 206
1040 534 1054 557 1)
1072 547 1101 551 -
1123 534 1242 563 pugnabat
1267 541 1309 562 pro
1334 534 1425 561 legibus
1449 533 1536 555 divinis

969 574 1009 596 541
1033 574 1047 596 b
1072 586 1103 590 —
1124 574 1222 602 eiusque
1244 574 1282 595 lilii
1310 574 1440 595 maluerunt
1462 572 1534 595 occidi

968 620 1021 636 cum
1045 613 1141 635 veritate
1163 619 1234 641 quam
1258 612 1402 640 magnificari
1423 618 1477 634 cum
1500 612 1536 633 fal-

969 653 1034 675 sitate
1052 653 1096 675 373
1115 652 1129 674 b
1147 665 1177 669 —
1195 652 1309 680 significat
1326 651 1442 674 Christum
1461 651 1506 673 206
1520 650 1535 672 b

1017 693 1116 715 MATtttAs
1132 704 1162 708 -
1175 691 1257 720 Quoad
1269 691 1474 718 interpellationem
1486 691 1536 712 eius

969 732 1103 754 electionem
1120 731 1298 759 praecedentem
1318 732 1423 752 notantur
1436 730 1476 751 tria
1491 729 1535 752 514

969 778 980 793 a
995 784 1026 787 —
1039 771 1122 793 dicitur
1139 771 1250 792 exaltatus
1263 776 1303 798 per
1317 769 1373 791 Petri
1387 769 1536 795 adiutorium,

951 811 952 815 ¹
970 817 1014 833 non
1032 816 1073 838 per
1090 810 1140 832 eius
1158 809 1292 831 mandatum
1311 808 1364 831 ibid.
1388 820 1419 825 —-
1443 809 1463 830 ln
1487 808 1536 830 eius

968 850 1080 872 electione
1094 849 1233 871 observatus
1250 849 1292 871 suit
1304 848 1383 876 triplex
1401 848 1489 876 gradus
1506 846 1536 870 ib.

969 889 984 911 b
1001 902 1031 905 —
1049 895 1061 911 a
1081 889 1178 911 Domino
1196 888 1237 910 suit
1253 889 1339 910 electus
1356 887 1378 909 in
1401 887 1535 915 Apostolum

969 931 1064 956 propter
1081 929 1206 956 perfectam
1224 927 1334 949 iustitiam
1353 927 1398 948 516
1416 926 1431 948 b
1449 939 1478 943 —-
1497 926 1537 948 Do-

970 968 1046 990 minus
1069 968 1120 990 fecit
1136 974 1189 990 eum
1207 967 1237 989 de
1254 973 1352 989 numero
1376 966 1536 994 principalium

969 1006 1128 1029 membrorum
1146 1007 1168 1028 in
1188 1006 1285 1028 Ecclesia
1304 1006 1348 1027 518
1367 1012 1378 1027 3

1016 1047 1151 1069 MATTHAEUS
1168 1058 1197 1062 —
1215 1052 1257 1073 pro
1278 1052 1320 1068 suo
1338 1048 1396 1067 statu
1419 1047 1494 1072 potest
1510 1044 1536 1066 si-

968 1086 1079 1114 gnificare
1097 1092 1193 1107 avarum
1212 1085 1257 1107 232
1276 1091 1287 1106 3

1017 1126 1175 1147 Mnmuostuu
1193 1137 1223 1140 —
1241 1127 1275 1146 est
1300 1124 1417 1146 vinculum
1441 1123 1536 1145 indisso-

969 1164 1038 1187 lubile
1055 1165 1113 1186 inter
1130 1170 1241 1192 sponsum
1260 1166 1282 1185 et
1298 1169 1408 1190 sponsam
1428 1162 1471 1184 507
1491 1162 1505 1184 b

1017 1204 1193 1226 Memcstnssn‘ruiu
1205 1216 1231 1218 —
1242 1203 1306 1224 l‘rius
1315 1205 1406 1230 oportet
1415 1208 1538 1229 cognosce-

969 1250 993 1266 re
1003 1246 1168 1265 nocumentum
1179 1248 1249 1271 quam
1263 1242 1457 1264 medicamentum
1470 1241 1514 1263 2530
1524 1247 1536 1262 a

1017 1283 1114 1305 Meotcus
1132 1295 1161 1297 —
1179 1282 1301 1304 miseretur
1313 1284 1408 1308 aegroto
1421 1280 1536 1302 visitando

969 1324 991 1344 et
1008 1321 1111 1343 curando
1130 1321 1173 1343 349
1193 1320 1207 1342 b
1225 1333 1255 1336 —
1273 1320 1348 1342 bonus
1373 1320 1403 1342 ad
1426 1320 1537 1341 conforta-

969 1361 1054 1383 tionem
1073 1360 1157 1382 infirmi
1175 1360 1258 1382 extollit
1270 1359 1398 1381 medicinae
1410 1359 1536 1381 efficaciam

951 1398 1045 1422 ’4503

1018 1440 1141 1461 1100113110
1157 1451 1188 1455 -
1206 1438 1258 1460 t'acit
1269 1439 1328 1461 scire
1341 1438 1385 1460 639
1399 1437 1413 1459 b
1426 1451 1455 1453 —
1468 1437 1537 1459 debet

971 1479 1110 1507 praecedere
1126 1478 1254 1500 orationem
1278 1477 1323 1499 724
1341 1484 1352 1499 3
1371 1489 1402 1493 —
1419 1477 1476 1505 Quia
1495 1477 1536 1498 dit*-

970 1518 1095 1541 ticillimum
1119 1520 1153 1540 est
1175 1524 1215 1539 cor
1241 1517 1262 1539 in
1285 1524 1330 1539 uno
1356 1520 1447 1545 tenere,
1473 1516 1537 1539 dedit

971 1558 1031 1580 Deus
1057 1558 1140 1585 multa,
1167 1560 1191 1579 ut
1216 1558 1291 1579 valeat
1316 1556 1403 1579 bonum
1433 1556 1535 1584 cogitat-e

970 1597 1016 1620 7-25
1034 1603 1046 1619 a
1064 1609 1094 1613 —-
1111 1597 1139 1619 Ut.
1156 1603 1196 1619 cor
1213 1597 1360 1623 accendatur,
1385 1602 1428 1618 non
1452 1596 1536 1622 semel,

970 1637 1010 1659 sed
1038 1638 1168 1665 frequenter
1195 1637 1267 1658 Deum
1293 1636 1396 1663 cogitare
1421 1635 1536 1657 debenuts

971 1676 1015 1698 Ι162
1034 1676 1049 1698 b

1017 1716 1064 1738 Mat
1083 1728 1111 1731 —-
1129 1718 1163 1737 est
1180 1715 1210 1737 de
1227 1721 1279 1737 rore
1304 1714 1394 1736 caelesti
1413 1714 1453 1736 471
1476 1720 1486 1735 a
1505 1726 1536 1730 —

970 1755 1039 1777 habet
1056 1755 1202 1777 dulcedinem
1229 1755 1274 1776 :310
1293 1753 1307 1776 b
1324 1766 1354 1770 —
1371 1754 1441 1776 Mellis
1458 1754 1536 1776 dulce-

970 1794 1047 1817 dinem
1073 1801 1117 1816 non
1141 1800 1266 1822 possumus
1287 1795 1346 1815 scire
1369 1792 1398 1815 ab
1416 1793 1472 1820 alio,
1495 1793 1535 1814 sed

969 1836 1058 1856 tantum
1076 1833 1149 1861 ipsam
1168 1833 1283 1861 gustando
1296 1833 1341 1855 287
1354 1839 1365 1854 3
1382 1845 1413 1849 -
1431 1832 1537 1859 designat

969 1872 1051 1895 Christi
1070 1873 1214 1895 Divinitatem
1235 1872 1274 1894 471
1292 1879 1304 1894 3
1321 1885 1347 1887 --
1359 1872 1467 1899 designat
1479 1871 1537 1893 Scri-

970 1916 1052 1940 pturae
1070 1918 1163 1934 sensum
1181 1912 1336 1939 anagogicum
1360 1911 1403 1933 473
1422 1918 1434 1933 a
1452 1923 1482 1927 --
1499 1911 1536 1933 de-

969 1952 1046 1980 signat
1064 1952 1133 1974 vitam
1158 1951 1361 1978 contemplativam
1380 1950 1434 1973 ibid.
1453 1963 1481 1966 —
1499 1950 1537 1972 de-

969 1992 1045 2019 signat
1063 1991 1194 2019 patientiam
1212 1991 1234 2012 in
1253 1991 1398 2012 tribulatione
1416 1990 1460 2012 533
1480 1989 1494 2011 b

1018 2031 1123 2052 Matettou
1133 2042 1163 2046 —
1173 2030 1335 2057 interpretatur
1346 2035 1384 2051 rex
1397 2035 1477 2051 eorum
1492 2028 1535 2050 487

970 2076 981 2091 3
999 2082 1029 2085 -
1047 2069 1153 2096 designat
1170 2068 1289 2091 diabolum
1307 2067 1361 2091 ibid.
1384 2081 1412 2083 —
1431 2068 1537 2095 designat

971 2109 1097 2135 mundum,
1114 2114 1207 2130 carnem
1229 2110 1252 2129 et
1272 2108 1395 2130 daemonia
1414 2107 1457 2129 490
1476 2113 1487 2128 a

1018 2148 1112 2170 MEMBRA
1130 2160 1161 2163 —
1178 2150 1254 2169 nostra
1273 2150 1326 2169 sunt
1343 2147 1454 2174 templum
1468 2146 1536 2174 Spiri-

970 2190 1007 2209 tus
1024 2188 1046 2209 S.
1064 2187 1109 2209 643
1128 2187 1142 2209 b
1159 2199 1189 2203 —
1206 2187 1284 2209 omnia
1297 2186 1405 2208 interiora
1422 2185 1537 2208 debemus

970 2227 1048 2249 levare
1066 2226 1094 2249 ad
1113 2226 1185 2248 Deum
1204 2225 1232 2247 40
1251 2232 1271 2252 a,
1289 2225 1303 2247 b

1017 2266 1119 2288 Meuonm
1138 2278 1169 2282 --
1186 2265 1305 2294 quomodo
1323 2265 1351 2287 sit
1363 2264 1494 2286 adhibenda
1508 2264 1536 2286 ad

970 2305 1062 2327 laudem
1082 2304 1120 2327 Dei
1139 2304 1183 2327 447
1202 2304 1217 2326 b

1017 2344 1137 2366 alemant-os
1153 2356 1181 2360 —
1200 2343 1364 2371 interpretatur
1381 2349 1407 2365 os
1424 2342 1537 2370 serpentis

971 2384 1015 2406 533
1034 2389 1045 2405 a

1018 2423 1174 2444 Maumcawrns
1191 2434 1221 2438 -
1238 2428 1292 2443 suas
1310 2421 1452 2443 infirmitates
1464 2424 1537 2442 osten-

971 2462 1028 2484 dunt
1045 2461 1090 2483 597
1109 2461 1123 2483 b

1018 2501 1079 2523 Mens
1097 2512 1127 2516 —
1150 2499 1293 2528 praeeminet
1315 2499 1423 2521 omnibus
1448 2498 1538 2521 viribus

971 2540 1062 2562 animae
1079 2539 1107 2561 24
1124 2545 1137 2561 3
1155 2551 1185 2555 -
1202 2538 1308 2566 dirigitur
1321 2544 1362 2566 per
1373 2541 1536 2566 argumentum

972 2579 1016 2601 452
1035 2579 1049 2601 b
1066 2591 1097 2595 ——
1113 2579 1177 2606 Apex
1194 2578 1276 2600 mentis
1288 2580 1321 2599 est
1333 2584 1451 2599 summum
1465 2577 1537 2604 ipsius

970 2618 1062 2640 animae
1079 2620 1101 2640 et
1117 2617 1184 2646 quasi
1201 2620 1306 2639 centrum
1320 2617 1363 2638 1162
1378 2616 1392 2638 b
1404 2629 1433 2631 —
1446 2619 1537 2638 nostrae

972 2657 1008 2679 vix
1026 2660 1123 2684 possunt
1141 2662 1263 2683 assurgere
1280 2656 1309 2677 ad
1328 2655 1487 2677 meditandum
1500 2655 1537 2676 ali-

971 2697 1027 2725 quid
1045 2696 1150 2718 divinum
1170 2696 1209 2718 121
1232 2702 1244 2717 3
1262 2707 1292 2711 --
1316 2698 1391 2717 nostra
1415 2700 1456 2722 pcr
1481 2697 1537 2722 quot

970 2736 1122 2763 cogitationes
1139 2735 1243 2762 ducitur,
1261 2734 1328 2763 qnasi
1354 2740 1395 2761 per
1413 2736 1445 2755 tot
1461 2733 1537 2755 obsta-

971 2775 1020 2797 cula
1039 2778 1145 2797 caecatur
1162 2775 1191 2796 76
1209 2781 1221 2796 a
1244 2787 1269 2789 —
1283 2774 1324 2795 l’er
1343 2776 1442 2795 mentem
1455 2772 1537 2800 accipi·

972 2817 1008 2837 tur
1025 2814 1138 2836 memoria
1158 2814 1197 2836 421
1220 2820 1232 2835 3

1019 2854 1093 2875 Mensa
1112 2866 1141 2869 —
1160 2853 1236 2875 omnis
1252 2853 1362 2880 impletur
1373 2858 1399 2874 ex
1413 2857 1481 2873 manu
1496 2851 1536 2872 Do-

972 2893 1028 2914 mini
1046 2892 1091 2914 504
1109 2899 1121 2914 3
1139 2905 1169 2908 -
1187 2893 1208 2914 111
1226 2898 1305 2914 mensa
1323 2891 1385 2919 regia
1401 2895 1453 2913 sunt
1466 2891 1535 2913 multa

972 2938 1028 2954 vasa
1045 2933 1156 2959 pretiosa,
1174 2931 1214 2953 sed
1233 2937 1305 2953 unum
1317 2930 1444 2958 speciosius
1455 2930 1536 2952 ceteris

972 2971 1018 2993 7l4
1037 2971 1051 2993 b

914 184 1014 212 INDEX
1038 183 1278 211 Atrtussss'rlcus
1300 182 1377 211 NONl
1400 182 1587 211 VOLUMlNlS.

1832 221 1879 243 MtL

1616 272 1644 275 ——
1664 259 1828 287 propositionis
1845 259 1953 287 designat
1971 263 2071 282 mentem
2090 260 2137 282 Vir-

1569 299 1630 326 ginis
1648 299 1763 326 gloriosae
1780 298 1825 321 654
1843 305 1855 320 a

1617 338 1765 360 MERCATORES
1786 350 1817 354 —
1843 338 1940 360 multum
1968 337 2086 365 laborant,
2113 341 2137 361 ut

1568 377 1661 399 divitias
1684 377 1805 405 acquirant
1830 377 1875 399 584
1893 377 1907 399 b
1933 389 1963 393 -—
1988 380 2084 405 propter
2107 378 2137 400 10-

1568 422 1634 438 crum
1661 416 1738 438 multis
1764 416 1871 444 periculis
1896 422 1921 439 se
1945 420 2063 444 exponunt
2091 416 2132 438 571

1570 454 1584 477 b
1599 468 1625 471 -
1642 461 1683 483 pro
1701 455 1793 478 modico
1811 456 1875 478 lucro
1888 459 1958 484 atque
1970 456 2055 478 incerto
2069 461 2137 478 trans-

1570 497 1624 516 eunt
1642 497 1731 517 montes
1754 497 1776 516 et
1801 494 1890 517 vadunt
1911 495 1941 517 ad
1962 497 2035 517 terras
2051 495 2137 517 alienas

1570 533 1610 555 551
1633 539 1645 555 3

1617 573 1706 595 1111511οΕ5
1723 585 1753 589 -
1771 573 1794 595 iu
1812 573 1858 595 tine
1875 573 1953 601 operis
1970 573 2075 596 redditur
2096 573 2136 596 196

1569 618 1581 633 3
1602 624 1628 627 —-
1648 612 1692 640 Qui
1710 618 1823 640 magnum
1841 612 1893 634 fecit
1910 611 2013 635 laborem
2027 619 2136 641 magnam

1569 651 1664 678 recipiet
1682 652 1813 674 mercedem
1831 651 1875 673 256
1894 651 1908 674 b
1925 664 1957 668 —
1973 652 2138 681 Unusquisque

1572 690 1704 712 mercedem
1722 697 1788 713 suam
1806 691 1904 718 accipiet
1926 690 1980 713 ibid.
2007 704 2034 707 —-
2057 691 2137 714 Poeni-

1572 728 1674 752 tentibus
1699 730 1767 752 datur
1795 736 1884 752 merces
1912 730 2032 757 deliciosa;
2060 731 2137 759 iustis,

1570 769 1676 796 copiosa;
1694 769 1814 797 perfectis,
1832 769 1936 797 speciosa
1959 770 1999 791 197
2019 769 2033 792 b

1618 808 1724 830 Mammas
1741 821 1771 825 —
1788 809 1895 836 designat
1912 815 2020 837 prospera
2040 809 2084 831 227
2103 809 2118 831 b

1618 848 1722 870 MEfflTUM
1740 860 1770 864 —
1788 847 1895 876 Operatio
1914 849 2014 870 humana
2040 852 2074 870 est
2092 854 2137 870 me-

1571 887 1661 913 ritoria,
1689 887 1707 909 si
1735 889 1770 909 est
1800 887 1823 909 in
1854 887 2005 916 acquisitione
2036 888 2138 910 caelestis

1571 926 1669 954 gratiae,
1684 926 1704 948 in
1724 926 1911 954 multiplicatione
1924 927 2016 949 ditantis
2028 927 2137 954 institiae,

1571 966 1592 987 in
1611 966 1797 994 promulgatione
1823 966 1879 994 legis
1905 966 1997 988 divinae
2019 967 2058 988 197
2077 973 2089 988 3
2107 979 2138 983 -

1572 1005 1659 1027 Bonum
1679 1011 1723 1027 uon
1742 1009 1775 1027 est
1793 1006 1950 1032 meritorium,
1963 1006 2005 1027 nisi
2017 1006 2045 1028 sit
2063 1006 2135 1034 gratia

1572 1044 1719 1066 informatum
1746 1044 1790 1066 482
1818 1044 1831 1066 b
1854 1057 1884 1061 —-
1904 1045 2009 1067 Humana
2028 1045 2138 1073 fragilitas

1571 1090 1615 1106 non
1633 1086 1708 1111 potest
1726 1090 1766 1111 per
1783 1090 1808 1106 se
1826 1084 1847 1106 in
1865 1084 1960 1113 aliquod
1973 1091 2032 1112 opus
2047 1084 2137 1107 merito-

1571 1123 1630 1145 rium
1648 1123 1710 1145 exire
1736 1123 1775 1145 451
1799 1122 1813 1145 1)
1839 1136 1869 1139 -
1894 1123 1928 1145 Ad
1955 1124 2064 1146 merenda
2090 1130 2138 1146 cae-

1570 1162 1634 1184 lestia
1659 1168 1704 1184 non
1726 1162 1855 1185 sufficimus
1876 1163 1920 1185 nisi
1938 1163 2023 1185 virtute
2045 1163 2138 1191 sangui-

1571 1202 1605 1224 nis
1631 1201 1713 1224 Christi
1738 1201 1784 1224 729
1803 1201 1817 1224 b
1835 1215 1863 1217 —
1882 1202 1991 1224 Homines
2012 1203 2096 1224 mereri
2116 1205 2138 1225 et

1571 1241 1684 1263 demereri
1712 1244 1807 1268 possunt
1832 1242 1878 1263 702
1896 1248 1907 1263 3
1934 1254 1964 1258 -
1989 1242 2071 1269 Augen
2096 1248 2138 1264 nec

1572 1280 1669 1308 perdere
1692 1287 1734 1302 nec
1757 1280 1838 1302 lucrari
1865 1283 1961 1308 possunt
1982 1280 2036 1303 ibid.
2060 1293 2089 1296 —
2115 1282 2137 1303 ln

1572 1319 1685 1342 defunctis
1702 1323 1736 1342 est
1753 1319 1856 1342 merendi
1874 1319 2054 1348 impossibilitas,
2067 1320 2088 1342 in
2106 1320 2138 1342 vi-

1571 1358 1680 1381 venthus
1694 1359 1863 1382 infirmantibus
1880 1360 2010 1386 difficultas
2022 1360 2045 1381 in
2058 1359 2138 1381 viven-

1571 1397 1633 1420 tibus
1650 1398 1711 1421 sanis
1728 1399 1822 1421 facilitas
1839 1399 1884 1421 606
1902 1405 1913 1420 a

1617 1450 1647 1454 —
1666 1438 1798 1465 indigemus
1816 1438 1897 1460 merito
1915 1438 1936 1460 in
1954 1438 2003 1465 via,
2022 1441 2046 1460 ut
2060 1438 2138 1460 venia-

1572 1483 1623 1499 mus
1640 1477 1668 1499 36
1695 1477 1825 1505 praemium
1852 1477 1897 1500 552
1924 1477 1939 1499 b
1956 1489 1986 1493 -—
2004 1477 2137 1500 Secundum

1570 1517 1722 1545 quantitatem
1740 1517 1876 1539 meritorum
1894 1519 1928 1539 est
1942 1517 2057 1545 quantitas
2075 1523 2138 1544 prae-

1571 1556 1671 1578 miorum
1689 1556 1734 1578 545
1751 1562 1763 1578 3
1781 1569 1811 1571 -
1830 1556 1882 1578 Eius
1904 1556 2041 1584 magnitudo
2064 1556 2137 1578 consi-

1569 1595 1608 1617 stit
1624 1596 1646 1617 in
1664 1595 1763 1617 interiori
1781 1595 1903 1617 dilectione
1921 1595 1965 1617 4-20
1981 1601 1993 1617 a
2006 1608 2035 1612 -
2048 1595 2138 1617 animae

1570 1635 1696 1662 perfectum
1724 1634 1827 1657 consistit
1856 1634 1878 1656 in
1908 1635 2009 1662 perfecto
2038 1634 2138 1657 candore

1571 1675 1616 1696 699
1633 1681 1645 1696 a

1618 1714 1695 1736 Mi-:ssts
1712 1727 1741 1730 -—
1759 1717 1794 1736 est
1812 1714 1863 1736 finis
1880 1714 1964 1736 saeculi
1982 1714 2027 1735 618
2045 1720 2056 1735 a

1618 1753 1728 1775 Massones
1747 1766 1775 1768 —
1793 1755 1846 1775 sunt
1862 1752 1963 1781 Apostoli
1986 1756 2008 1775 et
2030 1753 2067 1774 alii
2092 1759 2138 1775 ma-

1570 1793 1608 1820 gni
1627 1792 1798 1820 praedicatores
1816 1792 1860 1814 470
1878 1799 1890 1814 a

1619 1833 1753 1854 Mmttrnona
1765 1844 1794 1848 —
1807 1831 1855 1854 Sub
1868 1838 1912 1854 una
1924 1832 2058 1859 metaphora
2069 1837 2137 1859 saepe

1570 1872 1725 1899 concluditur,
1749 1871 1813 1900 quod
1836 1871 1912 1893 multis
1935 1870 2075 1893 dictionibus
2092 1877 2136 1893 non

1570 1911 1706 1939 exprimitur
1723 1910 1768 1932 547
1786 1917 1798 1933 3

1618 1951 1694 1972 Marus
1717 1962 1747 1966 —
1769 1953 1873 1972 terrenae
1899 1949 2019 1977 potestatis
2042 1952 2137 1977 generat

1570 1989 1736 2012 simulatoriam
1755 1990 1875 2011 salsitatem
1895 1989 1938 2011 373
1958 1988 1973 2011 b

1616 2029 1714 2051 Micam,
1730 2041 1761 2044 -
1778 2029 1952 2056 interpretatur:
1971 2028 2027 2056 Quis
2040 2032 2063 2050 ut
2077 2028 2137 2050 Deus

1571 2069 1615 2090 620
1634 2067 1656 2089 l).
1673 2068 1718 2090 625
1736 2067 1751 2089 b
1773 2080 1798 2084 —
1822 2068 1935 2095 proelium
1958 2068 2021 2094 fecit,
2043 2067 2137 2095 quando

1570 2107 1649 2129 lucifer
1666 2107 1748 2129 cecidit
1766 2110 1787 2128 et
1804 2107 1898 2135 quando
1921 2106 2023 2129 instituta
2045 2109 2080 2128 est
2096 2107 2137 2128 Ec-

1570 2147 1637 2169 clesia
1665 2147 1709 2168 630
1736 2145 1750 2167 1)
1776 2159 1801 2161 --
1833 2146 1873 2167 suit
1902 2146 2009 2173 princeps
2037 2152 2137 2173 synago-

1570 2192 1626 2213 gae,
1644 2191 1705 2208 nunc
1731 2188 1765 2207 cst
1790 2185 1898 2213 princeps
1922 2184 2036 2207 Ecclesiae
2058 2185 2103 2206 629
2121 2184 2136 2206 h

1570 2238 1599 2241 —
1618 2225 1732 2247 Michaelis
1756 2227 1790 2247 est
1815 2224 1946 2246 conducere
1964 2224 1985 2246 in
2003 2224 2040 2245 via
2058 2223 2102 2245 6l7
2121 2223 2136 2245 b

1570 2276 1600 2280 —
1618 2264 1656 2287 dat
1673 2263 1741 2286 nobis
1758 2263 1888 2286 remedium
1905 2266 1982 2285 contra
2006 2262 2137 2291 longinqui—

1571 2307 1639 2326 tatem
1666 2309 1677 2325 a
1707 2303 1752 2325 Deo
1778 2303 1823 2325 520
1850 2302 1864 2324 b
1885 2315 1916 2319 --
1941 2302 2077 2324 constitutus
2103 2304 2137 2324 est

1570 2349 1641 2371 super
1664 2349 1746 2364 omnes
1765 2342 1854 2364 animas
1873 2341 2032 2369 suscipiendas
2055 2341 2099 2362 618
2123 2347 2135 2363 a

1572 2395 1599 2398 -—
1619 2382 1691 2410 lpsitis
1708 2385 1742 2403 est
1758 2381 1886 2409 perducere
1903 2381 1992 2402 animas
2015 2381 2043 2402 ad
2063 2380 2135 2402 Deum

1571 2421 1616 2443 629
1640 2421 1654 2442 b
1676 2434 1706 2436 —
1728 2422 1772 2443 hoc
1794 2420 1846 2443 tacit
1868 2420 1974 2442 exercitio
1999 2419 2135 2448 quintuplici

1571 2459 1625 2483 ibid.
1643 2461 1688 2482 630
1706 2466 1725 2488 a,
1745 2460 1758 2481 b
1772 2459 1937 2481 —introducit
1955 2465 1997 2481 nos
2014 2459 2044 2481 ad
2060 2458 2136 2480 Domi-

1571 2505 1627 2521 num
1646 2499 1690 2521 625
1708 2499 1723 2521 b

1618 2539 1702 2560 11110001,
1730 2550 1759 2553 -
1787 2538 1950 2565 interpretatur
1975 2537 2050 2559 omnis
2075 2543 2134 2565 aqua

1571 2577 1616 2599 718
1634 2576 1649 2598 b
1666 2589 1695 2593 —-
1713 2576 1826 2604 significat
1839 2576 1974 2604 sapientiam
1987 2576 2134 2598 >mundanam

1571 2615 1625 2639 ibid.

1618 2656 1685 2677 Mttes
1701 2667 1731 2671 —·
1749 2661 1824 2677 novus
1841 2655 1923 2682 accipit
1942 2661 1954 2676 a
1973 2654 2077 2682 principe
2099 2660 2135 2676 ve-

1571 2698 1628 2721 steS,
1646 2701 1709 2717 arma
1728 2698 1749 2716 et
1772 2701 1845 2722 equos
1871 2694 1915 2716 572
1934 2700 1945 2716 3
1963 2706 1993 2710 -
2011 2694 2056 2715 Rex
2075 2699 2135 2715 exer-

1571 2734 1628 2756 citus
1646 2740 1690 2755 non
1708 2734 1836 2762 complacet
1853 2733 1896 2756 sibi
1918 2734 1959 2755 nisi
1976 2733 1997 2755 in
2016 2733 2086 2755 milite
2104 2732 2135 2754 vi·

1570 2779 1655 2801 goroso
1668 2774 1712 2795 580
1726 2773 1740 2795 b
1753 2785 1782 2790 —
1795 2777 1902 2795 strenuus
1915 2776 1956 2799 est,
1966 2772 1983 2794 si
1996 2776 2030 2794 est
2043 2778 2135 2799 magna-

1571 2812 1653 2838 nimus,
1672 2813 1773 2840 patiens,
1791 2816 1911 2839 constans,
1930 2811 2067 2839 magnificus
2090 2811 2133 2832 486

1569 2858 1581 2873 3
1601 2864 1628 2867 -
1648 2851 1722 2874 bonus
1746 2857 1792 2873 nou
1818 2851 1885 2873 sentit.
1907 2851 2001 2873 vulnera
2028 2850 2134 2878 propria,

1569 2891 1625 2913 dum
1640 2890 1732 2918 benigni
1750 2890 1816 2912 ducis
1833 2891 1927 2912 vulnera
1940 2890 2039 2911 intuetur
2056 2889 2100 2911 267
2113 2895 2134 2910 a.

1569 2929 1614 2951 727
1633 2929 1647 2951 b
1664 2941 1695 2945 —
1713 2935 1757 2952 non
1779 2928 1920 2951 erubescunt
1943 2932 2033 2956 portare
2049 2928 2134 2950 cit-atri-

1569 2975 1607 2991 ces
1620 2969 1664 2991 526
1678 2969 1692 2990 b
1704 2981 1734 2985 —
1746 2969 1839 2997 quando
1852 2968 1971 2990 obsidetur
1983 2967 2013 2990 ab
2028 2967 2133 2995 inimicis,
