2269 3448
364 200 420 227 1520

617 238 670 260 t-‘RA

362 278 555 300 resurrectionem
574 277 619 300 584
638 284 649 299 a
667 289 698 293 —
716 277 864 305 Privilegiurn
882 283 932 304 spe-

362 317 419 340 ciale
436 321 501 340 erant
518 317 568 340 eius
585 317 693 345 stigmata
712 317 757 338 586
775 323 787 338 a
799 328 830 333 ·-
843 317 930 338 Horum

362 356 487 384 descriptio
505 355 559 379 ibid.
577 368 608 372 —
626 355 707 378 habuit
723 356 832 384 stigmata
851 356 872 377 in
886 362 930 377 ma-

362 395 437 422 nibus,
465 395 565 424 pedibus
587 398 609 418 et
634 396 703 418 latere
726 395 771 417 265
790 395 804 417 h
821 407 852 411 —
871 395 931 417 Deus

363 436 441 463 posuit
458 435 480 457 in
499 441 526 458 eo
551 436 644 463 signum
672 435 782 457 victoriae
807 434 852 456 587
870 440 883 456 a
900 446 931 450 —-

363 474 468 498 Christus
486 475 547 497 misit.
564 475 583 497 ei
602 481 740 503 purpuram.
758 474 781 496 id
799 476 833 496 est
845 474 931 502 passio-

363 514 398 536 nis
415 520 471 536 suae
489 514 587 542 insignia
606 514 650 536 534
668 513 683 535 1)
703 527 730 529 -
744 513 865 541 Seraphim
881 513 931 535 mis-

363 560 402 576 sus
419 557 453 576 est
478 554 507 576 ad
534 559 587 575 eum
614 553 658 575 580
677 552 691 574 1)
711 566 738 568 -
757 553 780 574 111
799 553 843 574 1100
860 552 931 580 signi-

363 593 453 619 ficatur,
470 592 533 621 quod
551 592 635 614 ardens
652 595 701 614 erat
717 592 811 614 caritate
828 590 883 613 ibid.
900 603 930 606 —

363 632 490 655 Crucifixus
517 632 538 653 in
564 632 642 659 specie
667 631 788 658 Seraphim
816 630 835 652 ei
862 635 931 657 appa-

363 672 409 693 ruit
426 675 448 693 et
467 671 574 699 stigmam
593 670 710 698 impressit
728 670 772 691 593
791 669 805 691 1)
825 681 856 685 -
874 669 930 696 Stig-

364 714 425 733 mata
451 711 470 732 ei
497 710 610 737 impressa
642 711 733 731 fuerunt
759 712 850 736 praeter
878 714 930 730 con-

363 750 518 775 suetudinem,
536 751 615 771 contra
641 751 746 770 naturam
764 750 786 769 et
802 753 872 774 supra
898 753 931 768 ar-

363 793 408 811 tem
430 788 484 811 tttz'd.
507 801 537 804 -
562 788 592 809 De
617 787 771 814 impressione
796 787 930 814 stigmatum

364 831 452 850 constat
474 827 565 849 testium
592 826 732 854 pluralitate,
753 826 888 848 auctoritate
910 828 932 847 et

363 868 481 890 sanctitate
499 866 528 889 it».
546 873 558 888 a

411 919 441 922 —
456 906 595 933 stigmatum
608 905 786 933 impressionem
800 903 933 932 requirebat

364 945 435 968 divini
453 945 572 973 regiminis
590 944 744 972 providentia,
767 944 880 966 Ecclesiae
902 943 932 965 in-

364 984 467 1013 digentia
484 987 507 1006 et
531 990 587 1006 suae
612 984 703 1005 virtutis
728 983 850 1005 eminentia
869 982 899 1005 ib.
917 982 932 1004 1)

363 1037 394 1040 -
412 1023 471 1046 Crux
489 1023 571 1046 Christi
591 1024 611 1045 in
626 1029 654 1045 eo
666 1023 720 1050 poni
734 1023 814 1045 debuit
825 1022 855 1045 ob
868 1023 932 1051 quin-

364 1070 410 1092 que
432 1063 533 1085 rationes
556 1063 601 1085 580
622 1069 643 1089 a,
666 1062 688 1084 1).
706 1063 751 1084 590
769 1069 789 1088 a,
807 1061 822 1083 1)
839 1075 869 1077 -
887 1061 932 1084 Cur

365 1103 427 1125 Deus
445 1103 465 1124 in
484 1109 511 1125 eo
529 1102 619 1124 dederit
636 1102 700 1129 signa
720 1101 811 1129 pietatis
828 1104 850 1123 et
868 1101 933 1123 mise-

365 1142 479 1164 ricordiae
497 1141 541 1164 593
560 1141 575 1164 b
592 1153 622 1157 —
640 1141 738 1169 Signum
751 1141 827 1163 crucis
838 1140 933 1168 impres-

365 1188 417 1204 sum
446 1181 538 1209 corpori
567 1181 617 1202 eius
644 1179 790 1208 significahat
817 1180 931 1207 assi-ctum,

364 1227 435 1249 quem
462 1220 561 1243 hahebat
586 1221 614 1242 ad
641 1220 780 1242 Cruciflxum
807 1219 851 1241 589
870 1218 885 1241 1)
902 1232 932 1234 -

366 1261 418 1283 Eius
436 1260 543 1288 stigmata
560 1263 613 1282 sunt
625 1259 770 1281 confirmatio
784 1258 933 1286 professionis

365 1300 489 1322 altissimae
511 1299 653 1327 paupertatis
671 1299 715 1320 55³7
735 1298 749 1320 b
766 1311 797 1314 -κ
816 1298 876 1320 Deus
893 1304 933 1325 per

365 1339 543 1367 impressionem
576 1339 711 1366 stigmatum
740 1338 801 1360 viam
831 1337 934 1359 veritatis

365 1378 513 1401 confirmavit
530 1379 575 1400 593
595 1377 608 1399 1)
626 1390 657 1393 -
674 1377 728 1399 Eius
745 1377 852 1405 stigmata
866 1377 934 1404 signi-

366 1418 463 1440 ficantur
482 1424 522 1445 [101-
539 1417 633 1445 signum
651 1417 700 1439 Filii
718 1417 818 1438 hominis
836 1416 880 1438 586
899 1415 914 1437 1)

413 1469 443 1473 ——
461 1457 526 1484 niger
544 1457 592 1483 fuit,
616 1456 655 1478 sed
680 1456 700 1478 in
728 1459 801 1478 morte
826 1455 935 1483 apparuit

366 1503 420 1518 caro
437 1497 487 1518 eius
504 1496 668 1518 candidissima
681 1498 703 1517 et
715 1494 844 1517 rubicunda
856 1495 901 1517 580
914 1500 934 1516 a.

366 1535 411 1558 584
430 1535 444 1557 b
463 1548 491 1551 ——-
510 1535 591 1564 Quoad
618 1535 694 1562 ipsum
722 1537 828 1556 notantur
853 1534 935 1561 gratia,

366 1575 476 1598 transitus
499 1575 528 1597 ab
551 1576 594 1597 hac
616 1574 662 1596 vita
681 1576 703 1596 et
720 1574 791 1602 gloria
811 1574 856 1595 534-
875 1580 886 1595 a
904 1586 935 1589 —

367 1617 483 1637 assumtus
501 1618 534 1636 est
551 1614 581 1636 ad
604 1614 736 1636 divinorum
761 1613 934 1640 revelationem,

414 1890 491 1912 GABAA
510 1902 539 1905 —
557 1889 719 1916 interpretatur
731 1888 868 1916 proclivium
886 1888 936 1910 eius

367 1929 409 1951 711
437 1929 451 1951 1)
477 1941 507 1945 -
531 1929 664 1956 intelligitur
685 1928 824 1956 proclivium
848 1928 936 1956 peccati

368 1968 422 1991 ibid.

415 2008 511 2030 Gannnzt
528 2020 558 2022 —
584 2007 747 2035 interpretatur
770 2007 878 2028 fortitudo
898 2006 935 2028 Dei

369 2047 414 2068 620
433 2046 455 2068 b.
468 2047 513 2069 625
526 2046 540 2068 1)
560 2059 588 2062 —
606 2046 663 2068 inter
675 2046 774 2073 Angelos
792 2047 884 2068 nuntius
896 2046 937 2067 fnit

368 2086 508 2114 praecipuus
525 2086 569 2107 660
583 2092 595 2108 a
613 2098 643 2101 —
656 2086 758 2113 Quatuor
775 2085 872 2107 virtutes
888 2091 938 2112 spe-

368 2125 455 2148 cialiter
472 2125 573 2147 relucent
591 2125 612 2146 111
639 2131 666 2147 eo
691 2125 736 2146 627
755 2131 766 2146 a
793 2137 822 2140 —
843 2128 937 2152 propter

369 2166 412 2187 1100
438 2164 522 2186 missus
549 2165 589 2186 fuit
614 2164 641 2186 ad
670 2164 788 2191 Virginem
813 2164 936 2191 gloriosam

370 2203 424 2226 ibid.
443 2216 470 2219 —
489 2204 511 2226 ln
529 2204 578 2225 eius
595 2203 731 2225 salutatione
742 2203 772 2225 ad
790 2203 882 2225 illuriani
901 2209 938 2224 no-

370 2247 446 2265 tantur
464 2243 513 2270 1110,
531 2249 591 2271 quae
608 2243 733 2270 perfectam
746 2242 847 2265 reddunt
858 2242 939 2264 oratio-

369 2289 422 2304 nem
440 2282 484 2304 677
504 2282 525 2304 l).
545 2282 588 2304 678
607 2288 619 2303 a
636 2294 667 2298 —
679 2282 787 2304 salutatio
806 2281 890 2303 Mariae
905 2284 939 2303 cst

370 2321 430 2343 utilis
446 2324 469 2343 et.
485 2321 624 2344 sententiosa
641 2321 686 2343 678
704 2327 715 2343 a
735 2333 763 2336 ——
781 2321 834 2343 Eius
851 2323 886 2343 est
901 2320 940 2342 do-

371 2367 423 2383 cere
440 2363 462 2383 et
479 2361 595 2383 deducere
614 2361 658 2382 625
672 2360 686 2382 1)
703 2372 734 2376 -
752 2360 847 2382 mittitur
859 2360 889 2382 ad
903 2360 939 2381 Ec-

370 2400 464 2422 clesiam
483 2400 527 2421 627
546 2406 558 2421 a
576 2412 606 2416 —
625 2399 677 2421 facit
695 2400 763 2421 fortes
776 2402 853 2421 contra
866 2399 939 2426 dupli-

370 2445 421 2461 cem
439 2439 597 2461 difficultatem
620 2439 664 2460 620
682 2438 697 2460 1)
715 2451 744 2455 -
766 2439 813 2460 Iloc
835 2439 939 2466 designa-

372 2482 408 2500 tur
426 2484 466 2506 per
483 2478 600 2505 duplicem
618 2478 668 2500 eius
685 2478 819 2499 missionem
838 2476 892 2500 ibid.
909 2490 939 2493 —

371 2517 484 2540 Gabrielis
500 2520 535 2539 est
551 2518 680 2539 confortare
699 2517 719 2539 in
739 2523 817 2545 pugna
835 2517 879 2539 617
898 2516 913 2538 1)

419 2557 509 2579 GALAAD
526 2569 556 2572 —
574 2557 735 2584 interpretatur
757 2562 856 2578 acervus
880 2556 940 2578 testi-

372 2596 441 2618 monii
459 2596 500 2617 711
524 2595 538 2617 1)

419 2636 553 2657 GALAADtTtS
574 2647 604 2651 —
627 2638 753 2657 vetustates
778 2635 940 2663 interpretatur

371 2674 416 2696 608
434 2681 446 2696 a

420 2714 521 2736 Gatnxus
534 2726 562 2729 —
578 2720 686 2741 magnam
700 2713 858 2735 auctoritatem
871 2713 940 2735 habet

372 2753 394 2775 in
412 2755 460 2774 arte
478 2752 606 2774 medicinae
624 2752 669 2774 240
688 2752 702 2774 1)

420 2792 507 2814 Giton
524 2804 555 2808 —
572 2792 734 2819 interpretatur
745 2792 855 2813 revelatio
867 2791 912 2813 363
926 2790 940 2813 b

380 2838 385 2843 ’
419 2832 529 2853 GALtLAEA
548 2831 760 2858 —transmigratio
778 2831 940 2858 interpretatur

373 2870 418 2892 608
436 2876 448 2892 a

421 2909 522 2931 Giiuntunt
533 2921 557 2924 —
569 2909 701 2931 naturaliter
710 2909 788 2931 dilatat
797 2915 836 2931 cor
845 2912 865 2931 et
875 2909 940 2931 addit

375 2949 495 2970 humorem
514 2949 542 2969 98
561 2948 576 2969 1)
594 2960 624 2964 -
642 2948 752 2970 excellens
769 2948 878 2971 occultari
892 2954 938 2970 non

374 2989 449 3014 potest
471 2986 515 3008 449
538 2993 549 3008 a
573 2999 602 3003 —
626 2987 674 3009 Non
697 2987 766 3009 habet
790 2990 878 3009 rectum
900 2993 940 3009 cor

965 277 1086 299 caelestem
1104 275 1293 302 consolationem,
1311 275 1401 303 regium
1420 276 1531 297 honorem

964 319 986 338 et
1004 316 1044 338 Dei
1061 314 1239 337 contubernium
1257 314 1301 336 573
1322 314 1343 336 1).
1361 314 1406 336 574
1425 321 1445 341 a,
1463 314 1477 336 h

1012 355 1100 377 rumen
1121 367 1148 370 -
1166 355 1224 377 luter
1242 355 1334 376 fratrem
1349 357 1372 376 et
1383 360 1486 376 sororem
1499 357 1534 375 est

964 398 1041 417 castus
1058 400 1124 416 amor
1141 397 1163 416 et
1180 394 1293 416 munditia
1312 393 1357 415 212
1376 393 1390 415 1)

1011 434 1083 456 ΡηΑυ5
1107 446 1132 449 —
1157 433 1271 455 Fraudcin
1295 433 1347 454 facit
1370 433 1444 454 maior
1468 438 1533 454 amor

964 473 998 495 sui
1018 472 1063 495 534
1080 479 1092 494 a

1011 512 1114 534 Fntotous
1131 524 1161 527 —
1179 511 1202 533 Si
1221 511 1315 533 materia
1333 511 1409 539 aliqua
1432 510 1535 538 disponi-

965 555 1001 573 tur
1019 551 1131 573 intensive
1149 556 1190 578 per
1209 550 1327 577 trigidum,
1347 556 1391 572 non
1410 550 1535 572 introduci-

965 594 1000 612 tur
1018 590 1047 612 de
1071 590 1127 612 facili
1152 589 1253 611 calidum
1276 590 1320 611 (318
1340 595 1351 610 a
1374 601 1405 605 —
1428 589 1535 616 designat

964 630 1082 651 timentem
1102 629 1147 651 636
1165 635 1176 649 a

1011 669 1112 690 Fnucws
1128 680 1158 684 —
1170 668 1196 690 Ut
1207 667 1277 689 arbor
1295 667 1423 694 fructificet,
1435 671 1535 696 quatuor

964 710 1018 729 sunt
1034 707 1164 729 necessaria
1183 707 1227 729 519
1246 713 1258 728 a
1275 719 1307 722 —
1319 707 1412 734 Septem
1430 710 1484 728 sunt
1496 708 1536 728 im-

965 746 1096 774 pedimenta
1115 747 1202 768 fructus
1220 746 1353 773 temporalis
1371 745 1414 768 458
1428 752 1441 767 a
1455 758 1479 761 —
1495 746 1536 768 llo-

965 778 1039 808 mines
1056 786 1129 808 solent
1146 791 1219 807 novos
1237 786 1324 807 fructus
1340 785 1439 807 odorare
1461 785 1506 807 200
1524 791 1536 807 a

1012 837 1043 841 —-
1063 825 1215 847 Fructiflcatio
1233 825 1358 852 spiritualis
1375 824 1469 853 requirit
1483 831 1537 853 qua-

967 868 1018 887 tuor
1036 864 1080 886 519
1099 870 1111 886 a
1131 877 1159 880 —-
1178 864 1222 892 Qui
1246 865 1295 886 vult
1318 861 1455 886 fructificare
1472 864 1537 891 spiri-

967 904 1055 926 tualiter
1078 903 1147 926 dehet
1177 904 1235 926 mori
1259 903 1380 925 carnaliter
1404 902 1449 925 465
1471 909 1483 925 a
1508 915 1536 918 —

966 944 1009 972 Qui
1027 944 1076 965 vult
1095 943 1232 965 fructificare
1257 943 1279 964 in
1306 943 1396 964 actione
1418 942 1488 964 debet
1505 949 1536 964 re·

966 983 1086 1011 quiescere
1109 988 1150 1010 per
1168 982 1385 1010 contemplationem
1411 985 1433 1004 et
1456 982 1537 1009 gratia-

966 1029 1017 1044 rum
1037 1022 1151 1044 actionem
1177 1022 1220 1043 r138
1245 1021 1259 1043 1)
1284 1034 1313 1038 —
1337 1023 1358 1043 ln
1383 1021 1443 1044 hono
1466 1027 1537 1049 opere

967 1062 1055 1084 fructus
1080 1061 1132 1083 facit
1155 1061 1195 1090 qui
1219 1062 1330 1083 honorem
1353 1064 1375 1082 et
1396 1061 1537 1083 aedificatio-

966 1107 1019 1122 nem
1038 1100 1136 1128 proximi
1155 1103 1177 1122 et
1194 1101 1266 1122 solam
1285 1100 1382 1127 gloriam
1402 1100 1492 1122 Domini
1504 1100 1537 1122 in-

966 1140 1040 1162 tendit
1058 1139 1101 1161 457
1122 1139 1136 1162 l)
1154 1152 1184 1156 -
1202 1140 1229 1162 Ut
1248 1140 1412 1161 fructificemus
1430 1139 1451 1161 in
1476 1139 1536 1161 bono

966 1185 1049 1207 opere,
1067 1179 1192 1208 requiritur
1208 1179 1349 1201 continuatio
1367 1181 1458 1201 sanctae
1485 1184 1538 1206 ope-

966 1218 1073 1245 rationis,
1092 1219 1204 1241 rectitudo
1217 1218 1362 1244 iutentionis,
1374 1218 1495 1240 declinatio
1508 1217 1537 1240 ab

967 1257 1078 1285 operibus
1096 1258 1161 1280 malis
1184 1257 1213 1280 ib.
1231 1264 1242 1279 a
1260 1270 1291 1274 —
1312 1258 1385 1279 Homo
1403 1257 1473 1279 debet
1494 1258 1538 1279 fru-

967 1297 1067 1319 enatare
1093 1297 1121 1319 ad
1146 1297 1242 1319 modum
1269 1296 1360 1319 arboris
1377 1296 1430 1319 itud.
1449 1309 1479 1312 —
1501 1297 1538 1318 Se-

968 1340 1030 1364 ptem
1049 1339 1102 1358 sunt
1120 1337 1285 1364 impedimenta
1305 1337 1391 1358 fructus
1413 1336 1538 1363 spiritualis

968 1376 1012 1398 458
1032 1382 1044 1398 a

1016 1428 1045 1431 —
1068 1415 1193 1438 duodecim
1215 1418 1268 1437 suut
1290 1415 1414 1437 duodecim
1437 1414 1538 1437 rationes

970 1455 1058 1477 fruendi
1076 1455 1097 1476 in
1116 1455 1163 1477 Deo
1181 1455 1226 1476 698
1244 1461 1255 1476 a
1274 1467 1304 1470 —
1322 1455 1348 1476 Ili
1367 1454 1480 1476 habentur
1498 1460 1538 1482 per

969 1495 1065 1517 fiuvium
1084 1494 1249 1522 procedentem
1269 1494 1297 1516 de
1315 1494 1410 1521 Virgine
1429 1492 1482 1516 ibid.

1016 1546 1045 1550 -—
1058 1535 1174 1556 hutnanus
1184 1533 1260 1555 bonus
1273 1533 1341 1555 hahet
1351 1533 1538 1561 pulcritudinem,

968 1573 1119 1601 suavitatem,
1138 1573 1257 1595 utilitatem
1276 1573 1321 1594 382
1340 1572 1354 1594 1)
1365 1572 1479 1594 —Radix
1493 1574 1538 1594 fru-

967 1616 1047 1635 ctuose
1058 1613 1203 1641 operantum]
1223 1612 1292 1635 habet
1304 1612 1495 1640 profunditatem,
1508 1612 1539 1633 vi-

1233 1744 1277 1791 t}

970 1888 1009 1916 qui
1027 1894 1073 1910 11011
1087 1887 1174 1915 gaudet
1190 1887 1235 1909 708
1249 1894 1260 1909 a
1273 1900 1303 1903 —
1317 1887 1406 1909 Nullum
1419 1893 1480 1915 opus
1491 1887 1540 1909 sine

970 1928 1048 1956 aliquo
1066 1927 1153 1955 gaudio
1176 1927 1215 1949 diu
1241 1927 1289 1949 fieri
1311 1930 1384 1954 potest
1408 1927 1452 1948 547
1473 1926 1486 1948 l]
1509 1939 1539 1943 —

970 1967 1044 1995 aperit
1055 1966 1175 1994 spiritum,
1194 1966 1332 1994 sanguinem
1351 1973 1391 1994 per
1403 1972 1489 1994 corpus
1501 1966 1540 1988 dif-

971 2006 1051 2032 t'undit,
1070 2012 1139 2033 poros
1158 2007 1242 2033 aperit,
1261 2006 1415 2027 extremitates
1438 2005 1540 2027 calefacit

971 2045 1017 2067 705
1035 2051 1047 2066 a

1019 2096 1049 2100 --
1067 2090 1149 2106 verum
1168 2084 1243 2106 solum
1257 2087 1298 2111 est,
1310 2084 1373 2112 quod
1386 2084 1415 2106 de
1425 2084 1540 2110 Creatore,

972 2129 1016 2145 non
1035 2123 1064 2146 de
1080 2126 1198 2149 creauit-a,
1216 2123 1344 2151 concipitur
1362 2123 1402 2144 itt
1424 2129 1435 2144 a
1455 2135 1484 2139 —
1496 2123 1540 2150 spi-

972 2162 1053 2184 rituale
1066 2169 1113 2184 non
1125 2162 1223 2185 habetur
1235 2163 1277 2185 nisi
1289 2162 1378 2185 Christo
1392 2163 1540 2189 illuminante,

972 2202 1038 2224 Patre
1056 2202 1079 2224 in
1096 2202 1167 2224 filium
1189 2202 1322 2230 adoptante,
1345 2202 1429 2230 Spiritu
1447 2203 1470 2224 S.
1488 2202 1541 2224 deli-

973 2241 1014 2263 ciis
1030 2241 1133 2269 replente
1158 2242 1198 2263 291
1220 2248 1232 2263 a
1250 2253 1280 2257 —
1304 2241 1373 2263 nohis
1398 2242 1472 2263 solum
1490 2247 1541 2263 esse

972 2280 1043 2303 debet
1059 2281 1080 2303 in
1099 2280 1211 2303 virtutum
1230 2281 1391 2308 pulcritudine,
1404 2281 1540 2303 meritorum

973 2320 1174 2348 multiplicatione,
1192 2320 1364 2342 tribulationum
1390 2320 1541 2348 perpessione

973 2362 995 2381 et
1011 2362 1158 2381 aeternorum
1176 2360 1309 2381 odoratione
1328 2360 1372 2381 309
1390 2367 1411 2386 a,
1429 2359 1443 2381 1)
1461 2372 1491 2375 -
1505 2360 1540 2381 lia-

974 2399 1077 2421 bendum
1095 2402 1130 2421 est
1154 2399 1183 2421 do
1200 2399 1311 2421 evasione
1334 2399 1428 2425 inferni,
1446 2405 1541 2421 convcr-

974 2438 1038 2460 sione
1057 2438 1196 2464 infidelium,
1213 2438 1375 2460 consecutione
1393 2437 1541 2460 beatitudinis

974 2478 1019 2499 308
1038 2477 1052 2499 1)
1070 2490 1100 2493 -
1117 2478 1252 2505 septiforme
1268 2478 1384 2499 confertur
1396 2477 1417 2499 in
1434 2477 1541 2504 paradiso

973 2516 1136 2544 septiformiter
1154 2516 1257 2538 membra
1276 2516 1405 2539 levantibus
1428 2517 1448 2538 in
1468 2516 1540 2538 Deum

975 2556 1003 2578 40
1023 2555 1037 2578 b

1022 2596 1097 2618 Getieis*
1114 2608 1145 2611 —
1161 2595 1277 2623 significat
1294 2595 1386 2617 Mariam
1405 2596 1449 2616 698
1469 2594 1483 2616 1)

1021 2635 1148 2657 ΟΕΝΕΒΑΉΟ
1165 2647 1195 2651 -
1207 2634 1322 2662 Originale
1340 2635 1479 2662 principium
1493 2640 1541 2661 ger-

975 2674 1107 2696 minationis
1117 2677 1139 2696 et
1151 2674 1305 2701 generationis
1316 2677 1350 2695 est
1368 2673 1477 2695 memoria
1487 2679 1540 2695 cum

974 2713 1123 2740 intelligentia
1141 2713 1185 2735 480
1203 2719 1216 2735 a

1021 2753 1109 2775 Gearns
1125 2765 1156 2769 —
1173 2754 1264 2775 fuerunt
1281 2753 1357 2781 longe,
1374 2752 1428 2781 quia
1445 2758 1492 2774 non
1504 2753 1541 2773 lia-

975 2791 1060 2813 bebant
1077 2793 1162 2819 Legem
1179 2795 1200 2814 et
1223 2793 1295 2814 Deum
1308 2798 1352 2814 non
1370 2791 1541 2819 cognoscebant

975 2831 1003 2853 47
1021 2830 1036 2853 1)
1054 2843 1083 2847 -
1102 2831 1198 2854 Ecclesia
1217 2831 1247 2853 de
1270 2831 1377 2859 gentibus
1400 2833 1540 2858 congregata

974 2874 1020 2897 est,
1038 2870 1091 2899 quia
1117 2877 1236 2898 synagoga
1262 2870 1377 2893 Christum
1404 2869 1541 2897 contempsit

974 2910 1018 2932 250
1037 2909 1051 2931 b
1069 2922 1099 2926 -
1116 2910 1231 2932 admissae
1248 2912 1302 2932 sunt
1318 2910 1348 2931 ad
1366 2910 1539 2931 Sacramentum

973 2949 1056 2975 altaris,
1073 2949 1168 2977 quando
1185 2955 1227 2977 per
1245 2949 1313 2971 fidem
1331 2951 1385 2971 sunt
1402 2948 1541 2971 illuminatae

973 2987 1018 3010 257
1037 2987 1051 3009 1)

910 197 1010 226 INDEX
1034 197 1275 225 ALPHABETtCth
1298 197 1377 225 NONl
1401 196 1586 225 VOLUMlNlS.

1828 233 1883 256 GLO

1566 273 1702 299 vat-itatem,
1720 273 1895 300 humiditatem,
1914 273 2043 295 firmitatem
2066 273 2110 295 460
2123 279 2136 295 a

1568 326 1595 328 —
1609 314 1725 335 humanus
1738 313 1813 334 malus
1825 311 1894 334 habet
1907 313 2061 340 putredinem,
2074 318 2137 334 acer-

1567 352 1674 380 bitatem,
1694 352 1876 374 venenositatem
1902 352 1947 374 382
1966 351 1980 373 1)
1999 364 2029 367 —
2047 351 2137 374 arboris

1568 391 1641 413 malae
1658 394 1712 414 sunt
1728 397 1799 419 opera
1816 391 1891 413 carnis
1909 391 1949 412 381
1971 390 1986 412 h

1615 431 1667 453 Fani
1685 444 1715 446 —
1732 437 1776 453 non
1794 433 1828 453 est
1854 430 1947 458 proprie
1972 430 2015 452 nisi
2039 430 2137 452 aeternis

1568 469 1612 492 459
1632 469 1646 492 1)

1615 510 1753 531 Fnunsn‘run
1772 522 1801 524 —
1820 509 1943 531 mandatur
1966 512 2040 531 terrae
2063 511 2139 536 putre-

1568 548 1671 571 fiendum
1696 551 1790 576 propter
1812 549 1911 570 fructum
1930 548 1975 570 596
1993 554 2004 570 a
2029 561 2058 563 —
2081 548 2139 570 desi-

1568 590 1624 615 gnat
1649 587 1732 610 bonam
1756 590 1857 610 mentem
1881 587 1981 609 hominis
2006 587 2047 610 531
2070 594 2083 609 a
2109 600 2137 603 —

1568 627 1675 655 designat
1692 627 1810 650 caritatem
1829 627 1853 649 in
1871 627 1942 649 corde
1959 627 2003 649 533
2023 627 2037 649 1)

1616 668 1674 689 Fumi
1692 679 1723 683 —
1740 669 1774 689 est
1791 667 1870 694 triplex
1889 666 2047 694 vituperabilis
2064 670 2086 689 et
2103 666 2139 689 tri-

1569 708 1620 735 plex
1629 706 1821 729 commendabilis
1833 706 1877 728 454
1891 705 1913 728 b.
1927 706 1971 728 455
1983 712 1995 728 a
2005 718 2034 722 —
2044 706 2139 734 Fugien-

1569 746 1625 768 dum
1644 749 1677 768 est
1695 746 1722 768 ad
1743 746 1814 768 Deum
1833 749 1928 773 propter
1945 745 2139 773 consolationem,

1570 785 1727 812 securitatem,
1754 785 1928 807 instructionem
1954 784 1999 807 542
2022 784 2047 807 1).
2063 784 2107 806 543
2126 790 2139 806 a

1569 837 1600 841 —
1616 824 1762 852 Fugiendum
1781 827 1815 846 est
1831 824 1861 846 ad
1881 826 1970 846 montes
1986 823 2139 851 perfectionis,

1570 864 1692 890 orationis,
1718 863 1919 891 contemplationis
1943 863 1986 885 455
2009 869 2020 885 a
2046 875 2077 879 —
2099 863 2140 885 Fu-

1570 903 1653 931 gienda
1671 906 1725 926 sunt
1739 906 1873 931 peccatum,
1891 903 1994 925 mundus
2006 905 2028 925 et
2039 908 2138 930 pravum

1571 942 1715 965 consortium
1733 942 1778 965 539
1796 942 1811 964 b

1618 982 1713 1004 Fatum-A
1731 994 1762 998 —
1774 981 1841 1009 ignea
1860 984 1955 1009 surgent
1966 982 1987 1003 in
2001 981 2046 1003 fine
2058 981 2139 1004 mundi

1570 1020 1600 1042 ab
1617 1027 1700 1043 occasu
1719 1021 1773 1043 solis
1796 1023 1873 1043 contra
1896 1021 1978 1043 faciem
2001 1020 2139 1043 firmamenti

1570 1066 1645 1089 usque
1662 1060 1690 1083 ad
1708 1060 1819 1082 orientem
1839 1060 1999 1082 concurrentia
2016 1059 2046 1081 34
2062 1059 2077 1081 i>

1617 1100 1693 1122 Funus
1711 1112 1740 1115 -
1762 1099 1889 1122 ascendens
1911 1099 2017 1127 designat
2040 1099 2140 1121 devotio-

1570 1145 1623 1161 nem
1642 1139 1687 1161 325
1706 1138 1720 1161 b

1618 1179 1785 1200 Funmunnrum
1803 1190 1833 1194 —
1845 1181 1957 1200 sustentat
1968 1177 2078 1200 fabricam
2092 1184 2140 1200 ma-

1571 1218 1673 1239 terialem
1692 1217 1736 1239 452
1753 1224 1764 1239 a
1783 1230 1812 1233 —-
1831 1217 1925 1246 quando
1950 1217 2075 1239 stabilitum
2093 1220 2139 1245 est,

1572 1261 1625 1279 tunc
1644 1257 1708 1279 facile
1725 1260 1759 1279 est
1775 1257 1969 1284 superaedificare
1989 1256 2033 1279 472
2051 1263 2071 1284 a,
2089 1256 2104 1278 1)

1618 1309 1648 1313 —
1666 1297 1828 1324 Apostolorum
1847 1299 1899 1318 sunt
1913 1296 2037 1318 duodecim
2051 1296 2140 1318 articuli

1572 1336 1626 1358 fidei
1643 1336 1688 1358 506
1707 1335 1721 1357 1)

1619 1376 1664 1398 Fun
1681 1388 1711 1391 —
1729 1375 1800 1397 Nemo
1818 1376 1875 1397 celat
1893 1376 1966 1397 furem
1985 1375 2006 1397 in
2024 1375 2096 1397 domo
2118 1378 2141 1397 et

1572 1414 1665 1437 dimittit
1681 1414 1788 1442 praedari
1808 1414 1866 1436 bona
1884 1421 1924 1437 sua
1943 1414 1988 1436 226
2006 1413 2021 1436 b

1619 1454 1694 1476 Fanon
1711 1466 1742 1470 —
1760 1454 1859 1476 nutritur
1877 1460 1917 1482 per
1931 1454 1989 1476 mala
2008 1456 2029 1476 et
2041 1453 2140 1481 litigiosa

1572 1492 1643 1515 verba
1662 1493 1706 1515 343
1724 1500 1744 1521 a,
1763 1493 1777 1515 1)

1619 1533 1708 1555 Forum
1728 1545 1756 1548 >—
1774 1532 1860 1555 debent
1880 1532 1946 1555 nohis
1969 1539 2020 1555 esse
2036 1532 2140 1561 quodam

1573 1573 1643 1595 modo
1660 1572 1782 1600 praeterita
1805 1573 1849 1594 286
1868 1578 1879 1594 a
1902 1584 1933 1588 —
1958 1572 1991 1594 De
2015 1572 2095 1594 futuris
2112 1572 2141 1594 sit

1572 1612 1698 1639 speculatio
1716 1612 1800 1634 intenta
1818 1614 1840 1634 et
1857 1612 1928 1634 ardua
1948 1611 1993 1634 455
2011 1617 2023 1633 a

1621 1887 1714 1909 Genitos*
1731 1899 1762 1903 —
1781 1887 1802 1909 111
1820 1887 1925 1914 germine
1943 1887 1996 1908 latet
2013 1886 2086 1908 virtus
2108 1892 2141 1908 se-

1575 1926 1644 1948 minis
1673 1926 1718 1948 287
1745 1933 1758 1948 a
1787 1938 1817 1942 —
1844 1932 1914 1948 omne
1940 1925 2010 1948 habet
2036 1931 2141 1948 vermem

1575 1965 1619 1988 646
1639 1965 1653 1987 1)

1621 2006 1761 2027 Geninmrio
1780 2017 1807 2020 —
1826 2005 1974 2032 distinguitur
1999 2004 2141 2031 activorum,

1574 2044 1808 2072 contemplativorum
1826 2047 1848 2066 et
1865 2044 2045 2072 praesidentium
2063 2044 2108 2066 613
2126 2042 2141 2065 1)

1573 2084 1667 2106 —facit
1684 2085 1784 2106 fructum
1798 2090 1917 2112 magnum,
1931 2084 2041 2106 maiorem
2060 2086 2082 2106 et
2094 2089 2142 2105 ma-

1574 2123 1660 2145 ximum
1680 2123 1724 2144 614
1742 2129 1754 2144 a

1622 2162 1706 2184 Gsssrus
1721 2174 1752 2178 —
1768 2162 1874 2190 corporis
1889 2168 1933 2184 11011
1947 2156 2056 2190 praebeat
2073 2163 2142 2184 otl'en-

1574 2201 1677 2224 diculum
1694 2201 1740 2223 724
1758 2201 1773 2223 1)

1621 2241 1683 2264 Ginai
1699 2253 1731 2257 —
1752 2240 1856 2263 vendidit
1881 2240 1979 2268 Spiritus
2005 2241 2027 2262 S.
2052 2241 2140 2263 donum

1576 2280 1620 2302 474
1639 2280 1653 2302 b
1670 2292 1700 2296 —
1717 2280 1837 2302 descendit
1854 2280 1875 2302 in
1894 2279 2047 2302 damnationis
2065 2280 2140 2303 interi-

1576 2323 1623 2341 tum
1642 2318 1694 2342 itn'd.
1712 2331 1742 2335 —
1760 2319 1837 2341 veniet
1854 2319 1881 2341 ad
1906 2319 2015 2341 iudicium
2037 2325 2090 2341 cum
2112 2318 2141 2341 si-

1576 2359 1687 2381 moniacis
1703 2358 1733 2380 72
1751 2364 1763 2380 a
2113 2384 2116 2388 Δ

1622 2399 1734 2420 (1101111115
1750 2410 1781 2414 -
1797 2398 1929 2425 significant
1952 2398 2056 2420 homines
2074 2400 2141 2420 terre-

1576 2443 1617 2459 nos
1634 2438 1683 2459 sive
1702 2437 1835 2459 Pharisaeos
1853 2438 1897 2459 130
1916 2437 1931 2459 h

1622 2478 1717 2498 ottenis
1733 2476 1898 2498 —resolvitur
1915 2477 1944 2498 ad
1956 2476 2063 2499 ardorem
2082 2476 2141 2504 ignis

1577 2516 1616 2538 421
1639 2522 1650 2538 a

1623 2556 1717 2578 titanios
1736 2568 1763 2571 —
1782 2556 1903 2578 flammeus
1920 2555 2026 2583 deporta
2039 2554 2141 2583 paradisi

1576 2600 1617 2622 per
1633 2594 1749 2617 Christum
1772 2598 1863 2617 amotus
1885 2598 1918 2616 est
1936 2595 1965 2616 29
1984 2594 1998 2616 b
2023 2606 2053 2610 —
2076 2595 2141 2616 flam-

1576 2640 1641 2656 meus
1658 2634 1764 2662 designat
1781 2635 1854 2656 zelum
1873 2634 1940 2661 Legis
1958 2634 2001 2656 469
2019 2640 2030 2655 a
2054 2645 2084 2649 -
2106 2633 2141 2656 di-

1575 2673 1633 2695 citur
1651 2673 1760 2695 sententia
1778 2676 1838 2695 recta
1857 2676 1879 2695 et
1896 2673 1952 2695 dura
1972 2673 2001 2694 54
2020 2672 2034 2694 1)

1622 2713 1703 2734 titonia
1723 2725 1750 2728 —
1768 2715 1802 2734 est
1815 2713 1922 2740 frequens
1935 2713 1993 2734 t'ama
2007 2718 2059 2733 cum
2073 2711 2140 2734 laude

1575 2752 1615 2773 Gdl
1639 2751 1652 2773 1)
1671 2764 1699 2767 —-
1724 2755 1758 2774 est
1782 2758 1808 2774 ex
1834 2757 1874 2773 ore
1899 2751 2021 2773 multorum
2047 2751 2140 2773 collecta

1575 2791 1675 2813 laudatio
1693 2790 1747 2813 ibid.
1764 2803 1794 2806 —
1813 2797 1866 2812 vera
1893 2790 1995 2812 consistit
2018 2790 2041 2812 in
2067 2789 2140 2812 tribus

1575 2829 1619 2851 453
1638 2829 1652 2851 1)
1672 2843 1699 2845 -
1717 2833 1751 2852 est
1768 2831 1868 2858 perfecta
1887 2836 1927 2857 per
1939 2830 2030 2852 virtutis
2046 2829 2140 2851 existen-

1575 2869 1627 2891 tiam
1648 2869 1691 2891 450
1710 2868 1724 2891 1)
1742 2882 1771 2884 -
1784 2875 1830 2891 11οη
1848 2872 1881 2891 051
1893 2869 2023 2898 quaerenda
2038 2868 2140 2896 propria,

1574 2908 1615 2930 sed
1632 2908 1711 2930 divina
1729 2908 1774 2930 270
1793 2907 1807 2931 1)
1824 2920 1854 2924 --
1873 2909 1894 2930 111
1911 2907 2001 2930 Christo
2023 2908 2071 2929 lesu
2094 2907 2140 2934 glo-

1574 2947 1681 2970 riandum
1699 2950 1733 2970 est
1750 2954 1791 2976 per
1802 2951 1901 2976 quatuor
1918 2953 1999 2969 sensus
2010 2947 2139 2975 spirituales

1578 2987 1619 3009 142
1637 2986 1652 3009 1)
