2269 3448
416 196 452 224 78

667 235 724 257 ANG

413 274 508 301 directo,
526 275 626 302 munito,
651 274 776 296 accelerato
802 274 847 297 472
865 280 876 296 a
893 287 924 291 —
941 281 978 297 cu-

412 314 484 336 currit
501 320 575 342 usque
592 314 621 336 ad
638 314 756 336 Graeciam
775 313 804 336 ib.
822 314 837 336 b

461 365 490 368 —
508 352 655 375 desiderabat
673 354 731 375 serre
752 353 860 375 continue
884 359 976 375 crucem

414 392 567 419 poenitentiae
585 392 629 414 464
646 392 662 414 b
673 404 704 408 ——-
716 392 864 414 desiderabat
875 398 975 419 crucem,

412 431 465 459 quia
484 431 582 459 sciebat,
601 431 631 453 ibi
652 437 676 453 se
699 431 802 453 invenire
819 432 890 453 vitam
908 434 977 453 aeter-

412 476 466 492 nam
485 470 528 492 463
547 469 570 492 b.
590 470 634 492 4611
647 476 659 491 a
671 482 702 486 —
714 470 808 497 sciebat,
822 476 914 492 crucem
927 476 977 492 esse

413 509 501 536 lignum
520 509 658 531 vivificantis
676 510 762 537 gratiae
781 509 825 531 464
843 509 858 531 1)
874 521 904 525 -
920 509 977 531 desi-

412 548 509 570 derabat
526 554 626 575 crucem,
640 551 664 570 ut
678 548 767 571 Christo
780 548 944 570 assimilaretur
955 550 977 569 et

413 592 455 614 per
475 587 639 615 poenitentiam
661 587 756 615 gloriam
774 587 903 615 acquireret
922 586 976 609 ibid.

413 625 458 648 465
474 632 486 648 a
502 638 533 642 -—
545 626 631 649 sciebat
650 626 723 648 crucis
741 626 836 648 virtutes
854 629 875 647 ct
893 628 977 653 myste-

412 665 471 687 rium
484 665 513 688 ib.
531 672 552 692 a,
568 665 582 687 b
599 678 630 681 —
647 666 738 687 imitans
757 665 901 692 Magistrum,
914 664 976 686 dedit

412 705 547 726 vestimenta
561 704 737 733 quaestionariis
750 707 770 726 et
783 704 845 725 venit
856 703 933 725 nudus
947 703 976 725 ad

411 749 504 765 crucem
524 743 567 765 467
585 749 597 764 a
613 755 643 759 —
657 743 708 765 Eius
726 743 802 770 passio
820 746 868 764 erat
885 741 976 768 acerba,

411 782 525 808 salvifica,
542 782 671 804 desiderata
690 782 733 803 46³
752 781 767 803 b
784 794 814 798 —-
838 781 878 803 suit
899 781 977 808 imple-

412 824 447 842 tus
465 820 612 848 benignitate,
623 821 679 842 dum
696 820 806 848 penderet
817 820 838 842 in
851 826 919 842 cruce
932 819 975 841 468

410 865 422 881 a
439 871 471 875 ——
483 860 586 887 pendens
604 860 626 881 in
644 865 712 881 cruce
734 865 804 882 unam
826 865 921 881 manum
940 860 977 880 ha-

410 898 460 920 buit
481 899 508 921 ad
528 899 655 926 populum,
673 899 766 920 alteram
784 898 812 921 ad
830 899 901 920 Deum
919 897 974 920 ibid.

409 951 439 953 —
457 944 502 960 non
517 938 646 965 patiebatur
664 938 760 963 invitus,
779 938 819 960 sed
843 944 895 960 cum
918 937 976 959 desi-

409 977 474 999 derio
492 980 514 999 et
531 977 681 999 delectatione
698 976 752 999 ibid.

457 1018 558 1038 Aaoctus
574 1029 604 1033 —
617 1017 660 1044 Qui
672 1016 701 1038 de
713 1017 806 1044 Angelis
818 1017 885 1038 vellet
897 1017 973 1038 omnia

410 1056 537 1083 explicare,
556 1056 727 1078 transcenderet
748 1057 873 1077 humanam
896 1056 975 1077 intelli-
992 1062 993 1070 ¹

410 1095 512 1122 gentiam
539 1095 584 1116 616
606 1101 617 1116 a
641 1108 669 1110 —
689 1095 764 1117 Sancti
787 1095 817 1116 de
839 1095 880 1116 illis
906 1095 973 1117 locuti

409 1136 462 1156 sunt
487 1134 532 1155 615
550 1134 565 1156 b
584 1146 612 1149 —
632 1134 703 1156 Etiam
730 1140 772 1156 nos
794 1134 824 1155 de
845 1134 887 1155 illis
912 1134 973 1162 loqui
991 1134 993 1142 ⁸

410 1173 523 1195 debemus
546 1172 599 1195 ibid.
624 1186 651 1188 —
670 1172 776 1195 Libenter
799 1172 912 1195 debemus
935 1179 974 1194 au-

408 1212 459 1234 dire
477 1212 505 1234 de
528 1212 570 1234 illis
595 1212 639 1233 611
659 1212 673 1234 0

474 1264 503 1267 -—
520 1255 554 1273 est
576 1258 662 1273 nomen
680 1251 747 1273 officii
766 1251 810 1273 544
827 1251 841 1273 b
854 1264 884 1267 »-
896 1251 974 1273 dicun·

409 1294 445 1313 tur
461 1291 555 1318 spiritus
568 1297 609 1318 per
621 1290 762 1313 substantiae
780 1291 915 1318 puritatem;
933 1292 974 1312 An-

409 1331 466 1357 geli,
493 1336 533 1358 per
555 1330 621 1352 officii
644 1330 825 1357 exsectitione1113
845 1330 915 1357 ignis,
934 1336 974 1357 per

409 1370 462 1391 doni
476 1369 638 1392 sublimitatem
652 1370 697 1391 620
710 1376 722 1391 a
734 1382 764 1385 —
777 1374 890 1391 vocantur
902 1376 914 1391 a
928 1370 974 1391 Deo

409 1409 510 1436 possessi
526 1408 556 1431 ob
569 1409 645 1430 varias
661 1409 760 1431 rationes
778 1409 822 1430 622
840 1415 851 1430 a
872 1421 898 1424 —-
918 1409 974 1430 Tres

408 1448 482 1470 solum
501 1454 528 1470 ex
542 1448 636 1470 nomine
653 1448 759 1475 designat
776 1454 840 1470 sacra
856 1448 973 1475 Scriptura

410 1487 450 1509 521
473 1493 493 1509 a.
511 1487 556 1509 625
574 1486 589 1508 0

455 1539 485 1542 -
502 1526 558 1554 quid
576 1526 604 1548 sit
621 1526 749 1548 secundum
769 1526 903 1553 Dionysium
928 1526 968 1548 521

407 1572 419 1587 a
438 1578 467 1581 —-
485 1569 537 1587 sunt
555 1566 660 1593 producti
678 1572 705 1587 ex
723 1566 793 1587 nihilo
809 1566 853 1587 316
866 1572 886 1587 a.
901 1565 945 1587 477
958 1565 973 1587 0

408 1617 437 1620 —
455 1605 476 1627 in
495 1605 589 1627 nihilum
613 1605 743 1631 tenderent,
761 1605 804 1627 nisi
830 1611 912 1626 manus
932 1605 973 1626 Dei

407 1647 495 1666 teneret
512 1650 551 1666 eos
569 1645 613 1666 316
633 1650 644 1665 a
662 1657 692 1660 —
718 1645 802 1666 Eorum
825 1644 973 1666 coaeviterni-

408 1688 441 1706 tas
459 1690 503 1705 non
522 1684 628 1711 pervenit
645 1684 674 1705 ad
692 1684 861 1711 simplicitatem
880 1684 973 1705 aeterni-

409 1723 460 1745 tatis
478 1723 522 1745 615
541 1722 556 1744 1)

453 1774 485 1778 -
502 1762 615 1784 Numerus
632 1768 713 1783 eorum
726 1762 815 1784 excedit
827 1762 882 1784 alios
894 1768 973 1784 nume-

407 1807 446 1823 ros
463 1802 508 1823 623
528 1801 549 1823 b.
567 1801 612 1823 624
629 1807 641 1822 a

454 1852 485 1856 —
503 1840 544 1872 Pro
568 1840 635 1862 unico
659 1844 722 1862 motu
745 1840 822 1862 cordis
843 1840 866 1862 in
892 1846 972 1868 perpe-

408 1882 473 1901 tuum
492 1879 573 1901 deiecti
591 1882 644 1901 sunt
661 1879 690 1901 de
708 1879 770 1901 caelo
788 1879 832 1901 596
852 1879 866 1901 l.)
878 1892 908 1895 —-
925 1886 970 1902 non

408 1922 442 1940 est
460 1918 603 1945 reparabilis
620 1918 673 1946 quia
692 1918 808 1945 poenitere
826 1924 872 1940 non
898 1921 972 1946 potest

408 1957 452 1979 574
470 1956 485 1978 0

455 2009 485 2012 —
502 1996 594 2018 suntin
611 1997 674 2018 eaelo
700 2002 811 2024 empyreo
838 1997 881 2018 369
907 2003 919 2019 a
942 2010 971 2012 —

408 2035 491 2056 Eorum
510 2038 581 2057 status
599 2039 632 2057 est
645 2035 742 2057 nobilior
755 2038 777 2057 et
788 2036 891 2057 securior
900 2042 970 2064 quam

407 2076 479 2096 status
505 2074 626 2096 hominum
652 2074 698 2095 702
716 2080 736 2101 a,
755 2073 769 2095 1)
786 2086 817 2090 ——
834 2078 887 2096 suut
904 2081 972 2102 supe-

407 2113 479 2135 riores
498 2112 630 2135 hominihus
656 2119 697 2141 per
723 2117 829 2135 naturam
848 2114 892 2135 369
911 2120 922 2135 a
941 2126 971 2130 —

407 2152 532 2180 aliquando
550 2152 654 2174 homines
672 2152 692 2174 iu
712 2152 784 2180 gratia
802 2153 831 2175 ad
844 2159 924 2175 eorum
938 2159 970 2175 or-

407 2191 473 2213 dines
490 2194 639 2213 assumuntur
656 2191 711 2214 ibid,

455 2243 485 2246 -
503 2231 564 2252 Deus
590 2231 699 2258 plantavit
716 2230 737 2252 in
760 2230 792 2253 eis
815 2234 860 2253 tres
883 2231 972 2253 radices

407 2270 518 2292 virtutum
536 2270 580 2292 598
600 2270 614 2291 1)
628 2283 654 2286 —
670 2270 725 2291 istae
737 2272 790 2292 sunt
802 2271 917 2298 plantatae
931 2276 972 2298 per

408 2313 525 2335 naturam,
543 2309 692 2330 confirmatae
708 2315 750 2336 per
767 2309 864 2337 gratiam
883 2313 905 2332 et
922 2315 972 2332 con-

406 2352 535 2370 summatae
553 2354 594 2376 per
607 2348 702 2376 gloriam
719 2348 763 2370 599
776 2355 787 2370 a
801 2361 832 2365 —
843 2349 972 2377 Explicatur

407 2393 486 2409 eorum
510 2387 638 2409 excellentia
657 2391 769 2416 quantum
787 2388 816 2410 ad
834 2388 970 2410 charismata

407 2427 534 2454 gratiarum
560 2429 582 2448 et
605 2430 718 2455 (plantum
737 2427 765 2448 ad
783 2427 887 2449 exercitia
907 2428 970 2449 meri-

406 2468 481 2487 torum
500 2466 544 2487 622
562 2472 574 2487 a
592 2477 623 2482 —
640 2466 756 2488 lnl'luentia
775 2466 826 2494 Dei,
844 2473 904 2495 quae
920 2467 971 2489 tacit

407 2505 470 2532 ipsos
487 2505 624 2533 deiformes,
642 2505 711 2527 dehet
728 2511 777 2527 esse
789 2506 918 2528 secundum
937 2506 971 2527 tri-

406 2544 489 2571 plicem
516 2547 602 2566 motum
630 2544 658 2566 ib.
677 2544 691 2566 1)
714 2556 744 2560 -
766 2550 837 2573 quare
859 2545 903 2566 sint
924 2545 971 2567 dei-

407 2584 491 2605 formes
510 2583 553 2605 480
573 2583 587 2605 b
603 2595 634 2599 ——
656 2584 741 2605 faciunt
767 2584 907 2605 voluntatem
932 2584 970 2605 Dei

406 2625 512 2650 respectu
530 2622 580 2644 eius
596 2623 658 2650 quod
677 2625 711 2644 est
728 2628 809 2650 supra,
827 2622 888 2645 iuxta
905 2626 927 2645 et
940 2623 971 2644 in-

409 2663 440 2683 tra
460 2662 504 2683 620
522 2667 534 2682 a

451 2712 483 2716 —
500 2701 584 2722 Eorum
602 2700 733 2723 sublimatio
751 2704 785 2723 cst
797 2701 904 2728 gloriosa,
916 2701 970 2729 quia

408 2739 454 2761 Deo
473 2739 614 2767 propinqua,
632 2740 739 2761 continua
749 2757 754 2767 ‚
766 2742 857 2767 aperta,
870 2741 969 2767 perfecta

407 2778 451 2799 619
469 2784 480 2799 a
501 2791 528 2794 -—
548 2778 570 2799 in
597 2779 669 2806 gloria
695 2781 793 2806 regnant
817 2779 847 2801 ad
873 2779 969 2801 modum

406 2817 537 2844 principum
556 2818 599 2840 339
618 2817 633 2839 1)
649 2830 680 2834 -
697 2824 790 2846 semper
807 2818 885 2840 vident
898 2822 919 2840 et
931 2824 971 2840 au-

406 2856 474 2878 diunt
491 2857 563 2878 Deum
582 2857 627 2879 623
646 2863 657 2879 a
675 2869 705 2874 —
722 2857 809 2879 conscii
826 2860 879 2880 sunt
896 2863 969 2879 secre-

407 2898 481 2917 torum
507 2895 640 2918 divinorum
663 2897 707 2918 622
733 2902 744 2918 a
765 2909 793 2912 —-
810 2899 896 2925 quanto
919 2897 970 2924 plus

406 2934 522 2961 replentur
548 2934 751 2957 illuminationibus
772 2936 881 2962 aeternis,
908 2939 969 2957 tanto

406 2972 500 2994 ditiores
517 2977 570 2995 sunt
587 2973 632 2995 474
650 2980 661 2995 a

1059 287 1089 291 —
1106 278 1159 297 sunt
1183 275 1221 297 Dei
1244 275 1398 303 acceptabiles
1424 275 1519 297 ministri
1542 281 1575 297 ra-

1012 314 1073 336 tione
1090 314 1264 341 intelligentiae,
1277 315 1412 343 munditiae,
1429 314 1576 337 obedientiae

1012 353 1056 375 619
1075 353 1096 375 b.
1116 354 1160 374 620
1179 360 1190 375 a
1207 365 1238 370 —
1255 353 1362 381 designat
1381 354 1517 375 munditiam
1530 353 1575 375 514

1012 392 1026 414 b
1043 404 1074 408 —
1092 394 1189 420 Semper
1205 392 1298 420 Angelis
1315 395 1413 420 cognata
1430 396 1464 415 est
1482 393 1576 420 virgini-

1012 434 1045 453 tas
1062 432 1102 454 521
1125 437 1136 453 a
1155 444 1185 447 —
1197 431 1306 453 dicuntur
1319 431 1468 459 intelligentes
1481 434 1575 459 propter

1011 470 1052 491 tria
1071 470 1116 491 620
1133 476 1145 492 a
1164 482 1192 486 --
1211 473 1376 497 comparantur
1397 470 1472 492 ventis
1498 470 1542 491 477
1560 470 1575 492 1)

1010 521 1041 525 —
1058 512 1111 531 sunt
1128 512 1187 531 astra
1205 509 1314 531 matutina
1340 510 1384 531 630
1403 515 1415 530 a
1432 521 1463 525 —
1480 505 1576 531 Harmo-

1010 548 1047 569 nia
1065 548 1139 570 laudis
1163 548 1280 575 angelicae
1305 548 1448 576 significatur
1467 554 1507 575 per
1524 554 1576 570 con-

1011 590 1102 608 centum
1120 587 1176 608 caeli
1193 586 1291 609 visibilis
1308 588 1353 609 612
1373 587 1386 608 1)

1057 638 1087 642 -
1104 630 1217 654 quantum
1235 629 1339 653 possunt,
1357 626 1386 648 de
1411 632 1452 648 sua
1478 626 1569 649 scientia

1012 664 1160 692 magnificant
1173 665 1243 687 Deum
1257 664 1301 687 477
1315 664 1329 687 0
1341 677 1371 681 -
1384 671 1425 693 pro
1439 665 1499 687 mille
1512 672 1575 688 mun-

1011 703 1047 725 dis
1064 710 1109 725 non
1128 704 1259 726 deflecteret
1276 704 1355 726 oculos
1373 711 1384 725 a
1403 704 1459 726 facie
1476 704 1515 726 Dei
1530 704 1575 726 615

1011 742 1026 764 0
1043 756 1073 758 -
1091 743 1153 765 0111111
1172 744 1264 765 caritate
1282 747 1335 765 sunt
1352 744 1431 771 repleti
1450 744 1493 765 366
1512 750 1524 765 a
1546 757 1575 760 —

1011 782 1118 804 dicuutur
1136 782 1254 809 ardentes,
1271 783 1324 811 quia
1348 783 1370 804 in
1397 783 1458 805 dono
1475 783 1575 805 caritatis

1011 822 1121 843 excellunt
1147 822 1190 843 616
1216 828 1227 843 a
1255 834 1285 838 —-
1302 821 1393 844 stabiliti
1411 826 1464 844 sunt
1480 822 1501 844 in
1529 823 1574 844 Deo

1012 861 1056 886 615
1075 860 1089 882 0
1101 874 1131 876 -
1144 861 1252 883 dicuntur
1264 861 1338 883 silices
1351 862 1394 883 689
1408 861 1422 883 h
1434 861 1499 883 —in
1511 861 1574 884 bono

1010 902 1063 921 sunt
1080 900 1163 921 firmati
1181 899 1235 922 ibid.
1247 912 1278 916 —
1294 906 1338 923 uon
1356 904 1454 928 possunt
1471 906 1574 928 peceare,

1010 945 1053 961 nec
1070 939 1170 967 amplius
1188 939 1269 961 mereri
1283 940 1412 967 praemium
1425 939 1574 962 substantiale

1010 978 1055 1000 702
1073 984 1085 1000 a

1056 1030 1086 1033 -
1104 1018 1211 1039 dicuntur
1229 1018 1301 1046 clypei
1321 1021 1415 1046 propter
1432 1019 1539 1041 decorent
1553 1023 1574 1040 et

1009 1057 1173 1084 perlectionem
1193 1057 1237 1079 689
1255 1063 1267 1078 a
1285 1069 1315 1073 —
1334 1058 1451 1079 inferiores
1463 1057 1574 1080 obediunt

1008 1095 1169 1123 superioribus
1186 1096 1230 1118 588
1249 1096 1265 1118 1)
1283 1109 1312 1112 —
1330 1097 1405 1118 minor
1422 1103 1467 1119 non
1487 1097 1574 1120 invidet

1010 1135 1102 1162 maiori,
1120 1141 1162 1157 nec
1180 1136 1253 1157 maior
1271 1136 1375 1158 molestat
1393 1137 1514 1164 minorem,
1532 1142 1573 1159 nec

1009 1180 1050 1202 par
1074 1175 1194 1203 aequalem
1220 1175 1260 1197 521
1283 1181 1293 1197 a
1313 1188 1342 1191 —
1365 1182 1389 1197 se
1408 1176 1527 1198 humiliant
1552 1179 1573 1198 et

1008 1220 1089 1236 omnes
1107 1215 1204 1236 xirtutcs
1223 1214 1268 1236 Deo
1286 1214 1415 1236 attribuunt
1432 1215 1477 1236 627
1496 1215 1510 1236 1)

1055 1265 1085 1269 --
1103 1253 1266 1275 Consideratur
1283 1254 1304 1275 in
1326 1254 1359 1276 eis
1376 1255 1446 1280 ordo,
1469 1255 1572 1282 operatio

1008 1295 1030 1313 et
1046 1292 1120 1313 virtus
1139 1293 1182 1314 609
1202 1292 1216 1314 0

1055 1343 1086 1347 -
1113 1332 1170 1353 Sunt
1196 1338 1280 1354 novem
1309 1332 1402 1354 ordines
1430 1334 1571 1360 Angelorum

1008 1371 1053 1392 625
1071 1377 1082 1392 a
1101 1383 1130 1386 —
1149 1371 1271 1399 Quomodo
1288 1372 1317 1393 1111
1335 1378 1346 1393 a
1370 1371 1458 1393 Christo
1476 1372 1572 1394 docean-

1010 1412 1045 1431 tur
1062 1413 1084 1432 et
1102 1414 1225 1437 pascantur
1242 1411 1282 1432 301
1307 1411 1327 1433 b.
1347 1412 1391 1433 302
1410 1417 1430 1433 a.
1449 1411 1493 1433 [102
1511 1417 1531 1438 a,
1550 1412 1572 1433 1).

1009 1449 1053 1471 422
1072 1448 1094 1470 0.
1113 1449 1158 1471 114-
1176 1449 1190 1471 b
1207 1462 1238 1466 —
1257 1450 1314 1472 Vide
1333 1450 1359 1472 Υ.
1379 1450 1525 1473 literni-olna.

1054 1500 1085 1504 -—
1103 1494 1147 1510 non
1165 1494 1290 1516 operantur
1308 1495 1349 1516 per
1367 1490 1512 1518 violentiamy
1531 1490 1571 1512 sed

1008 1533 1049 1554 per
1068 1527 1175 1549 iustitiam
1194 1528 1218 1549 61
1230 1529 1234 1549 l
1257 1528 1272 1550 l)
1284 1540 1314 1544 -—
1326 1528 1477 1556 Operationes
1489 1536 1570 1551 eorum

1007 1567 1149 1589 reducuntur
1166 1567 1193 1589 ad
1207 1569 1410 1595 contemplativam
1424 1571 1445 1590 et
1459 1569 1571 1590 ministra-

1007 1606 1078 1627 tivam
1097 1607 1141 1628 615
1160 1612 1170 1627 a
1190 1619 1220 1622 —
1238 1607 1311 1628 Prima
1338 1610 1372 1629 est
1389 1607 1411 1628 iu
1437 1608 1572 1630 ascensione.

1007 1645 1035 1667 ad
1059 1651 1172 1673 superna,
1195 1646 1296 1668 secunda
1323 1646 1343 1668 iu
1370 1646 1520 1669 descensione
1542 1647 1570 1669 ad

1007 1685 1107 1706 humana
1125 1684 1179 1707 ibid.
1191 1697 1221 1701 —-
1235 1686 1281 1707 Hae
1295 1686 1454 1712 significantur
1470 1686 1493 1707 in
1511 1686 1570 1708 scala

1008 1723 1074 1745 iacob
1086 1723 1140 1746 ibid.
1154 1737 1184 1739 —
1198 1724 1282 1746 habent
1296 1731 1365 1747 unam
1378 1725 1491 1747 actionem
1503 1725 1571 1747 simul

1007 1769 1059 1784 cum
1078 1763 1119 1784 alia
1139 1762 1234 1785 10111,-
1248 1764 1379 1786 Ostenditur
1391 1770 1471 1786 eorum
1490 1765 1570 1792 triplex

1006 1802 1117 1829 perfectio
1135 1806 1156 1824 et
1173 1803 1271 1830 duplicis
1288 1803 1356 1825 oflicii
1369 1804 1484 1825 exsecutio
1497 1804 1542 1826 619
1556 1804 1570 1825 l)

1006 1853 1035 1857 -—
1058 1841 1186 1863 ascendunt
1210 1848 1251 1869 per
1274 1842 1314 1864 Dei
1337 1843 1569 1870 contemplationem,

1006 1880 1149 1902 descendunt
1159 1887 1199 1908 per
1208 1884 1309 1903 nostram
1320 1882 1505 1903 informationem
1517 1881 1569 1904 ibid.

1008 1931 1035 1934 —
1058 1920 1142 1941 Eorum
1169 1920 1270 1942 officium
1294 1923 1328 1942 est
1352 1920 1485 1942 hominibus
1507 1921 1570 1943 mini-

1006 1962 1077 1980 strare
1095 1962 1116 1980 et
1134 1959 1257 1981 Dominum
1281 1960 1431 1987 contemplari
1455 1961 1499 1982 620
1517 1966 1537 1987 a,
1557 1960 1570 1982 b

1055 2011 1081 2013 —
1101 1998 1172 2019 Deum
1192 1999 1376 2026 contemplantur
1389 1999 1409 2020 in
1427 2000 1476 2021 eius
1490 2000 1569 2021 taciem

1006 2043 1097 2064 semper
1121 2037 1227 2059 intuitum
1254 2037 1360 2065 figendo,
1387 2038 1436 2059 01113
1463 2039 1569 2060 Maiestati

1005 2082 1098 2103 semper
1110 2076 1244 2104 assistendo,
1257 2076 1358 2098 divinam
1372 2077 1495 2099 honitatem
1513 2084 1569 2100 sem-

1007 2121 1047 2142 per
1072 2115 1188 2137 laudando
1214 2116 1254 2137 621
1285 2115 1307 2137 b.
1331 2117 1376 2138 622
1399 2122 1410 2138 a
1428 2128 1459 2132 —
1476 2123 1569 2138 sursum

1006 2159 1106 2182 aguntur
1129 2155 1310 2183 ‹piadrupliciter
1333 2156 1378 2177 615
1396 2161 1416 2182 a,
1435 2155 1448 2177 1)
1467 2168 1497 2172 -
1514 2162 1569 2184 quo-

1007 2194 1076 2216 modo
1093 2194 1138 2216 dici
1157 2197 1253 2221 possunt
1270 2197 1330 2216 stare
1347 2195 1370 2216 in
1388 2195 1483 2217 circuitu
1504 2194 1533 2218 z'b.
1555 2195 1569 2217 1)

1005 2245 1036 2248 -
1053 2233 1207 2255 uniformitate
1230 2234 1428 2261 contemplationis
1447 2238 1570 2256 moventur

1005 2272 1064 2294 circa
1084 2273 1191 2294 thronum
1211 2272 1249 2294 Dei
1267 2273 1313 2294 710
1331 2279 1343 2294 a

1053 2323 1083 2326 —
1101 2314 1153 2332 sunt
1171 2310 1242 2332 nuntii
1260 2310 1299 2332 Dei
1318 2311 1362 2332 622
1380 2317 1392 2332 a
1412 2323 1440 2326 —
1458 2317 1570 2333 011111001-

1006 2349 1101 2372 titudine
1118 2353 1262 2377 cognoscunt
1286 2350 1405 2372 veritatem
1429 2353 1451 2372 ct
1468 2351 1570 2372 virtuose

1005 2391 1162 2417 exsequuntur
1188 2389 1299 2411 visionem
1328 2389 1430 2411 divinam
1461 2389 1514 2411 ibid.
1540 2402 1569 2406 —

1005 2434 1065 2456 quae
1083 2428 1162 2450 vident
1179 2428 1200 2449 in
1219 2428 1269 2450 luce
1291 2431 1382 2450 aeterna
1400 2428 1466 2450 nobis
1484 2435 1569 2451 annun-

1006 2468 1060 2489 tiant
1077 2467 1122 2489 505
1140 2467 1154 2488 b
1172 2480 1202 2483 —
1219 2470 1321 2489 reserant
1338 2468 1441 2490 caelestia
1462 2469 1567 2495 mysteria

1005 2507 1049 2528 613
1068 2512 1080 2528 a
1098 2518 1128 2522 —
1145 2510 1198 2528 sunt
1215 2507 1307 2534 specula
1326 2510 1348 2528 et
1365 2507 1450 2529 lumina
1464 2507 1568 2529 caelestia

1005 2544 1059 2567 ibid.
1083 2557 1113 2561 -—
1139 2546 1183 2567 Lex
1210 2548 1304 2567 naturae
1329 2545 1358 2567 ab
1381 2545 1407 2567 iis
1433 2545 1501 2567 habet
1523 2546 1568 2568 illu-

1003 2584 1148 2611 strationem,
1167 2585 1200 2606 lex
1223 2584 1356 2612 Scripturae
1379 2591 1419 2612 per
1436 2591 1477 2607 eos
1494 2585 1567 2612 posita

1004 2627 1038 2645 est
1050 2623 1104 2646 ibid.
1123 2635 1153 2639 -—-
1168 2623 1365 2646 annuntiaverunt
1383 2624 1506 2646 salvatoris
1525 2624 1567 2646 ori-

1004 2663 1081 2690 ginem
1108 2665 1129 2684 et
1154 2663 1345 2685 resurrectionem
1366 2662 1418 2685 [tant.
1437 2675 1467 2679 —-
1488 2664 1567 2685 adlue-

1003 2705 1056 2723 runt
1073 2702 1095 2723 in
1113 2701 1194 2723 Christi
1213 2702 1347 2724 ascensione
1364 2701 1417 2724 ibid.
1442 2715 1469 2718 —
1488 2702 1567 2724 illumi-

1005 2745 1088 2762 narunt
1105 2741 1230 2768 Prophetas
1247 2741 1292 2763 689
1310 2747 1322 2763 a

1050 2792 1081 2795 Η
1098 2779 1248 2807 designantur
1266 2786 1306 2808 per
1324 2780 1432 2802 custodes
1450 2780 1494 2802 557
1508 2779 1523 2801 0
1535 2792 1565 2796 -

1003 2819 1106 2846 deputati
1123 2823 1176 2841 sunt
1200 2819 1229 2841 ad
1256 2822 1356 2842 nostram
1374 2819 1503 2841 custodiam
1522 2819 1565 2841 369

1004 2857 1018 2879 0
1030 2870 1059 2874 -
1073 2864 1114 2880 1103
1131 2860 1215 2885 regunt
1232 2864 1273 2886 per
1285 2858 1481 2886 dispensationem
1494 2865 1505 2880 a
1521 2858 1566 2880 Deo

1002 2897 1036 2918 eis
1058 2897 1134 2919 datam
1154 2896 1207 2920 ibid.
1225 2910 1254 2913 —
1271 2900 1385 2919 vocantur
1405 2903 1472 2925 reges
1494 2900 1566 2919 terrae

1002 2935 1057 2958 ibid.
1074 2948 1104 2952 --
1129 2936 1190 2958 Deus
1214 2937 1314 2964 Angelos
1338 2936 1403 2959 dedit
1427 2937 1449 2958 in
1468 2936 1566 2958 ministe-

1003 2975 1062 2997 rium
1081 2978 1228 3003 peccatorum
1246 2975 1290 2997 583
1309 2976 1324 2997 0
1340 2987 1371 2991 --
1389 2981 1468 2997 curam
1481 2974 1566 2997 habent

960 196 1060 225 tNDEX
1083 196 1322 225 ALPHABETICUS
1344 196 1422 225 NONl
1444 196 1631 225 VOLUMlNlS.

1865 236 1921 258 ANG

1609 275 1638 297 de
1656 281 1728 302 grege
1751 275 1841 297 Domini
1864 275 1909 297 505
1932 275 1947 297 0
1969 288 2000 291 -
2017 276 2175 298 custodierunt

1609 320 1765 341 synagogam,
1794 314 1863 336 modo
1892 315 2025 337 custodiunt
2052 315 2174 337 Ecclesiam

1610 354 1654 375 617
1674 354 1688 375 0

1656 405 1686 408 —-
1706 393 1727 414 ln
1745 392 1899 415 custoditione
1917 393 2072 421 intelliguntur
2086 394 2174 416 uuiver-

1609 437 1648 453 sae
1673 431 1881 454 condescensiones
1906 432 2024 460 angelicae
2049 434 2094 455 622
2113 433 2127 455 0
2144 446 2175 450 -

1610 470 1677 492 nohis
1695 474 1810 498 praestant
1829 470 1966 493 heneficium
1981 472 2174 499 sanctificationis,

1609 509 1777 536 illustrationis,
1803 510 1962 537 protectionis,
1987 511 2174 534 inflammationis

1609 551 1631 570 et
1648 548 1761 576 generalis
1778 549 1936 571 custoditionis
1954 550 1994 572 521
2017 549 2032 572 h

1655 599 1686 603 —
1704 588 1745 609 Per
1770 588 1893 610 duodecim
1919 589 1994 611 stellas
2015 589 2174 617 significantur

1601 626 1732 649 ‘duodecim
1751 626 1875 654 beneficia,
1892 634 1992 656 quorum
2016 629 2100 651 multae
2122 633 2174 652 sunt

1609 666 1787 689 ramfficationes
1813 667 1853 688 631
1884 673 1909 695 a,
1932 667 1946 689 b
1969 680 1997 683 —
2015 668 2115 695 eripiunt
2131 674 2174 691 nos

1609 711 1620 726 a
1639 705 1717 733 culpa,
1734 705 1885 727 corroborant
1910 706 1932 727 in
1958 712 2049 734 pugna,
2071 707 2175 735 dirigunt

1609 745 1632 766 in
1651 744 1685 766 via
1704 748 1726 767 et
1744 745 1874 772 perducunt
1891 745 1911 767 in
1931 745 2028 773 patriam
2047 747 2092 768 616
2112 746 2126 768 0
2144 759 2173 762 —

1609 790 1653 805 non
1672 787 1769 811 possunt
1788 790 1828 806 nos
1845 790 1939 811 curare,
1957 785 1998 806 nisi
2017 785 2173 808 habeantcol-

1608 816 1692 850 lxi-ium
1710 823 1793 850 partim
1813 826 1934 851 acceptum
1952 830 1964 845 a
1991 824 2070 852 110013,
2089 826 2171 852 partim

1608 868 1620 883 a
1638 861 1726 884 Christo
1744 862 1788 884 617
1807 869 1819 884 a
1837 875 1867 878 —
1885 862 1950 885 nobis
1967 863 2111 886 subveniunt
2121 870 2173 886 eru—

1608 901 1704 927 diendo,
1718 902 1869 929 protegendo,
1882 902 2042 929 promovendo
2055 906 2077 925 et
2089 903 2174 930 perdu-

1608 940 1681 962 cendo
1699 940 1727 962 ad
1745 941 1841 968 gloriam
1864 941 1909 962 619
1927 947 1951 969 a,
1970 941 1984 963 0
2004 954 2030 957 —-
2049 941 2116 964 110013
2134 942 2173 964 1111-

1608 979 1703 1001 nistrant
1724 980 1828 1007 exempla
1854 980 2010 1007 reverentiae,
2033 981 2172 1009 munditiae,

1608 1019 1745 1041 concordiae
1767 1022 1789 1041 ct
1811 1019 1945 1041 clementiae
1969 1019 2009 1041 521
2037 1026 2048 1041 a
2068 1033 2097 1036 —
2115 1021 2173 1049 Qua-

1609 1061 1659 1080 tuor
1677 1058 1773 1080 virtutes
1794 1058 1924 1086 specialiter
1942 1059 1963 1080 in
1984 1059 2017 1081 eis
2033 1060 2135 1082 relucent
2151 1063 2173 1081 et

1609 1103 1649 1124 pcr
1672 1103 1711 1119 eos
1734 1097 1757 1119 in
1780 1097 1847 1119 nobis
1864 1098 1907 1119 627
1929 1098 2009 1120 11-629
2033 1105 2045 1120 a
2068 1110 2098 1115 —-
2120 1102 2173 1121 sunt

1609 1137 1648 1158 tiei
1669 1136 1764 1158 ministri
1785 1137 1813 1159 ad
1837 1143 1880 1159 nos
1902 1137 2077 1159 illuminandum
2097 1138 2141 1160 620
2160 1144 2172 1160 a

1606 1188 1636 1191 —
1655 1176 1716 1198 lianc
1740 1176 1928 1198 illuminationem
1947 1183 1993 1198 non
2010 1177 2104 1205 capiunt
2124 1183 2172 1199 ma-

1589 1215 1687 1241 uitiosi,
1714 1216 1897 1243 praesumtuosi,
1923 1215 2031 1238 obstinati
2061 1215 2115 1239 ibid.
2142 1228 2172 1232 —

1607 1254 1714 1276 dicuntur
1731 1255 1814 1283 nostri,
1831 1255 1885 1283 quia
1912 1255 2039 1277 ministrant
2056 1255 2123 1278 nobis
2140 1262 2172 1277 re-

1606 1293 1690 1320 media,
1707 1294 1810 1321 exempla
1835 1298 1857 1316 et
1875 1294 1986 1317 beneficia
2004 1294 2033 1317 ib.
2052 1294 2067 1317 h
2084 1307 2114 1311 —-
2132 1295 2172 1316 mi-

1607 1332 1703 1354 nistrant
1729 1332 1795 1355 nobis
1824 1334 1864 1355 tria
1894 1334 1995 1356 remedia
2023 1337 2100 1356 eontra
2129 1334 2172 1356 tria

1607 1372 1677 1398 mala,
1695 1378 1755 1400 quae
1777 1378 1803 1394 ex
1827 1376 1921 1400 peccato
1941 1373 2099 1395 contrabimus
2116 1372 2170 1395 ibid.

1607 1423 1637 1426 —
1654 1411 1683 1433 ad
1700 1417 1743 1433 nos
1760 1411 1893 1438 mittuntur,
1914 1415 1937 1433 ut
1956 1412 2096 1434 inundemur
2111 1411 2139 1435 ib.
2158 1418 2170 1434 a

1608 1462 1636 1465 —
1661 1451 1802 1479 quandoque
1829 1450 1932 1478 tergebat
1957 1452 2037 1474 oculos
2060 1452 2170 1479 plorantis

1607 1489 1651 1510 557
1670 1496 1681 1511 a
1699 1502 1729 1505 ——
1747 1490 1807 1512 Istud
1826 1490 1927 1512 osticium
1954 1491 2051 1512 maxime
2073 1491 2171 1518 diligunt

1607 1527 1660 1550 ibid.
1673 1541 1701 1544 -
1716 1529 1757 1556 ipsi
1770 1529 1891 1556 lacrymari
1904 1536 1948 1551 non
1964 1532 2059 1557 possunt
2071 1529 2125 1552 ibid.
2140 1542 2170 1546 »-

1607 1567 1628 1589 111
1641 1569 1765 1590 tentatione
1782 1569 1865 1591 adsunt
1882 1569 1950 1591 nohis
1967 1569 2012 1591 502
2024 1568 2040 1590 b
2052 1582 2082 1586 —
2095 1570 2171 1592 Exem-

1606 1608 1670 1635 plum
1688 1606 1742 1630 ibid.
1759 1620 1789 1623 —
1807 1608 1891 1630 Eorum
1905 1608 2030 1630 ministerio
2043 1609 2170 1636 poterimus

1606 1646 1674 1668 110013
1691 1652 1773 1669 cavere
1791 1653 1802 1668 a
1822 1647 1983 1669 tentationibus
2001 1648 2045 1669 6112
2063 1647 2078 1669 0
2098 1660 2123 1663 »-
2138 1654 2170 1670 as·

1605 1685 1688 1707 sistunt
1704 1686 1788 1708 devote
1805 1686 1935 1715 orantibus,
1959 1687 2021 1714 ipsos
2043 1688 2170 1709 confortant

1605 1728 1627 1746 et
1644 1725 1758 1747 orationes
1775 1731 1856 1747 eorum
1875 1725 1921 1747 Deo
1939 1726 2094 1747 0110111111626
2113 1725 2127 1747 b
2139 1738 2170 1742 —

1605 1767 1714 1786 excusant
1730 1771 1778 1791 nos,
1790 1765 1883 1793 quando
1895 1766 1994 1787 offerunt
2005 1765 2119 1787 orationes
2131 1771 2170 1787 no-

1605 1807 1663 1825 stras
1681 1803 1735 1826 ibid.
1757 1816 1787 1820 —
1808 1804 1892 1825 Eorum
1916 1808 1948 1826 est
1974 1804 2101 1831 perducere
2124 1804 2169 1826 ani-

1606 1848 1655 1864 mas
1672 1842 1701 1864 ad
1720 1843 1792 1865 Deum
1811 1843 1855 1864 629
1875 1842 1889 1864 b
1901 1856 1929 1859 —
1944 1843 1991 1865 Hoc
2008 1843 2092 1866 faciunt
2109 1850 2170 1865 exer-

1605 1882 1657 1904 citio
1675 1882 1811 1910 quintuplici
1828 1881 1881 1904 ibid.
1900 1882 1945 1904 630
1963 1888 1983 1908 a,
2002 1882 2016 1904 0

1650 1933 1681 1936 -
1698 1921 1720 1942 111
1738 1921 1855 1948 prosperis
1872 1924 1894 1942 et
1911 1921 2015 1943 adversis
2033 1928 2074 1944 nos
2092 1925 2168 1944 custo-

1604 1960 1671 1981 diunt
1693 1960 1738 1981 612
1756 1965 1768 1981 a
1790 1972 1820 1976 —-
1838 1960 1921 1982 Eorum
1945 1961 2060 1982 influentia
2084 1964 2117 1982 est
2139 1961 2169 1983 ad

1604 1999 1790 2026 supportandum
1817 1999 1860 2020 (513
1887 2005 1900 2021 a
1923 2011 1952 2015 -—
1976 2005 2018 2021 nos
2043 1999 2122 2022 iuvant
2146 2000 2168 2022 in

1605 2038 1664 2060 malo
1686 2038 1781 2060 vitando
1805 2038 1849 2059 619
1869 2038 1882 2060 0
1905 2051 1935 2054 -
1959 2039 2043 2061 Εο1·11111
2069 2043 2103 2061 est
2127 2045 2169 2061 nos

1604 2076 1726 2099 sublevare
1744 2077 1788 2099 624-
1811 2083 1823 2099 a
1842 2090 1871 2093 ——
1889 2078 1988 2100 caritatis
2006 2077 2117 2100 beneficia
2129 2078 2169 2100 im-

1605 2117 1708 2143 pendunt
1726 2116 1754 2139 ib.
1779 2116 1792 2138 b
1810 2129 1841 2131 ξ
1859 2117 1943 2138 t'aciunt
1963 2117 2061 2139 verbum
2080 2117 2167 2139 bouum

1604 2155 1657 2178 ibid.
1682 2168 1710 2171 ψ-
1733 2156 1817 2178 Εο111111
1844 2155 1982 2178 beneficiun‘i
2007 2162 2050 2178 non
2074 2157 2169 2184 prodest

1604 2195 1679 2216 avaris
1696 2193 1749 2217 ibid.
1768 2195 1813 2216 625
1828 2194 1843 2216 ‘a

1653 2246 1680 2248 —
1692 2233 1824 2255 desiderant
1834 2234 1996 2261 perfectionem
2007 2234 2105 2256 civitatis
2117 2241 2167 2256 cac-

1604 2273 1664 2294 103113
1681 2273 1725 2294 690
1744 2279 1755 2294 a
1773 2286 1803 2288 —
1821 2273 1918 2300 diligunt
1940 2274 2036 2295 salutem
2063 2274 2166 2295 omnium

1604 2312 1723 2333 hominum
1742 2313 1786 2334 619
1804 2318 1816 2333 a
1834 2324 1864 2328 —
1876 2313 2004 2339 specialiter
2016 2313 2114 2340 diligunt
2126 2314 2167 2335 hu-

1604 2351 1680 2378 miles,
1694 2350 1754 2373 bono
1770 2351 1847 2373 studio
1861 2351 2013 2379 invigilantes,
2031 2352 2165 2374 munditiam

1603 2393 1721 2411 servantes
1738 2393 1760 2412 et
1776 2390 1799 2412 in
1817 2389 1962 2412 tribulatione
1982 2391 2094 2418 patientes
2113 2390 2167 2413 ibid.

1603 2441 1633 2444 —
1650 2429 1752 2456 gaudent
1777 2430 1806 2451 de
1828 2429 1900 2451 salute
1927 2430 2054 2456 peccatoris
2071 2432 2166 2457 propter

1604 2467 1777 2490 benevolentiae
1794 2471 1816 2490 et
1833 2468 1932 2490 caritatis
1955 2468 2110 2495 latitudinem,
2128 2475 2166 2490 an-

1603 2507 1667 2534 gelici
1686 2513 1753 2529 casus
1770 2508 1972 2534 restaurationem,
1996 2508 2091 2535 praemii
2109 2508 2165 2530 aeci-

1602 2546 1700 2568 dentalis
1726 2547 1938 2574 augmentationem
1957 2547 2001 2568 369
2025 2553 2036 2568 a
2059 2559 2088 2562 —
2112 2553 2166 2574 gau-

1602 2585 1656 2607 dent
1673 2586 1702 2607 de
1719 2586 1819 2608 hominis
1836 2586 1920 2612 salute,
1938 2586 1978 2608 sed
1991 2592 2036 2607 non
2049 2586 2166 2608 tristantur

1602 2625 1631 2646 de
1654 2625 1703 2646 eius
1728 2625 1875 2647 damnatione
1898 2624 1926 2647 ib.
1952 2624 1967 2646 0
1992 2637 2022 2640 -
2047 2624 2076 2646 de
2103 2625 2165 2647 nullo

1602 2666 1689 2685 tantum
1709 2664 1836 2690 trIstantur,
1858 2667 1969 2692 quantum
1988 2663 2016 2686 de
2028 2669 2081 2686 casu
2095 2663 2166 2686 bono-

1601 2708 1652 2724 rum
1677 2703 1796 2724 hominum
1820 2703 1864 2724 629
1888 2709 1899 2724 a
1918 2715 1945 2718 -—
1964 2705 2045 2725 curant
2066 2709 2113 2724 non
2136 2703 2164 2725 de

1601 2740 1683 2767 rebus,
1701 2741 1741 2763 sed
1760 2741 1789 2763 de
1806 2741 1928 2763 animabus
1945 2741 1999 2764 ibid.

1648 2792 1679 2796 —
1696 2780 1801 2802 videntes
1822 2780 1936 2802 Christum
1962 2780 2163 2808 sanguinolentum

1602 2818 1713 2841 mirantur
1731 2819 1775 2841 274
1794 2819 1808 2841 0
1825 2832 1856 2835 -
1874 2820 1957 2841 Eorum
1976 2819 1998 2841 in
2023 2819 2106 2842 Christi
2127 2825 2164 2841 na-

1602 2857 1687 2880 tivitate
1712 2858 1814 2886 claritas,
1841 2858 1994 2886 familiaritas,
2022 2858 2163 2886 praedicatio

1600 2899 1622 2918 et
1640 2897 1689 2918 laus
1710 2897 1751 2919 123
1769 2903 1782 2919 a

1650 2948 1677 2951 —
1694 2936 1782 2963 Angelo
1800 2942 1846 2958 non
1869 2936 2022 2958 conveniebat
2047 2942 2096 2958 esse
2119 2942 2163 2958 nie-

1600 2974 1713 2997 diatorem
1740 2975 1797 2997 inter
1822 2981 1864 2997 nos
1886 2979 1908 2997 et
1925 2976 1997 2997 Deum
2016 2975 2044 2997 27
2063 2975 2086 2997 b.
2104 2976 2131 2997 28
2149 2981 2162 2996 a
