2269 3448
392 188 431 216 [18
1144 185 1357 214 DissEtiTATto
1379 185 1408 213 ll.

391 266 513 295 voluisse
533 266 694 295 electionem
716 265 750 294 ab
771 273 857 299 anno,
878 273 934 302 quo
962 265 1156 293 Bonaventura
1182 264 1243 292 bac-

391 314 539 342 calaureus
560 313 648 341 factus
669 317 725 344 est;
749 316 814 341 tunc
835 312 907 341 enim
936 320 1000 340 vere
1025 315 1105 340 erant
1125 311 1178 339 Xll.
1201 310 1245 339 vel

393 361 457 389 Xlll.
479 360 559 395 anni;
582 361 623 388 vel
654 359 825 388 Bernardiim
851 359 994 395 scripsisse
1016 366 1081 387 vere
1102 358 1178 386 XVll.
1202 357 1244 386 vel

392 408 481 441 xviii,
507 408 553 436 sed
578 407 684 436 incuria
705 407 881 435 amanuensis
909 406 1015 442 antiqui
1041 413 1191 434 numerum
1222 405 1245 432 V

393 459 488 492 postea
509 455 593 483 fuisse
615 454 764 487 omissum,
786 457 812 482 et
838 453 901 482 inde
922 461 1034 486 omnes,
1057 453 1103 489 qui
1127 452 1244 481 Bernar-

392 502 458 530 dum
481 505 682 538 sequerentur,
704 501 731 529 111
754 500 872 529 eundem
894 508 1019 529 errorem
1043 499 1178 527 incidisse.
1201 499 1245 527 Ni-

394 548 432 577 hil
456 549 507 577 hoc
529 556 625 577 errore
647 548 766 580 facilius,
788 547 861 584 quod
883 546 1014 575 accidisse
1043 546 1125 574 tantis
1151 553 1245 574 exem-

397 595 449 632 plis
469 595 619 623 ostendunt
640 594 809 630 chronologi.
832 594 885 622 Hoc
918 593 988 621 idem
1011 593 1141 621 Sbaralea
1154 594 1172 626 ¹,
1196 593 1245 621 Bo-

396 642 459 670 nelli
473 642 493 675 ²,
517 641 618 669 Pansslo
629 642 650 674 ³,
672 644 765 669 noster
796 640 908 668 editor⁴²
929 640 1131 668 Chronicorum
1165 640 1245 667 XXIV

394 689 569 717 Generalinm
594 696 646 716 non
669 688 727 716 sine
749 687 839 724 specie
861 694 975 724 magnae
990 686 1246 715 verosimilitudinis

393 738 460 764 sunt
481 735 620 772 suspicati.

473 782 499 810 3.
524 782 586 810 Erat
609 789 692 818 porro
714 785 780 809 tunc-
802 781 994 809 Bonaventura
1019 780 1116 808 aetatis
1138 780 1174 809 36
1197 788 1245 808 an-

394 836 511 861 norum,
534 836 596 856 eum
621 828 758 856 Parisios⁵
781 827 896 855 nuntius
924 827 984 855 eius
1015 826 1156 855 electionis
1185 835 1247 863 per-

396 875 511 904 venerit.
534 875 590 903 Non
624 875 711 903 multo
744 878 804 911 post
836 882 924 902 novus
955 874 1078 902 Minister
1110 874 1247 910 generalis

398 923 447 951 has
469 922 574 950 litteras
604 921 678 950 dedit
709 921 741 949 ad
764 929 860 949 omnes
883 921 1021 949 Ministros
1048 924 1075 949 et
1096 920 1243 949 Custodes:

400 981 413 994 «ι
431 969 532 997 ...Licet
554 969 776 997 insufficientiam
800 976 887 996 meam
910 968 941 996 ad
971 968 1115 996 ferendum
1148 976 1246 996 onus...

396 1017 468 1045 Hanc
490 1019 581 1044 antem
606 1016 752 1052 Epistolam
777 1015 827 1051 legi
860 1015 887 1043 111
917 1015 1033 1052 singulis
1061 1015 1248 1043 Convventibus

395 1067 503 1092 vestrae
526 1063 683 1091 Provinciae
704 1063 830 1091 faciatis⁶
846 1074 873 1090 ».
898 1062 957 1090 Fuit
980 1063 1031 1090 hoc
1054 1062 1093 1090 tx.
1117 1062 1171 1090 kal.
1188 1062 1246 1090 Maii

395 1111 518 1139 eiusdem
541 1119 584 1138 an.
610 1111 693 1143 1257,
717 1113 747 1138 ut
770 1110 930 1146 praeclarus
958 1109 1114 1137 annalista⁷
1137 1109 1248 1137 Ordinis

395 1157 476 1186 dicit:
503 1169 516 1181 «
532 1158 696 1194 sequentem
719 1156 793 1185 dedit
814 1156 847 1184 ad
870 1157 1015 1185 universos
1037 1156 1148 1184 Ordinis
1170 1164 1249 1192 prae-

397 1204 466 1233 latos
487 1204 646 1240 epistolam,
676 1211 758 1240 quam
791 1203 841 1231 etsi
873 1203 1053 1240 antiquorum
1088 1206 1247 1231 nostrorum

396 1255 641 1279 monumentorum
675 1251 794 1278 habeant
825 1250 944 1283 codices,
976 1254 1002 1278 et
1034 1250 1248 1278 circumferatur

397 1298 468 1326 inter
491 1298 542 1326 viri
565 1298 650 1326 sancti
673 1298 823 1333 opuscula,
846 1297 921 1325 solus
943 1301 1033 1326 tamen
1058 1297 1154 1325 Petrus
1175 1296 1249 1325 Gale-

397 1345 485 1373 sinius
507 1345 597 1373 locum
620 1348 646 1372 et
668 1348 778 1380 tempus
803 1344 960 1380 scriptionis
981 1343 1128 1377 notavit»,
1150 1343 1175 1372 id
1198 1347 1248 1376 est,

402 1391 527 1419 «Datum
552 1391 671 1419 Parisius
693 1399 764 1419 anno
797 1391 902 1418 Domini
929 1392 1002 1419 1257
1025 1391 1052 1418 in
1074 1390 1143 1419 festo
1165 1390 1249 1418 Geor-

397 1438 432 1475 gii
456 1438 631 1474 Martyrisss»
658 1438 706 1473 (⁹23
730 1438 849 1474 Aprilis).

477 1485 532 1513 Non
559 1485 606 1513 diu
640 1488 729 1513 tamen
764 1485 957 1512 bonaventura
983 1484 1091 1512 Parisiis
1119 1484 1248 1520 degebat3

398 1532 506 1569 negotia
528 1532 599 1560 enim
615 1532 770 1568 gravissimi
795 1532 924 1559 momenti
949 1531 1114 1559 revocabant
1136 1539 1198 1559 eum
1221 1530 1248 1558 in

397 1579 510 1607 ltaliam.
533 1580 668 1615 Tempore
689 1578 793 1607 aestivo
814 1586 857 1606 60.
883 1579 966 1611 1257,
988 1578 1140 1606 accersitus
1161 1586 1176 1605 a
1203 1578 1249 1605 Pa-

398 1626 489 1654 tribus
519 1629 546 1654 et
574 1625 664 1654 forsan
695 1625 775 1654 etiam
808 1625 842 1653 ab
874 1624 1030 1653 Alexandro
1057 1624 1185 1652 Pontifice
1208 1624 1249 1657 tv,

397 1673 508 1702 advenit
531 1673 641 1700 Romam
655 1673 674 1706 ⁰,
697 1676 728 1700 ut
749 1680 861 1700 causam
883 1672 969 1708 spinis
990 1672 1121 1700 consitam
1140 1671 1249 1708 praede-

398 1720 516 1748 cessoris
537 1720 578 1748 sui
604 1720 709 1747 loannis
733 1719 886 1747 Parmensis
908 1719 1050 1747 iudicaret.

479 1767 504 1795 4.
527 1767 588 1794 Fuit
610 1766 682 1794 enim
706 1767 756 1794 hoc
779 1770 903 1802 tempore
925 1766 998 1794 Ordo
1015 1766 1121 1803 magnis
1144 1766 1249 1802 procel-

397 1814 431 1842 lis
452 1814 570 1850 agitatus
583 1814 614 1840 ¹⁰.
632 1813 791 1841 iamdudum
808 1813 932 1841 doctrina
947 1813 1054 1841 abbatis
1070 1813 1187 1841 [oachim
1209 1814 1250 1841 in-

399 1864 441 1889 ter
462 1861 571 1888 Fratres
592 1861 710 1888 Minores
733 1860 827 1896 plures
855 1863 934 1888 nacta
955 1863 996 1888 est
1020 1859 1201 1888 adhaerentes
1218 1861 1250 1893 ¹¹,

399 1907 466 1935 adeo
488 1911 519 1935 ut
535 1910 561 1935 et
584 1907 673 1943 ipsum
690 1907 815 1935 loannem
832 1907 865 1935 de
882 1907 977 1934 Parma
996 1906 1028 1934 ad
1051 1914 1079 1935 se
1094 1907 1249 1935 attraxerit.

400 1954 447 1981 Alii
472 1961 537 1981 vero
559 1954 668 1982 Fratres
689 1957 768 1982 erant
787 1957 883 1981 contra
904 1953 1026 1982 eiusdem
1049 1954 1201 1982 doctrinam
1224 1957 1251 1982 et

400 2000 574 2037 prophetias,
598 2004 628 2028 ut
658 2000 850 2029 Bonaventura
866 2000 897 2027 ¹².
927 2000 995 2028 Haec
1024 2000 1154 2028 dissentio
1176 2001 1249 2028 litem

399 2047 433 2075 de
464 2050 627 2083 paupertate
656 2047 741 2083 magis
769 2047 849 2075 etiam
879 2047 1074 2075 exacerbabat.
1104 2047 1249 2083 Postquam

401 2093 513 2121 Ioannes
534 2093 567 2122 de
594 2094 704 2126 Parma,
728 2097 758 2121 ut
786 2093 889 2121 dictum
919 2097 974 2127 est,
997 2093 1099 2121 dimisit
1128 2094 1249 2130 regimen

401 2140 528 2173 Ordinis,
550 2140 742 2168 factio'laxior
764 2140 903 2168 accusavit
931 2148 1011 2173 eum,
1040 2140 1117 2176 quasi
1142 2143 1251 2176 praeter

402 2187 454 2215 alia
476 2187 512 2215 ita
527 2187 635 2215 deditus
650 2191 721 2215 esset
736 2187 876 2215 doctrinae
893 2187 1037 2221 loachimi,
1059 2191 1090 2215 ut
1109 2187 1177 2216 fides
1192 2187 1252 2216 eius

401 2234 427 2262 in
444 2235 487 2262 SS.
504 2234 664 2262 Trinitatem
681 2233 928 2270 [1611611161610113.
947 2235 1015 2263 Vere
1030 2238 1122 2263 autem
1140 2235 1252 2263 [oannes

469 2328 476 2341 ¹
496 2330 701 2357 supplementum,
719 2335 741 2350 v.
760 2329 927 2356 Bonaventura,
951 2334 1005 2356 pag.

402 2371 458 2390 tom.
478 2369 511 2390 tlt.
529 2374 582 2396 pag.
604 2369 637 2390 12.

466 2406 474 2418 ²
493 2407 646 2433 Prodromus,
664 2407 707 2428 col.
726 2406 753 2428 i7
771 2406 839 2435 seqq.

465 2444 473 2457 ³
491 2446 564 2468 Storia
582 2446 755 2473 compendiosa,
774 2446 819 2467 vol.
838 2445 852 2467 1.
873 2451 927 2472 pag.
947 2445 1000 2467 626.

466 2484 475 2497 ⁴¹
495 2485 561 2507 Tom.
580 2486 611 2507 111.
630 2491 683 2513 pag.
703 2485 754 2507 325.

468 2524 476 2536 ⁵
495 2524 526 2546 1111
545 2528 598 2546 tunc
616 2528 676 2547 certe
695 2525 736 2546 fuit
753 2525 927 2551 Bonaventura‚
945 2530 998 2545 cuni
1016 2524 1098 2546 exinde
1116 2524 1183 2551 paulo
1201 2527 1251 2551 post

405 2564 491 2586 litteras
509 2564 637 2591 encyclicas
654 2564 709 2585 infra
727 2563 945 2585 commemorandas
962 2563 991 2585 ad
1010 2566 1083 2585 1011101
1096 2563 1204 2586 Ordinem
1219 2563 1251 2584 sli-

405 2603 517 2630 vulgavit.

466 2641 475 2654 ⁶
493 2643 560 2664 Toni.
580 2643 633 2664 ΥΙΙΙ.
651 2648 704 2670 pag.
723 2642 766 2664 468
787 2648 837 2670 seq.

466 2680 474 2692 ⁷
494 2681 629 2708 Wadding.,
647 2681 752 2708 Annales,
772 2681 800 2702 ad
826 2686 863 2702 au.
890 2680 945 2702 1257
964 2686 986 2702 n.
1005 2680 1028 2707 93
1049 2680 1147 2702 eandem
1166 2680 1251 2708 Episto-

402 2721 449 2742 160]
461 2720 537 2742 1161161
554 2726 648 2748 quoque
665 2719 819 2747 Clironologia
838 2719 1047 2746 historico-legalis,
1064 2725 1122 2746 pag.
1140 2720 1168 2741 20
1186 2725 1251 2747 seqq.

467 2758 475 2771 Β
493 2760 560 2781 Toni.
579 2759 630 2780 Vlll.
650 2765 704 2786 pag.
725 2759 768 2780 1169
788 2758 810 2780 10
828 2758 878 2780 sine.

467 2797 476 2809 ⁹
495 2798 641 2824 Prodromus,
659 2798 701 2819 col.
720 2799 743 2819 2¹
766 2803 831 2825 seqq.

468 2836 487 2849 ¹⁰
504 2836 550 2859 Cfr.
568 2837 660 2863 Pantilo,
678 2837 750 2858 Storia
768 2836 940 2863 compendiosa,
958 2836 1003 2858 vol.
1022 2837 1038 2858 1.
1055 2842 1107 2863 pag.
1126 2837 1170 2858 510
1188 2843 1253 2865 seqq.

469 2876 486 2888 ¹¹
505 2876 549 2898 Ct'r.
569 2876 625 2898 lbid.
645 2882 698 2903 pag.
716 2876 761 2897 605
779 2882 844 2904 seqq.

469 2915 487 2927 ¹⁴²
505 2915 550 2938 Cfr.
568 2915 697 2938 Comment.
715 2915 736 2937 iu
754 2915 882 2937 sententias
900 2918 954 2937 1001,
974 2915 987 2936 1.
1006 2921 1060 2942 pag.
1082 2915 1118 2936 121
1141 2914 1197 2936 dul).
1217 2914 1237 2936 4.

469 2954 488 2966 ¹³
506 2955 640 2981 Wadding„
658 2955 685 2976 ad
702 2961 738 2975 an.
753 2954 812 2976 Ἰ1256
831 2961 852 2976 n.
870 2954 891 2976 (ἱ,
908 2960 981 2982 seqq„
1000 2957 1119 2976 enumerat
1137 2954 1201 2981 plura
1219 2960 1254 2976 ca-

406 2993 452 3020 pita
472 2993 636 3019 accusationis,
654 3000 714 3021 quae
726 2993 846 3015 attinxerat
863 2999 888 3015 ex
902 2993 1001 3014 Mariano
1013 2996 1035 3014 et
1046 2993 1133 3020 Angelo
1146 2992 1253 3019 Clareno;

1035 2328 1089 2355 169;
1112 2329 1238 2350 Bullarium
1246 2346 1252 2355 ,

1301 263 1454 291 adhaerens
1486 262 1537 291 fuit
1567 261 1709 290 doctrinae
1740 260 1847 289 abbatis
1876 260 2010 294 loachim,
2039 263 2153 298 propter

1301 309 1375 346 quod
1396 318 1432 338 ex
1456 312 1534 346 parte
1549 308 1634 337 huius
1649 307 1774 336 factionis
1797 315 1908 344 magnas
1923 310 1964 335 est
1980 315 2077 343 passus
2091 315 2154 344 per-

1301 357 1456 385 secutiones
1471 360 1497 385 et
1513 356 1629 390 multas;
1652 355 1698 383 sed
1721 362 1786 383 vere
1807 362 1918 391 quoque
1940 354 1982 382 vir
2003 354 2107 391 probus
2127 357 2155 383 et

1302 406 1414 432 sanctus
1435 403 1495 432 fuit.
1519 403 1593 431 Patet
1608 403 1659 431 ista
1679 402 1782 438 duplex
1808 409 1852 429 res
1871 409 1906 429 ex
1928 401 2057 430 omnihus
2080 401 2154 429 testi-

1303 450 1402 478 moniis
1416 450 1533 483 coaevis,
1547 458 1596 486 pro
1611 449 1715 486 quibus
1726 456 1801 477 unus
1816 448 1947 485 loquatur
1959 448 2114 476 Salimbene
2128 449 2153 476 ¹:

1307 508 1320 521 «
1337 497 1383 525 1116
1405 497 1541 532 (1060065)
1565 500 1678 533 [11011161
1707 495 1861 524 doctrinam
1889 495 1997 523 abbatis
2020 495 2153 529 loachim,

1302 544 1367 579 quia
1390 543 1471 571 nimis
1492 543 1616 572 adhaesit
1637 543 1717 571 dictis
1742 542 1815 576 suis,
1837 549 1941 570 exosus
1966 541 2018 569 fuit
2039 541 2155 578 quibus-

1303 589 1365 617 dam
1389 589 1520 618 Ministris
1541 592 1568 618 et
1584 589 1670 626 Papae
1691 588 1847 617 Alexandro
1871 588 1912 616 lV.
1934 591 1961 616 et
1983 588 2092 617 Nicolao
2114 588 2154 622 111,

1303 636 1349 673 qui
1373 636 1469 670 ambo,
1499 644 1561 664 cum
1584 639 1676 665 essent
1707 636 1875 669 cardinales,
1904 635 2027 663 fuerunt·
2043 635 2155 663 Ordinis

1303 683 1520 719 gubernatores,
1553 686 1724 720 protectores
1752 686 1779 711 et
1810 685 1996 715 correctores;
2029 685 2056 710 et
2077 682 2155 718 prius

1303 730 1453 767 diligebant
1474 738 1538 758 eum
1562 730 1655 758 intime
1677 730 1749 758 sicut
1770 729 1932 766 semetipsos
1961 732 2074 765 propter
2095 729 2156 757 eius

1304 777 1445 804 scientiam
1467 780 1494 804 61
1508 780 1629 805 sanctam
1654 777 1775 804 vitam».
1799 776 1830 804 Et
1845 776 1916 804 infra
1939 775 2009 804 idem
2026 776 2052 804 2;
2080 775 2155 804 «Νο-

1305 823 1435 856 tandum,
1457 823 1547 860 quod,
1570 823 1699 860 quamvis
1730 823 1844 851 Ioannes
1869 823 1902 851 de
1925 823 2020 851 Parma
2052 823 2155 851 habue-

1306 871 1342 898 rit
1365 871 1466 899 multos
1489 870 1631 899 mordaces
1652 871 1794 899 occasione
1815 870 1957 899 doctrinae
1971 870 2078 898 abbatis
2100 870 2157 898 loa-

1305 918 1394 951 chim,
1418 921 1508 946 tamen
1531 918 1628 946 habuit
1651 918 1768 951 multos,
1790 917 1837 954 qui
1860 925 1923 946 eum
1952 917 2154 946 dilexerunt».

1307 965 1404 993 Eodem
1428 965 1508 993 modo
1530 965 1687 993 Bernardus
1713 965 1746 993 de
1769 965 1849 993 Bessa
1863 965 1889 992 ³:
1917 965 2081 993 «Successit
2102 964 2156 992 fra-

1308 1016 1348 1040 ter
1381 1012 1494 1040 loannes
1517 1012 1687 1045 Parmensis,
1716 1012 1758 1040 vir
1784 1012 1897 1040 scientia
1925 1015 1952 1040 et
1981 1011 2157 1048 religiositate

1309 1060 1485 1096 praeclarus,
1508 1059 1629 1087 maxime
1651 1059 1822 1095 paupertatis
1850 1062 1877 1087 et
1899 1058 2063 1086 humilitatis
2090 1058 2157 1086 ami—

1306 1114 1355 1135 cus
1371 1118 1396 1134 u.
1421 1107 1587 1143 Expressius
1614 1106 1677 1134 alibi
1694 1107 1705 1122 4
1727 1106 1897 1134 Salimbene:
1925 1117 1937 1129 κ
1954 1105 2101 1142 Speculum
2131 1108 2158 1133 et

1306 1154 1450 1190 exemplar
1472 1157 1530 1181 erat
1546 1153 1675 1181 omnibus
1691 1153 1872 1186 intuentibus,
1887 1153 1951 1189 quia
1968 1156 2024 1180 tota
2038 1152 2094 1180 vita
2108 1160 2159 1180 sua

1308 1200 1451 1229 honestate
1472 1204 1499 1228 et
1520 1200 1664 1228 sanctitate
1687 1201 1766 1237 plena
1782 1204 1841 1228 erat
1856 1203 1883 1228 et
1899 1200 2024 1228 moribus
2039 1199 2117 1228 bonis
2132 1201 2159 1227 et

1308 1247 1450 1283 perfectis;
1476 1247 1529 1275 Deo
1551 1248 1623 1275 enim
1646 1251 1673 1276 et
1697 1247 1854 1276 hominibus
1876 1247 2015 1284 gratiosus
2036 1250 2097 1275 erat
2115 1257 2139 1274 ».

1386 1295 1536 1322 Accusatus
1568 1294 1653 1331 igitur
1682 1295 1811 1327 loannes,
1840 1302 1868 1322 se
1896 1293 2041 1322 defendere
2073 1297 2100 1321 et
2132 1293 2157 1321 in

1307 1341 1448 1369 nonnullis
1478 1344 1628 1369 retractare
1656 1341 1759 1369 debuit.
1787 1341 1919 1369 Iudicium
1946 1340 2078 1369 indictum
2108 1340 2160 1368 fuit

1309 1388 1334 1416 10
1355 1388 1550 1416 Monasterium
1573 1387 1658 1416 Castri
1680 1387 1766 1424 plebis
1782 1388 1863 1422 (Citta
1884 1387 1909 1415 di
1934 1387 2023 1421 Pieve)
2045 1387 2071 1415 in
2095 1387 2158 1415 Pro-

1309 1435 1396 1462 vincia
1418 1434 1532 1463 Tusciae
1548 1435 1557 1451 ⁵
1587 1442 1679 1463 coram
1708 1435 1806 1463 Ioanne
1835 1435 1980 1468 Gaietano,
2003 1434 2159 1462 Protectore

1307 1482 1418 1510 Ordinis
1444 1485 1471 1510 et
1499 1482 1629 1510 cardinali
1656 1486 1740 1519 atque
1766 1490 1858 1510 coram
1889 1482 2012 1510 Ministro
2037 1481 2158 1518 generali

1307 1529 1500 1557 Bonaventura
1512 1529 1538 1562 ὃς
1556 1529 1640 1557 refert
1661 1529 1732 1557 enim
1748 1532 1845 1557 auctor
1861 1529 2061 1557 Chronicorum
2078 1528 2157 1557 XXlV

1307 1576 1481 1604 Generalium
1494 1576 1520 1603 ⁷:
1548 1588 1561 1601 ι(
1577 1576 1633 1604 Sub
1654 1576 1749 1604 eodem
1766 1575 1983 1611 (Bonaventura)
1999 1576 2079 1604 etiam
2096 1576 2159 1603 Fra-

1307 1626 1348 1652 ter
1371 1623 1484 1651 Ioannes
1507 1623 1677 1657 Parmensis,
1700 1623 1894 1659 praedecessor
1923 1630 2007 1656 suus,
2034 1630 2082 1659 per
2111 1622 2158 1650 do-

1307 1670 1422 1698 ctrinam
1449 1669 1555 1697 abbatis
1585 1669 1702 1697 {oachim
1735 1669 1766 1697 iit
1794 1669 1992 1705 ‹ieszynatz'one
2021 1668 2157 1705 ftizalz'wn

1307 1720 1469 1753 teiiiporzmz
1491 1716 1638 1752 deceptus,
1661 1724 1753 1744 coram
1768 1716 1879 1744 domino
1896 1716 1993 1744 loanne
2014 1715 2157 1750 Gaietano,

1308 1764 1464 1792 Protectore
1486 1763 1626 1800 praedicto
1645 1766 1672 1791 et
1694 1762 1816 1800 praefato
1834 1763 1958 1791 Generali
1982 1771 2053 1799 quae
2067 1766 2158 1791 astru-

1308 1813 1388 1839 xerat
1415 1810 1562 1839 dedixit».
1591 1812 1658 1838 Ante
1690 1810 1764 1838 hunc
1796 1814 1887 1838 autem
1920 1810 1972 1838 iam
2002 1810 2089 1843 idem,
2112 1809 2158 1838 sed

1309 1858 1404 1886 maiori
1427 1866 1490 1886 cum
1513 1857 1715 1894 specificatione
1730 1857 1879 1893 scripserat
1900 1865 2018 1885 coaevus
2039 1857 2157 1885 Bessass:

1312 1905 1387 1933 «Hic
1408 1905 1502 1932 Frater
1532 1904 1659 1937 1060065,
1688 1908 1833 1941 postquam
1865 1904 2009 1932 absolutus
2040 1904 2092 1932 fuit
2112 1904 2159 1939 (ab

1308 1951 1398 1980 officio
1425 1951 1625 1988 generalatus),
1648 1959 1697 1988 per
1724 1951 1876 1979 doctrinam
1905 1951 2012 1979 abbatis
2040 1951 2158 1979 Ioachim

1308 1999 1440 2034 deceptus
1455 1999 1480 2026 in
1504 1998 1703 2034 tlesiymttz'one
1718 1998 1889 2026 ultiiizorum
1912 2002 2089 2034 tcruporum,
2114 2006 2158 2026 co-

1310 2053 1367 2073 ram
1397 2045 1507 2072 domino
1540 2045 1637 2072 loanne
1666 2044 1810 2077 Gaietano,
1832 2045 1879 2081 qui
1912 2045 2031 2073 habebat
2062 2053 2157 2073 curam

1309 2091 1435 2124 Ordinis,
1458 2092 1542 2119 sancti
1565 2091 1665 2119 Nicolai
1697 2092 1722 2119 in
1751 2091 1868 2120 Carcere
1889 2092 2014 2120 Tulliano
2045 2092 2158 2120 diacono

1309 2139 1439 2167 cardinali
1463 2142 1490 2167 61
1512 2139 1605 2167 Fratre
1629 2138 1835 2172 bonaventura,
1857 2139 1904 2175 qui
1927 2139 1950 2167 ei
1980 2139 2111 2167 successit
2132 2139 2159 2167 in

1309 2185 1399 2214 officio
1421 2186 1574 2219 ministerii,
1591 2194 1661 2222 quae
1679 2189 1849 2219 astruxerat,
1865 2186 1971 2214 dedixit
1986 2198 2010 2213 ».
2036 2186 2158 2214 Retraxit

1309 2289 1348 2312 sed
1368 2295 1447 2311 eorum
1465 2289 1550 2310 veritas
1567 2294 1611 2310 non
1630 2290 1664 2310 est
1681 2287 1843 2315 comprobata;
1863 2287 1917 2316 quia
1935 2293 2012 2316 neque
2029 2287 2158 2310 Salimbeue

1310 2335 1385 2357 neque
1410 2328 1542 2350 Bernartius
1565 2327 1593 2349 de
1616 2327 1643 2349 iis
1665 2327 1798 2355 loquuntur,
1822 2330 1921 2355 utroque
1947 2330 2033 2349 tantum
2057 2327 2157 2353 dicente,

1310 2369 1415 2389 loannem
1440 2367 1460 2388 in
1484 2366 1611 2388 doctrinam
1641 2366 1747 2388 loachimi
1765 2365 1880 2388 incidisse.
1906 2365 1951 2387 Cfr.
1975 2366 2011 2387 Fr.
2038 2365 2103 2393 Luigi
2128 2365 2156 2388 da

1310 2407 1399 2433 Parma,
1418 2407 1468 2428 Vita
1494 2406 1530 2428 del
1554 2406 1622 2427 Beato
1644 2405 1756 2427 Giovanni
1779 2405 1808 2427 da
1832 2406 1920 2431 Parma,
1941 2411 1994 2432 pag.
2013 2405 2049 2431 86,
2066 2408 2113 2427 001.
2132 2405 2157 2433 4;

1309 2452 1363 2473 pag.
1381 2445 1411 2467 04
1428 2452 1494 2474 seqq.
1513 2445 1658 2473 (Quaracclii,
1678 2444 1754 2473 4900).

1373 2484 1379 2496 ¹
1398 2484 1517 2511 Chronicay
1536 2489 1589 2511 pag.
1611 2484 1647 2505 131
1670 2489 1743 2511 seqq.⁷
1762 2482 1800 2505 ubi
1820 2483 1972 2505 minutissime
1997 2484 2064 2505 frater
2082 2483 2158 2504 5611111-

1311 2523 1369 2545 bene
1386 2529 1427 2550 per
1444 2523 1539 2550 longum
1558 2526 1579 2544 et
1596 2523 1666 2544 latum
1687 2522 1826 2550 imaginem,
1849 2522 1915 2544 dotes
1928 2522 2022 2544 eximias
2045 2522 2114 2543 animi
2137 2524 2158 2543 et

1309 2563 1407 2584 vii-uites
1425 2562 1513 2584 loannis
1531 2561 1660 2583 Parmensis
1677 2561 1790 2589 depingit.

1372 2600 1380 2613 ²
1399 2601 1454 2623 lbid.
1474 2607 1525 2628 pag.
1548 2601 1589 2623 132
1608 2607 1657 2629 seq.

1373 2639 1381 2652 ⁸
1399 2640 1505 2662 Analecta
1522 2640 1645 2666 Francisc„
1663 2642 1718 2661 tom.
1737 2640 1769 2661 111.
1787 2645 1841 2667 pag.
1859 2639 1913 2661 697.

1372 2678 1381 2690 '¹
1399 2678 1510 2701 Chronica
1528 2684 1582 2706 pag.
1606 2679 1654 2700 128Δ

1373 2717 1381 2729 ⁵
1399 2718 1428 2739 lta
1447 2717 1582 2745 Wadding„
1599 2717 1627 2739 ad
1646 2723 1682 2739 an.
1701 2717 1760 2739 '1256
1778 2724 1799 2739 n.
1818 2717 1832 2739 5
1850 2723 1914 2745 seqq.

1372 2756 1381 2768 ⁶
1400 2756 1455 2778 lbid.
1473 2763 1495 2778 0.
1514 2757 1539 2778 ti:
1561 2764 1571 2775 ε(
1584 2755 1698 2778 Coniectis
1724 2756 1791 2778 sociis
1808 2756 1830 2778 in
1854 2756 1957 2783 vincula,
1976 2756 2033 2778 ultro
2055 2761 2158 2783 perrexe-

1310 2799 1362 2818 ruut
1379 2796 1496 2817 hominem
1515 2795 1605 2823 inopem
1624 2798 1646 2817 et
1663 2795 1795 2817 mendicum
1814 2796 1939 2822 (10600601)
1953 2798 1975 2816 et
1991 2798 2157 2822 compunctum

1311 2835 1381 2857 corde
1405 2834 1556 2861 monitioni-03
1579 2840 1620 2857 uec
1642 2833 1794 2861 destiterunt,
1818 2833 1890 2857 donec
1911 2833 2029 2863 aenei-alis
2051 2832 2158 2856 Minister

1311 2875 1477 2897 Romal-entium
1496 2872 1625 2895 destinaret
1650 2872 1749 2900 iudices,
1778 2873 1818 2901 qui
1845 2873 1973 2895 Parmensis
1998 2875 2047 2894 acta
2073 2872 2157 2900 disqui-

1310 2916 1387 2936 rerent
1399 2922 1420 2934 11.

1374 2952 1382 2964 ⁷
1400 2953 1505 2974 Analecta
1524 2952 1645 2978 Francisc,y
1663 2954 1718 2974 toni.
1740 2952 1770 2974 111.
1789 2958 1843 2980 pag.
1861 2952 1914 2974 3:30.

1374 2990 1382 3003 Β
1401 2991 1457 3013 lbid.
1476 2997 1529 3018 pag.
1548 2991 1670 3012 698-699.
