2269 3448
390 195 443 222 150

639 233 690 255 PAS

385 284 416 289 -
435 273 455 294 ln
480 272 581 300 paschali
604 274 709 299 tempore
735 270 849 294 debemus
872 274 951 293 vetera

386 315 479 339 peccata
498 311 597 333 abiicere
614 314 637 333 et
653 317 727 333 novas
744 311 840 333 v1rtutes
858 311 953 333 induere

385 350 440 373 ibid.
456 363 487 367 —
505 351 567 373 Multi
583 350 699 373 Christum
718 350 755 372 die
777 351 876 373 Paschae
898 356 951 372 cum

386 390 472 419 gaudio
490 390 626 417 suscipiunt,
644 393 666 412 et
683 393 735 417 post
751 390 837 412 Pascha
854 389 883 411 ad
902 394 953 417 pec-

385 433 461 452 catum
488 430 586 453 redeunt
611 429 655 451 303
674 428 689 451 b
707 441 737 445 —
755 428 813 451 Vide
838 429 906 451 etiam
926 429 952 451 V.

385 468 543 492 Resurrectio.

434 509 516 530 Passan
533 520 563 524 —
580 507 720 530 offerebatur
746 507 767 530 in
793 507 952 535 purificatione

385 548 470 576 leprosi
488 547 533 570 647
551 547 566 570 b

434 588 509 610 ΡΑεειο
526 599 556 603 -
575 588 597 609 111
615 587 723 614 passione
741 588 901 608 consummata
918 588 952 608 est

385 627 530 654 confidentia,
548 626 667 654 patientia,
685 625 856 653 perseverantia
873 625 918 647 356
937 624 952 646 b

385 678 416 683 --
434 666 524 688 Maioris
542 665 633 688 virtutis
650 668 684 687 est
701 665 730 687 de
753 665 883 686 infirmitate
905 670 952 686 cor-

384 706 449 734 poris
466 706 609 733 triumphare
626 710 696 733 quam
710 704 739 726 ab
751 710 777 726 ea
789 703 892 732 superari
908 704 951 726 r13⁴2.

385 751 397 767 a
415 757 445 761 —
463 746 521 767 lnter
539 744 670 772 passionem
682 747 703 766 et
715 744 900 771 compassionem
914 743 952 766 de-

385 784 424 806 bet
440 790 489 806 esse
508 784 626 812 proportio
645 784 689 805 228
707 789 718 805 3

431 835 462 840 —-
480 823 501 845 Si
528 823 625 845 multum
651 823 753 851 patimur
778 828 820 850 pro
846 828 951 849 corpore,

385 862 498 885 debemus
516 869 543 885 eo
561 862 636 890 magis
649 862 746 884 multum
761 861 806 889 pati
820 867 862 889 pro
874 861 950 883 anima

384 901 425 924 531
448 900 462 923 b
479 914 510 917 -—
529 900 690 929 improbantur
707 900 836 927 Christiani,
852 900 950 929 quinon

384 941 464 963 volunt
482 941 528 968 pati
546 946 588 968 pro
605 939 695 963 Christo
720 946 780 968 quae
802 939 867 961 multi
891 939 950 967 passi

384 982 437 1002 sunt
455 986 497 1008 pro
515 980 603 1002 mundo
621 979 666 1002 554
680 979 694 1001 b
706 992 736 996 —
748 979 883 1007 Exemplum
896 977 951 1001 ibid.

383 1031 414 1035 —
431 1019 475 1047 Qui
492 1018 661 1041 tribulationem
675 1018 793 1046 patiuntur
806 1024 849 1046 pro
861 1017 950 1040 Christo

383 1059 490 1081 lavantur
507 1059 529 1080 in
546 1059 659 1086 sanguine
675 1058 726 1080 eius
742 1058 787 1080 727
806 1057 821 1080 b

432 1098 519 1120 PAs'ron
530 1111 561 1114 —
573 1098 608 1120 Ad
621 1097 707 1120 bonum
724 1099 839 1125 pastorem
853 1097 951 1125 pertinet

384 1143 439 1166 erga
452 1144 548 1165 gregem
562 1137 648 1160 habere
660 1138 836 1160 sollicitudinem
855 1137 949 1165 vigilan-

384 1177 435 1204 tiae,
458 1177 565 1199 afsectum
589 1177 769 1205 benevolentiae,
787 1177 949 1199 discretionem

383 1217 520 1245 prudentiae
533 1216 578 1238 294
590 1223 601 1238 3
617 1229 646 1232 —-
665 1216 741 1238 bonus
758 1222 803 1238 non
822 1219 896 1244 potest
913 1217 949 1238 113-

384 1255 439 1278 bere
457 1256 567 1278 maiorem
591 1256 736 1278 dilectionem
760 1261 816 1283 erga
839 1261 949 1283 gregem,

383 1301 453 1324 quam
467 1298 491 1317 ut
503 1301 546 1323 pro
559 1301 586 1317 eo
598 1301 683 1322 corpus
702 1295 768 1316 morti
783 1299 882 1322 exponat
894 1293 948 1317 ibid.

381 1347 413 1351 —
431 1335 526 1357 mittitur
543 1335 572 1357 ad
590 1340 686 1362 gregem
702 1334 838 1362 dissipatum
852 1335 876 1356 61
893 1341 905 1356 3
918 1347 949 1350 —-

382 1374 435 1402 pius
447 1380 520 1401 agnos
532 1374 644 1396 invalidos
657 1376 733 1401 portat
749 1373 771 1395 in
789 1373 865 1396 sinum
879 1377 901 1396 et
912 1380 949 1396 va-

382 1413 440 1436 lidos
457 1413 510 1436 sinit
525 1413 589 1435 abire
607 1413 647 1435 35i
671 1412 685 1434 b

431 1465 459 1468 —-
478 1453 525 1474 Non
543 1455 577 1475 est
594 1452 691 1475 idoneus
707 1452 760 1480 eligi
778 1452 800 1474 in
823 1455 949 1480 pastorem,

382 1492 425 1514 nisi
442 1492 470 1515 sit
487 1494 562 1514 tantae
579 1492 686 1519 iustitiae,
703 1494 728 1514 ut
749 1491 860 1520 iniquitati
885 1498 949 1520 prae-

382 1532 452 1560 eligat
470 1534 568 1554 mortem
586 1532 630 1554 516
649 1531 664 1553 b
681 1543 712 1548 --
725 1531 794 1554 debet
805 1537 855 1553 esse
867 1537 948 1559 purus,

382 1571 435 1599 pius
452 1574 474 1593 et
492 1571 538 1593 Deo
556 1571 728 1593 conciliatuset
740 1571 891 1592 reconcihans
903 1571 944 1592 301

382 1610 397 1633 b
414 1623 445 1627 —
462 1611 558 1640 quilibet
575 1610 645 1633 debet
656 1610 742 1632 habere
755 1610 863 1633 iustitiam
875 1612 898 1632 et
910 1610 949 1632 mi-

381 1650 530 1673 sericordiam
549 1651 593 1673 303
611 1657 623 1672 3
641 1662 672 1667 --
689 1650 724 1672 1110
741 1650 862 1678 diiigenter
879 1655 947 1672 suum

382 1690 483 1712 officium
501 1692 602 1718 excrcet,
621 1690 661 1718 qui
679 1696 719 1712 sna
737 1689 844 1711 animalia
865 1689 948 1716 erudit,

382 1729 462 1757 pascit,
479 1729 580 1751 custodit
597 1728 642 1751 294
659 1735 671 1750 3

429 1781 459 1785 -
477 1775 522 1791 11011
540 1768 626 1791 debent
651 1767 798 1790 subditorum
824 1768 947 1796 pecuniam

384 1811 528 1836 extorquere,
546 1808 586 1830 sed
604 1808 692 1830 animas
709 1807 807 1830 liberare
825 1808 869 1829 300
887 1814 899 1830 3
917 1820 947 1824 -

381 1847 476 1875 Propter
493 1853 574 1869 eorum
592 1847 685 1875 culpam
702 1853 759 1869 oves
770 1853 839 1875 saepe
852 1847 948 1869 veniunt

381 1887 409 1909 ad
436 1886 564 1914 periculum
591 1886 672 1908 mortis
697 1889 804 1908 aeternae
822 1887 866 1908 302
885 1886 900 1908 1)
916 1899 947 1902 -

381 1925 442 1948 Oves
459 1926 563 1954 perditae
580 1926 730 1954 requiruntur
747 1926 775 1959 de
789 1932 857 1948 mauu
871 1928 947 1953 pasto-

380 1971 432 1988 rum
451 1964 505 1988 ibid.
521 1977 552 1982 ——
570 1965 644 1988 bonus
662 1965 715 1988 vide
729 1966 755 1987 V.
768 1965 877 1989 Christus
890 1972 911 1988 n.
925 1966 947 1987 6.

427 2017 458 2021 -
475 2004 617 2027 Describitur
634 2008 754 2032 pastorum
772 2005 796 2027 in
813 2004 895 2028 Christi
910 2011 947 2027 na-

380 2044 467 2066 tivitate
479 2044 621 2072 simplicitas,
634 2044 771 2072 iucunditas,
783 2044 912 2067 sollicitudo
925 2047 947 2066 et

380 2083 473 2106 devotio
491 2084 535 2105 423
553 2090 565 2106 3
583 2096 614 2100 -
631 2084 825 2106 commendantur
837 2090 848 2105 a
867 2084 946 2106 sollici-

380 2123 459 2145 tudine
477 2123 637 2151 inquisitionis,
650 2123 786 2145 certitudine
798 2123 945 2150 inventionis,

380 2162 520 2190 gratitudine
536 2162 665 2184 devotionis
682 2162 725 2184 124
738 2168 750 2184 3
764 2174 792 2178 —-
805 2162 946 2184 Describitur

380 2204 498 2230 pastorum
513 2202 604 2223 fervens
615 2201 708 2223 devotio
722 2201 847 2224 consistens
860 2201 882 2223 in
894 2208 946 2229 pro-

380 2240 454 2268 posito
472 2240 541 2263 eundi
559 2243 581 2262 et
597 2240 620 2262 in
638 2240 754 2263 desiderio
772 2240 887 2263 Christum
906 2247 946 2262 na-

379 2282 428 2302 tum
446 2280 540 2302 videndi
560 2280 603 2302 402
620 2286 640 2307 a,
659 2279 673 2301 b

427 2331 457 2335 —
474 2319 523 2341 sine
541 2325 604 2341 mora
623 2319 741 2341 inveniunt
752 2319 877 2347 Christum,
891 2320 945 2348 quia

379 2364 425 2380 non
444 2358 495 2380 ficta
513 2359 557 2381 tide
574 2361 670 2381 currunt
687 2358 767 2381 videre
783 2359 847 2387 quod
868 2359 945 2381 audie·

379 2400 433 2420 runt
450 2398 494 2419 402
512 2397 526 2419 11
544 2410 574 2414 -
592 2398 722 2420 habuerunt
741 2398 810 2420 sidem
828 2398 944 2425 caelicam,

381 2437 492 2463 vividam,
510 2437 626 2465 devotam⁷
643 2436 755 2465 sobriam,
777 2438 945 2465 perspicacem.

378 2476 518 2504 religiosam,
536 2476 625 2503 plenam
645 2476 725 2503 gratia,
747 2476 838 2503 fiducia,
861 2477 944 2499 laetitia

382 2515 425 2537 124
442 2521 454 2537 3
472 2527 503 2531 -
519 2515 651 2538 Ostenditur
669 2521 749 2537 eorum
770 2515 808 2543 pia
831 2516 943 2538 consessio

379 2554 456 2583 quoad
475 2555 600 2577 Salvatoris
612 2554 799 2582 incarnationem,
811 2555 945 2577 incarnatio-

379 2594 415 2616 nis
432 2597 550 2616 auctorem
568 2597 590 2616 et
607 2594 716 2616 incarnati
738 2594 880 2616 nativitatem
900 2595 943 2616 402

380 2632 401 2654 b.
422 2633 465 2655 103
483 2639 503 2660 a,
521 2632 535 2654 b

427 2672 498 2694 ΡΑΤΕΗ
515 2684 546 2688 -
563 2672 634 2694 reficit
657 2672 728 2694 filium
752 2671 803 2694 cibo
829 2673 944 2700 corporali

380 2711 424 2733 379
442 2711 457 2733 b
469 2724 499 2727 —
511 2711 674 2733 Paterfamilias
691 2718 736 2733 non
752 2712 869 2740 permittit,
883 2712 944 2734 fami-

379 2750 431 2772 liam
450 2756 515 2772 suam
530 2750 588 2772 mori
601 2751 660 2772 same
673 2750 716 2772 478
730 2750 744 2772 b
756 2763 785 2767 —
798 2751 841 2779 Qui
854 2754 943 2779 patrem

379 2795 446 2811 suum
471 2789 592 2811 inhonorat
609 2790 738 2818 assequitur
756 2790 941 2812 maledictionem

379 2828 424 2849 685
442 2827 457 2849 b

426 2879 455 2882 »-
474 2867 494 2889 111
514 2867 584 2889 limbo
602 2868 724 2890 existentes
744 2874 816 2896 quare
838 2869 943 2891 dicantur

379 2906 439 2927 caeci
458 2909 479 2927 ct
496 2907 571 2928 claudi
590 2906 617 2928 48
636 2913 648 2928 a
661 2919 691 2924 —
703 2908 894 2930 desideraverunt
905 2908 943 2930 ad-

379 2947 473 2966 ventum
491 2945 572 2968 Christi
591 2952 617 2968 ex
634 2946 816 2969 consideratione
838 2947 943 2969 miseriae

379 2982 512 3011 iniquilatis,
530 2985 674 3012 infirmitatis,
691 2986 813 3014 caecitatis,
826 2986 942 3014 captivita-

986 272 1014 294 tis
1032 272 1060 293 56
1078 278 1091 293 a
1108 284 1139 288 —
1155 274 1220 294 erant
1236 272 1258 294 in
1276 271 1347 294 limbo
1365 272 1432 300 positi
1451 272 1517 300 quasi
1530 272 1551 293 in

986 317 1078 334 carcere
1095 311 1220 338 teterrimo,
1237 317 1283 333 non
1307 310 1426 338 habentes,
1449 311 1511 333 unde
1527 317 1553 333 se

986 351 1127 373 redimerent
1144 351 1189 372 273
1202 350 1217 372 b
1230 363 1259 367 —
1272 351 1323 373 ideo
1335 350 1403 373 valde
1414 350 1552 372 anhelabant

986 390 1068 413 Christi
1080 390 1272 412 resurrectionem
1286 389 1340 412 ibid.
1350 403 1379 405 —
1388 389 1553 412 desiderabant

986 430 1111 452 adventum
1130 429 1213 452 Christi
1230 432 1325 457 propter
1342 431 1430 457 septem
1448 429 1552 451 desectus

986 475 1012 491 ex
1030 469 1096 496 culpa
1114 469 1220 496 originali
1238 471 1366 491 contractos
1383 468 1412 491 50
1432 467 1446 489 b

1032 520 1063 524 --
1080 514 1106 530 ex
1125 508 1206 536 triplici
1224 508 1311 530 ratione
1328 507 1396 529 avide
1408 509 1430 528 et
1442 513 1495 528 cum
1508 507 1552 529 sin·

986 548 1080 569 ceritate
1096 547 1267 573 desiderabant,
1284 546 1365 568 Filium
1383 546 1424 568 Dei
1438 546 1550 568 incarnari

986 587 1014 608 28
1033 585 1048 608 b
1066 598 1096 603 —
1108 585 1273 609 desiderabant
1284 585 1365 607 videre
1376 584 1458 607 Christi
1472 586 1550 607 huma-

986 626 1080 648 nitatem
1098 625 1126 647 48
1144 625 1159 647 b
1177 637 1207 641 —
1219 631 1301 653 preces
1313 624 1496 652 multiplicabant
1508 630 1550 652 pro

985 665 1100 687 adventus
1114 664 1196 687 Christi
1213 664 1379 686 acceleratione
1390 663 1419 685 27
1432 669 1443 685 3
1457 676 1485 679 —
1498 663 1551 685 affli-

985 703 1100 732 gebantur
1117 710 1143 726 ex
1161 703 1254 726 divinae
1270 702 1431 731 promissionis
1442 702 1551 724 dilatione

985 742 1040 766 ibid.

1032 795 1062 799 —
1074 782 1163 805 Christo
1175 782 1311 804 adveniente
1323 782 1345 804 in
1358 781 1463 809 limbum,
1472 784 1552 809 aperte

985 823 1059 845 lucem
1078 822 1206 844 Divinitatis
1218 821 1326 844 viderunt
1337 821 1366 843 48
1379 827 1390 843 3
1403 833 1433 837 -
1445 822 1468 843 111
1481 820 1551 843 limbo

985 861 1072 884 liberati
1091 865 1144 884 sunt
1159 867 1201 889 per
1219 861 1357 889 sanguinem
1374 860 1457 883 Christi
1475 859 1529 883 ibid.

1032 913 1062 917 ——
1079 903 1186 923 aeternus
1203 901 1257 923 vide
1275 901 1301 922 V.
1322 900 1433 923 Trinitas.

1033 942 1157 963 ΡΑτ11111111111
1174 953 1205 957 -
1222 941 1300 963 Nullus
1312 940 1400 963 accedit
1413 939 1509 963 libenter
1522 940 1550 962 ad

986 981 1113 1009 patibulum
1132 981 1177 1003 540
1195 987 1207 1003 3

1033 1021 1151 1043 Parim-ria
1164 1033 1190 1036 -—
1204 1023 1237 1042 est
1249 1020 1418 1048 purgatorium,
1430 1020 1492 1048 quod
1506 1019 1551 1041 ani-

985 1066 1046 1082 mam
1065 1060 1171 1087 purificat
1188 1059 1233 1082 534
1251 1059 1265 1081 b
1284 1072 1312 1075 —
1331 1060 1372 1081 Per
1393 1059 1466 1086 ipsam
1491 1059 1550 1080 mala

985 1100 1110 1121 tolerantur
1127 1099 1186 1121 illata
1206 1099 1250 1120 445
1268 1098 1282 1120 b
1300 1111 1330 1114 —
1349 1098 1448 1120 Victoria
1460 1104 1502 1126 per
1513 1104 1551 1126 pa-

984 1139 1086 1161 tientiam
1105 1141 1138 1160 est
1155 1138 1319 1166 gloriosissima
1342 1138 1382 1159 139
1400 1143 1412 1159 3
1431 1149 1461 1153 -
1478 1137 1550 1160 Minor

984 1180 1018 1200 est
1030 1178 1110 1205 virtus,
1123 1184 1193 1206 quam
1206 1177 1312 1205 patientia
1326 1183 1371 1199 non
1385 1178 1468 1199 format
1480 1177 1524 1199 569
1537 1183 1549 1199 a

984 1229 1014 1233 —
1032 1217 1156 1245 impeditur
1174 1223 1214 1244 per
1232 1216 1351 1239 avaritiam
1370 1217 1414 1238 288
1433 1222 1445 1238 a

1030 1268 1061 1272 ——
1079 1256 1166 1278 Patiens
1183 1262 1252 1278 verus
1264 1262 1309 1278 non
1322 1255 1391 1278 debet
1404 1261 1550 1278 murmurare

984 1297 1005 1318 in
1023 1296 1102 1323 corde,
1118 1302 1165 1318 non
1182 1295 1276 1324 obloqui
1295 1295 1317 1317 in
1340 1301 1387 1322 ore,
1413 1301 1455 1317 nec
1480 1301 1550 1323 repu-

983 1341 1055 1363 gnare
1078 1336 1099 1357 in
1126 1341 1196 1363 opere
1219 1336 1263 1357 296
1282 1341 1294 1357 3
1312 1347 1342 1351 -
1359 1335 1407 1357 Non
1425 1341 1550 1362 possumus

984 1381 1035 1397 esse
1052 1375 1163 1403 patientes
1180 1374 1223 1396 nisi
1241 1375 1350 1402 patiendo
1368 1374 1412 1396 639
1431 1380 1443 1396 a
1460 1386 1491 1390 —
1503 1380 1548 1396 non

984 1417 1059 1442 potest
1076 1420 1127 1436 esse
1144 1414 1192 1436 sine
1210 1414 1337 1436 humilitate
1348 1413 1394 1436 285
1406 1413 1421 1435 b
1435 1426 1463 1429 ——-
1476 1413 1549 1435 Homo

984 1453 1053 1476 debet
1069 1460 1120 1476 esse
1145 1454 1166 1475 in
1189 1453 1297 1481 patientia
1323 1453 1437 1481 plantatus
1456 1455 1479 1475 et
1503 1459 1549 1475 non

983 1496 1043 1516 stare
1060 1494 1081 1515 in
1097 1493 1220 1521 patientiae
1232 1493 1301 1514 initiis
1312 1492 1366 1515 ibid.
1379 1505 1408 1509 —
1421 1493 1443 1515 ln
1457 1498 1549 1520 prospe-

983 1533 1049 1555 ritate
1066 1533 1130 1555 multi
1144 1532 1252 1554 videntur
1265 1532 1383 1560 patientes,
1395 1532 1435 1560 qui
1448 1538 1490 1560 pro
1503 1537 1549 1553 mo-

983 1572 1035 1594 dico
1048 1572 1177 1594 efficiuntur
1190 1571 1334 1599 impatientes
1346 1571 1391 1593 299
1405 1577 1417 1593 3
1432 1583 1461 1586 -
1475 1571 1549 1599 Saepe

983 1612 1088 1634 homines
1105 1614 1157 1634 sunt
1176 1612 1287 1639 patientes
1305 1611 1327 1633 in
1345 1610 1423 1633 verbis
1435 1614 1457 1633 et
1469 1617 1513 1633 non
1527 1611 1548 1633 in

984 1651 1047 1674 sactis
1066 1652 1109 1674 1139
1127 1657 1139 1673 3

1030 1704 1060 1706 -
1078 1697 1171 1719 semper
1194 1690 1299 1713 habenda
1323 1693 1358 1713 est
1376 1690 1419 1712 472
1437 1696 1449 1712 3
1466 1703 1496 1705 -
1515 1692 1549 1712 est

982 1730 1118 1756 necessaria,
1136 1730 1235 1752 maxime
1253 1730 1273 1752 in
1292 1733 1396 1757 tempore
1408 1729 1548 1751 necessitatis

982 1772 1004 1792 et
1021 1770 1166 1792 adversitatis
1183 1770 1228 1791 299
1246 1776 1257 1791 3
1276 1782 1305 1785 —
1324 1769 1423 1791 maxime
1447 1775 1548 1791 necessa-

981 1809 1015 1831 ria
1031 1812 1065 1831 est
1083 1809 1103 1831 in
1122 1809 1244 1831 afflictione
1267 1812 1289 1831 et
1313 1809 1446 1831 contusione
1472 1809 1516 1830 569
1535 1814 1547 1830 3

981 1861 1012 1864 --
1030 1849 1051 1870 ln
1074 1849 1128 1876 igne
1153 1848 1275 1876 patientiae
1300 1848 1354 1870 boni
1380 1848 1509 1876 probantur
1526 1850 1548 1870 et

982 1888 1035 1910 mali
1053 1891 1222 1910 consumuntur
1239 1887 1293 1910 ibid.
1312 1900 1341 1903 —
1360 1888 1448 1909 Patiens
1472 1887 1493 1909 in
1511 1887 1547 1909 tri-

981 1927 1098 1949 bulatione
1115 1927 1226 1955 probatur
1243 1928 1301 1949 sicut
1319 1927 1406 1949 bonum
1424 1933 1506 1949 aurum
1524 1927 1545 1948 in

980 1967 1037 1999 igne
1053 1966 1096 1989 486
1115 1966 1129 1989 b
1147 1979 1177 1982 ——
1194 1966 1216 1988 in
1234 1966 1379 1989 tribulatione
1397 1967 1460 1994 viget
1472 1967 1518 1988 285
1531 1966 1546 1988 b

980 2019 1011 2022 -
1028 2006 1161 2028 Patientiam
1180 2005 1293 2028 debemus
1305 2005 1398 2033 habere,
1410 2006 1504 2034 quando
1516 2005 1546 2028 ab

980 2045 1029 2067 aliis
1046 2045 1195 2067 humiliamur
1212 2045 1241 2067 54
1259 2051 1271 2067 a
1290 2058 1318 2060 —
1336 2044 1442 2067 habenda
1466 2048 1500 2067 est
1522 2045 1544 2067 in

980 2085 1127 2112 poenitentia,
1154 2088 1177 2107 ut
1202 2090 1248 2106 non
1273 2084 1409 2106 deficiamus
1431 2084 1459 2106 ib.
1482 2083 1496 2106 b
1514 2097 1544 2099 —

980 2124 1104 2152 requiritur
1114 2127 1138 2146 ut
1147 2126 1291 2146 transeamus
1303 2123 1331 2145 ad
1345 2123 1544 2146 mansuetudinem

980 2163 1025 2185 648
1043 2170 1056 2185 a
1073 2175 1104 2179 —
1120 2163 1262 2191 significatur
1280 2163 1301 2185 in
1319 2169 1364 2185 ove
1381 2162 1433 2185 ibid.

1027 2215 1057 2219 —-
1074 2202 1191 2225 Debemus
1208 2203 1288 2224 instrui
1306 2203 1411 2230 exemplo
1423 2202 1545 2230 patientiae

979 2241 1062 2264 Christi
1089 2242 1133 2264 206
1151 2248 1163 2264 3
1186 2254 1217 2258 --
1242 2241 1346 2264 Christus
1368 2245 1402 2264 est
1426 2242 1543 2269 exemplar

980 2281 1103 2309 patientiae
1120 2288 1145 2304 ex
1163 2282 1266 2310 quinque
1284 2281 1359 2303 causis
1377 2281 1405 2303 54
1424 2287 1436 2303 3
1454 2293 1484 2298 -
1502 2282 1544 2303 lilo-

979 2320 1023 2342 dus
1041 2321 1148 2343 vincendi
1166 2321 1188 2342 in
1205 2327 1268 2342 novo
1286 2321 1434 2343 Testamento
1452 2323 1485 2343 est
1502 2327 1544 2348 per

980 2360 1113 2387 patientiam
1132 2360 1175 2382 439
1194 2359 1209 2382 b

1025 2411 1056 2415 —
1073 2399 1131 2421 inter
1149 2399 1231 2421 fluctus
1248 2399 1328 2421 vivere
1346 2399 1398 2421 iacit
1416 2400 1459 2421 '183
1479 2399 1493 2421 b
1514 2412 1544 2415 -—

979 2438 1087 2460 omnibus
1110 2438 1256 2466 passionibus
1279 2440 1424 2466 superfertur
1442 2437 1496 2461 ibid.
1514 2451 1540 2454 —

980 2478 1020 2499 Per
1038 2478 1170 2505 patientiam
1189 2481 1294 2505 respectu
1313 2478 1384 2500 hostis
1407 2478 1542 2500 maledicen-

978 2517 1006 2539 tis
1023 2517 1150 2545 acquiritur
1176 2516 1305 2539 benedictio
1328 2517 1373 2538 686
1397 2523 1409 2538 3
1427 2529 1457 2533 —-
1483 2517 1543 2539 Haec

978 2558 1012 2578 est
1028 2557 1136 2584 perfecta,
1153 2556 1193 2578 sed
1211 2556 1279 2578 valde
1296 2562 1424 2583 paucorum
1442 2555 1495 2578 ibid.
1512 2568 1544 2572 --

977 2607 1008 2611 —
1037 2595 1148 2617 patienter
1176 2595 1342 2618 sustinentibus
1370 2596 1543 2624 appropinquat

978 2634 1107 2662 redemptio
1125 2634 1154 2657 24
1172 2641 1184 2656 3
1202 2647 1233 2651 -
1250 2635 1362 2657 Patientes
1384 2635 1454 2656 vitam
1472 2638 1542 2656 aeter-

977 2680 1029 2695 nam
1048 2677 1222 2702 ‹onsequuntur
1245 2675 1290 2696 600
1308 2680 1321 2696 3
1338 2687 1367 2690 -—
1393 2673 1459 2696 nobis
1477 2677 1542 2702 parat

978 2713 1054 2735 dotem
1073 2713 1263 2741 impassibilitatis
1281 2713 1325 2735 284-
1344 2713 1366 2735 b.
1384 2713 1428 2735 286
1446 2720 1458 2735 a

1025 2753 1107 2774 Parnm
1126 2765 1155 2769 —
1173 2753 1195 2774 ln
1214 2753 1284 2780 patria
1303 2753 1389 2775 erimus
1412 2752 1433 2774 in
1458 2753 1541 2774 sanctis

977 2794 1108 2813 sanctorum
1128 2792 1172 2814 285
1190 2791 1205 2814 b

1024 2831 1178 2853 Pmnnucniss
1196 2843 1225 2847 —
1247 2831 1356 2853 dicuntur
1379 2833 1468 2853 montes
1492 2837 1540 2853 aro-

977 2870 1052 2892 malici
1071 2870 1115 2891 683
1135 2870 1149 2892 b
1166 2882 1196 2886 —
1214 2871 1236 2892 ln
1256 2870 1389 2892 Patriarchis
1407 2873 1454 2892 erat
1477 2876 1540 2898 prae-

977 2909 1065 2931 claritas
1082 2909 1216 2931 meritorum
1234 2912 1257 2931 et
1273 2910 1367 2931 visionis
1385 2909 1541 2932 intellectualis

978 2948 1021 2970 450
1039 2954 1050 2969 3
1070 2961 1098 2964 --
1117 2949 1139 2970 ln
1157 2948 1190 2970 eis
1207 2948 1288 2970 claruit
1304 2949 1397 2976 spiritus
1414 2948 1539 2976 sapientiae

976 2986 1021 3009 599
1038 2993 1058 3014 3,
1077 2987 1091 3009 b
1109 3000 1138 3003 —
1156 2988 1218 3015 lpsos
1244 2987 1325 3010 imitari
1348 2987 1461 3010 debemus
1486 2986 1539 3010 ibid.

932 193 1033 222 INDEX
1055 193 1294 222 ALPHABETICUS
1315 193 1393 222 NONI
1415 194 1602 223 VOLUMlNlS.

1843 234 1897 257 PAU

1635 273 1718 295 Paetus
1734 284 1766 288 —
1782 272 1945 300 interpretatur
1962 274 2047 296 electus
2060 274 2149 297 mirabi-

1585 311 1611 333 lis
1629 312 1674 333 218
1693 311 1708 333 b
1720 324 1751 328 —
1763 314 1838 339 potest
1855 312 1956 340 figurare
1968 312 2082 335 Christum
2095 313 2148 337 ibid.

1632 362 1663 367 —
1676 350 1859 379 persequebatur
1871 352 1998 380 discipulos
2009 352 2091 375 Christi
2103 359 2150 376 non

1585 395 1612 412 ex
1624 393 1685 412 certa
1697 390 1789 412 scientia
1803 394 1842 412 aut
1854 391 1946 419 malitia,
1956 392 1996 414 sed
2009 398 2035 414 ex
2046 392 2150 420 ignoran-

1586 429 1613 450 tia
1628 429 1672 451 423
1685 428 1700 451 b
1712 442 1743 445 —
1756 430 1885 457 ignorantia
1898 433 1919 453 et
1931 431 1978 453 zelo
1990 431 2101 460 deceptus
2117 438 2150 454 re-

1585 470 1647 490 ctum
1666 468 1775 491 credebat
1794 469 1909 498 quidquid
1933 469 2028 492 iaciebat
2049 470 2102 493 ibid.
2120 484 2149 487 -—

1584 507 1633 529 zelo
1643 507 1742 530 iustitiae
1753 508 1886 535 ignoranter
1893 509 2075 537 persequebatur
2082 516 2150 532 veros

1584 547 1706 574 Apostolos
1725 547 1769 569 436
1790 546 1805 569 b
1824 560 1853 563 —-
1870 548 1910 576 qui
1933 548 2061 576 sapientem
2079 555 2103 571 se
2120 552 2149 571 te-

1584 585 1665 612 nebat,
1683 586 1733 608 iure
1750 586 1809 609 sicut
1825 593 1908 609 caecus
1925 587 2058 610 trahebatur
2078 589 2121 611 423
2133 587 2148 610 b

1585 637 1614 641 —
1631 625 1671 654 qui
1689 625 1773 648 ducem
1791 626 1888 648 aliorum
1914 633 1939 649 se
1964 627 2072 654 faciebat,
2090 627 2149 650 iuste

1585 664 1686 687 Ananiae
1703 665 1725 686 in
1742 665 1881 693 discipulum
1900 665 2033 688 tradebatur
2050 666 2103 689 ibid.
2118 679 2150 683 —

1585 703 1681 726 Maxima
1700 705 1741 726 ruit
1757 704 1864 727 violentia
1884 705 1905 727 in
1922 706 2080 728 convertendo
2092 706 2149 728 Pau-

1584 743 1631 764 lum
1648 742 1703 765 ibid.

1633 795 1662 797 —
1680 786 1776 805 vocatur
1794 783 1845 811 pius
1863 786 1927 811 pater
1944 787 1966 806 et
1982 784 2091 807 sollicitus
2104 791 2148 807 ma·

1585 821 1656 849 gister
1673 821 1717 844 456
1737 821 1751 844 b
1768 834 1798 839 —-
1815 826 1849 845 est
1872 823 1985 846 maximus
2010 824 2092 846 zelator
2110 825 2149 847 hu-

1586 866 1668 882 manae
1691 862 1769 884 salutis
1792 861 1822 884 55
1840 861 1855 884 b
1872 874 1903 878 —
1920 865 1954 885 est
1971 863 2085 886 maximus
2101 864 2149 886 ani-

1585 906 1675 922 marum
1701 901 1784 923 zelator
1802 901 1830 923 69
1849 901 1864 923 b
1880 914 1911 917 —
1929 901 2009 925 habuit
2030 903 2150 931 insupera-

1586 939 1654 961 bilem
1680 940 1754 962 zelum
1777 940 1831 963 fidei
1854 941 1990 964 christianae
2016 942 2060 964 579
2087 942 2102 964 b
2119 954 2148 959 —-·

1585 982 1637 1006 post
1655 980 1724 1001 multa
1743 980 1815 1007 mala,
1833 986 1893 1009 quae
1911 980 2045 1003 Christianis
2062 981 2148 1009 intulit,

1585 1019 1654 1040 multa
1673 1022 1785 1042 tormenta
1808 1020 1908 1048 portavit
1926 1020 1970 1043 550
1989 1020 2004 1042 b
2021 1032 2051 1037 —
2069 1020 2149 1043 habuit

1584 1057 1708 1080 affectuum
1732 1059 1865 1081 varietatem
1892 1060 1937 1082 528
1964 1059 1979 1082 b
2004 1072 2035 1076 —
2052 1060 2093 1082 suit
2110 1061 2149 1083 hu-

1585 1097 1693 1119 millimus
1711 1098 1755 1120 588
1774 1097 1789 1120 b
1807 1111 1832 1114 *-
1854 1098 1895 1121 snit
1913 1105 2012 1127 magnus
2028 1102 2050 1122 et
2073 1103 2149 1122 tamen

1584 1138 1704 1159 contentus
1726 1137 1765 1159 vili
1788 1140 1851 1160 veste
1874 1139 1915 1160 211
1938 1138 1953 1160 b
1970 1151 2000 1155 -
2017 1145 2064 1161 non
2082 1145 2150 1168 quae-

1584 1175 1649 1198 rebat
1666 1176 1760 1203 datum,
1777 1177 1817 1199 sed
1836 1178 1934 1200 fructum
1953 1178 1997 1200 300
2016 1184 2028 1200 a

1631 1227 1661 1231 —
1679 1215 1737 1238 bene
1755 1215 1835 1238 habuit
1852 1222 1891 1239 cor
1917 1217 2085 1240 inflammatum
2103 1218 2149 1240 265

1584 1253 1599 1276 b
1617 1267 1646 1270 —
1664 1258 1757 1278 secutus
1779 1259 1812 1278 est
1830 1255 1945 1278 Christum
1968 1257 1989 1279 in
2013 1260 2149 1285 paupertate

1584 1296 1629 1318 300
1647 1302 1658 1318 3
1677 1309 1707 1312 -
1724 1303 1796 1325 quare
1814 1297 1835 1319 in
1853 1298 1900 1319 sola
1917 1304 1986 1320 cruce
1998 1298 2109 1325 gloriatus
2120 1299 2149 1321 sit

1584 1335 1629 1357 467
1655 1342 1666 1357 a
1693 1348 1724 1352 —
1749 1342 1841 1364 semper
1865 1337 1945 1359 habuit
1962 1338 2147 1365 compassionem

1584 1375 1697 1403 passionis
1714 1375 1797 1398 Christi
1815 1376 1859 1398 307
1877 1376 1892 1398 b

1629 1427 1660 1431 —
1678 1415 1736 1437 vidit
1752 1421 1835 1437 arcana
1853 1416 1892 1438 Dei
1910 1415 1932 1438 in
1950 1416 2060 1444 angelicis
2082 1416 2149 1445 spiri-

1583 1454 1644 1477 tibus
1662 1454 1683 1477 in
1702 1457 1761 1477 lanta
1780 1455 1932 1482 plenitudine,
1950 1455 2014 1484 quod
2030 1456 2148 1479 nullusul-

1583 1496 1616 1516 tra
1634 1494 1722 1523 aliquid
1747 1494 1833 1517 addere
1858 1495 1933 1522 potuit
1950 1495 1995 1517 610
2012 1501 2024 1517 3
2041 1508 2071 1511 —
2089 1495 2146 1518 vidit

1582 1533 1645 1562 quod
1669 1536 1717 1555 erat
1739 1533 1761 1555 in
1787 1534 1863 1560 caelo,
1881 1534 1934 1563 quia
1959 1533 2059 1557 habebat
2083 1535 2105 1557 in
2122 1541 2147 1557 se

1582 1573 1658 1601 illum,
1676 1573 1697 1594 in
1715 1579 1762 1601 quo
1780 1574 1895 1601 refulgent
1911 1574 1988 1596 omnia
2007 1574 2051 1596 629
2070 1573 2084 1596 b

1629 1625 1659 1627 —
1677 1612 1742 1640 plura
1765 1612 1831 1634 scivit
1856 1618 1897 1640 per
1919 1613 2051 1635 unctionem
2075 1620 2145 1642 quam

1582 1657 1623 1679 per
1641 1651 1773 1678 lectionem,
1786 1652 1851 1679 plura
1870 1658 1911 1680 per
1923 1652 2009 1674 donum
2022 1659 2092 1681 quam
2105 1659 2147 1681 per

1582 1690 1684 1712 studium
1710 1691 1754 1712 338
1781 1690 1796 1712 b
1819 1703 1849 1707 —
1867 1697 1907 1719 per
1925 1692 2022 1719 gratiam
2040 1692 2146 1720 dispone-

1582 1729 1649 1752 batur
1666 1730 1694 1752 ad
1713 1730 1831 1752 veritatem
1856 1731 2028 1759 intelligendam
2046 1734 2068 1754 et
2085 1732 2146 1754 intel-

1581 1770 1661 1792 lectam
1673 1769 1877 1797 evangelizandam
1891 1769 1945 1792 ibid.
1960 1782 1990 1786 —
2002 1773 2078 1793 certus
2089 1774 2145 1799 erat,

1581 1809 1644 1837 quod
1671 1808 1787 1836 doctrina7
1804 1815 1875 1837 quam
1899 1809 2023 1837 didiCerat,
2040 1810 2145 1833 salutaris

1581 1851 1630 1870 erat
1647 1848 1692 1870 592
1710 1847 1725 1870 b
1741 1859 1772 1863 —
1790 1848 1830 1870 suit
1846 1848 1905 1871 titius
1922 1849 1965 1871 olei
1978 1849 2104 1877 sapientiae
2120 1850 2146 1872 il-

1581 1888 1709 1915 lustrantis,
1727 1890 1752 1909 ut
1769 1891 1828 1909 esset
1839 1889 1920 1911 doctor
1938 1889 2034 1911 eximius
2051 1889 2079 1912 ad
2097 1889 2145 1912 illu-

1581 1929 1714 1952 minandam
1733 1931 1855 1953 Ecclesiam
1873 1929 1918 1952 548
1937 1929 1951 1951 b
1963 1942 1994 1946 --
2005 1929 2103 1951 Ecclesia
2115 1929 2145 1951 ad

1580 1968 1708 1991 doctrinam
1735 1969 1796 1991 Pauli
1826 1969 1896 1992 corda
1925 1969 2042 1997 gentilium
2072 1968 2144 1996 gratia

1580 2009 1678 2036 Spiritus
1704 2009 1726 2030 S.
1744 2009 1841 2036 replevit
1862 2007 1915 2031 ibid.
1941 2020 1971 2024 —
1997 2008 2054 2030 Vide
2075 2008 2144 2030 etiam

1580 2048 1608 2070 V.
1626 2048 1710 2070 Petrus
1728 2049 1751 2070 et
1767 2047 1865 2070 Paulus.

1626 2087 1754 2109 PAUPERTAS
1770 2099 1800 2103 --
1819 2087 1840 2108 ln
1860 2089 1995 2114 paupertate
2012 2086 2144 2114 intelligitur

1578 2126 1704 2153 indigentia
1723 2126 1905 2148 necessariorum
1925 2126 1952 2147 48
1971 2132 1982 2147 a
2001 2139 2031 2141 —
2049 2132 2093 2147 non
2110 2128 2144 2148 est

1579 2165 1663 2193 virtus,
1688 2165 1729 2187 sed
1755 2171 1820 2187 amor
1846 2165 1988 2193 paupertatis
2013 2165 2058 2187 549
2081 2164 2095 2186 b
2113 2177 2143 2181 ——

1579 2205 1667 2232 Pauper
1685 2211 1729 2227 non
1746 2204 1821 2226 omnis
1838 2207 1872 2226 est
1889 2204 2014 2231 dicendus,
2032 2204 2071 2232 qui
2097 2210 2141 2226 non

1578 2243 1658 2270 habet,
1676 2244 1717 2266 sed
1734 2244 1770 2266 ille
1788 2244 1827 2272 qui
1845 2250 1889 2266 non
1908 2243 1977 2265 habet
1992 2246 2015 2265 et
2032 2244 2074 2265 hoc
2092 2244 2142 2271 ipso

1578 2283 1664 2310 gaudet
1679 2282 1731 2305 ibid.
1749 2295 1780 2299 —
1796 2283 1898 2305 consistit
1916 2283 1936 2305 in
1953 2285 2086 2311 contemptu
2099 2285 2143 2305 ter-

1578 2328 1685 2344 renorum
1705 2326 1726 2344 et
1743 2323 1845 2350 appetitu
1863 2328 2017 2350 supernorum
2030 2322 2070 2344 301
2087 2328 2099 2344 a
2111 2334 2142 2338 —

1577 2365 1611 2384 est
1627 2362 1732 2384 caminus
1749 2362 1805 2384 alios
1820 2367 1959 2384 consumens
1976 2365 1997 2383 et
2019 2361 2074 2383 alios
2092 2367 2142 2389 pro-

1578 2401 1636 2423 bans
1653 2401 1697 2423 579
1715 2407 1726 2423 a
1745 2414 1775 2417 —
1793 2400 1886 2423 durabit
1904 2406 1977 2430 usque
1994 2401 2023 2423 ad
2046 2406 2142 2428 genera-

1577 2441 1620 2462 lem
1639 2440 1830 2462 resurrectionem
1850 2440 1877 2462 48
1897 2446 1909 2461 a

1625 2492 1653 2495 —
1673 2482 1772 2508 quatuor
1789 2478 1933 2501 damnabiles
1951 2479 1971 2501 in
1996 2479 2082 2501 mundo
2107 2485 2140 2501 re-

1577 2519 1682 2540 levantur
1699 2524 1740 2546 per
1757 2521 1856 2547 quatuor
1879 2518 1970 2540 divitias
1993 2519 2140 2547 excellentes,

1577 2564 1636 2586 quae
1654 2560 1706 2579 sunt
1723 2558 1745 2579 in
1763 2557 1851 2579 Christo
1870 2557 1914 2579 425
1932 2556 1954 2579 b.
1973 2557 2016 2579 426
2033 2563 2045 2579 3

1625 2610 1653 2613 —
1672 2600 1705 2619 est
1722 2597 1857 2624 primarium
1877 2596 2050 2619 fundamentum
2066 2597 2141 2619 omnis

1577 2636 1629 2658 boni
1650 2636 1694 2658 374
1712 2642 1732 2658 a.
1759 2635 1803 2658 443
1821 2635 1836 2658 b
1861 2648 1892 2652 —
1909 2639 1943 2658 est
1965 2636 2138 2658 tundamentum

1576 2675 1725 2703 evangelicae
1753 2675 1870 2697 doctrinae
1896 2678 1917 2697 et
1942 2675 2138 2702 complementum

1576 2715 1712 2737 christianae
1730 2714 1790 2736 vitae
1809 2714 1852 2736 443
1870 2714 1886 2737 b
1904 2728 1931 2730 —
1951 2717 1983 2737 est
2001 2714 2137 2742 primarium

1576 2754 1752 2776 fundamentum
1771 2754 1875 2776 omnium
1894 2754 2004 2776 virtutum
2023 2754 2068 2775 289
2081 2753 2095 2775 b
2107 2765 2138 2770 --

1574 2795 1608 2814 est
1635 2792 1771 2820 primarium
1798 2793 1973 2815 fundamentum
1991 2793 2138 2820 evangelicae

1574 2831 1721 2859 perfectionis
1738 2832 1783 2853 372
1801 2838 1813 2854 a
1831 2845 1861 2847 —
1879 2835 1913 2854 est
1937 2832 2037 2859 sigillum
2055 2838 2137 2859 appro-

1575 2870 1678 2893 bativum
1696 2871 1816 2899 legationis
1833 2871 1913 2893 Christi
1933 2871 1977 2893 373
1994 2877 2007 2892 a

1621 2922 1651 2926 —
1669 2910 1727 2938 Quid
1741 2910 1769 2933 sit
1781 2913 1905 2938 paupertas
1918 2910 2050 2938 temporalis
2062 2913 2084 2932 et
2095 2910 2138 2938 spi-

1573 2949 1660 2971 ritualis
1677 2950 1721 2971 527
1735 2949 1749 2971 b
1763 2962 1792 2966 —
1805 2950 1848 2978 Qui
1865 2950 1909 2972 sint
1926 2955 2040 2977 pauperes
2057 2949 2137 2977 spiritu

1574 2988 1617 3010 443
1632 2988 1646 3010 b
1659 3001 1688 3005 —
1702 2989 1800 3017 Quidam
1818 2991 1872 3011 sunt
1889 2995 2003 3016 pauperes
2021 2989 2137 3011 voluntate
