2269 3448
394 184 448 212 140

612 223 671 245 mn
691 222 724 251 (6)

392 262 490 290 Spiritus
508 263 530 284 S.
548 268 561 284 e
580 268 649 284 carne
666 268 706 284 sua
729 261 808 284 divino
826 262 901 290 partui
923 268 959 284 na-

393 305 456 324 turae
481 301 632 324 substantiam
660 301 797 323 ministravit
822 301 863 323 66t
891 307 903 323 a
928 313 959 317 —

392 341 511 363 coronavit
528 340 644 363 Christum
663 346 746 363 carneo
764 340 895 363 diademate
912 340 958 362 244

392 386 404 402 0
421 393 452 397 -
468 380 589 402 coronavit
605 379 721 402 Christum
739 379 871 402 diademate
893 379 958 407 regni

392 420 527 447 temporalis
549 420 584 441 l2l
607 418 621 441 b

440 471 468 475 —
486 458 616 485 iuvencum,
631 458 726 486 parvula
742 461 764 480 et
781 458 862 480 tenella
879 464 959 480 eonce-

392 499 425 526 pit
440 497 645 524 interminabilem,
663 497 919 525 incomprehensibilem
938 500 960 519 et

392 536 560 560 lmmutabilem
578 536 623 559 664
642 543 653 559 a
672 549 701 552 —
720 538 743 558 ln
761 537 803 559 hoc
821 536 899 558 divina
918 536 959 558 lila-

392 577 460 599 iestas
477 580 510 599 est
528 577 644 599 humiliata
663 579 686 598 et
702 576 820 604 virginalis
843 575 959 597 humilitas

392 616 486 638 exaltata
504 615 557 638 ibid.
575 628 605 632 —
630 621 700 644 quem
726 615 780 637 caeli
808 620 891 642 capere
914 620 958 636 non

392 658 497 683 poterant
521 662 563 677 suo
589 655 679 682 gremio
704 654 799 676 contulit
824 654 869 675 703
888 653 903 675 b
929 666 958 669 —

392 698 487 723 propter
505 698 643 722 conceptum
662 693 748 715 aeterni
767 693 907 720 splendoris,
923 698 960 714 ae-

393 737 470 756 ternae
487 733 614 760 suavitatis,
632 732 717 754 aeterni
736 732 835 759 vigoris,
854 735 959 760 aeternae

392 773 470 795 salutis
487 774 635 800 comparatur
659 771 730 794 fluvio
751 771 958 799 supersplendido,

391 817 574 840 superamoeno,
591 811 757 839 superrapido,
770 812 958 838 supera-actuoso

392 851 436 873 697
456 850 478 872 b.
496 851 541 872 698
559 857 579 878 a,
597 850 612 872 b
629 862 660 866 —
677 851 698 872 111
717 856 743 872 ea
761 852 796 872 est
818 850 903 872 inclusa
922 850 958 872 lux

391 890 494 913 omnium
508 890 640 913 caelestium
655 892 677 912 et
693 889 898 917 supercaelestium
911 889 957 911 702

392 929 406 951 b
423 942 454 946 —-
477 930 558 957 loseph
582 929 654 957 ipsam
678 929 794 956 respicere
817 934 861 950 non
884 928 958 956 potuit

391 968 445 991 ibid.
463 980 493 985 --
511 969 534 990 in
551 974 579 990 eo
598 968 708 990 Dominus
723 967 845 996 requievit,
858 970 882 990 ut
895 968 958 990 fieret

391 1010 468 1030 noster
485 1008 593 1035 princeps
611 1008 654 1029 673
673 1014 685 1029 a

438 1060 467 1063 κ-
486 1047 558 1075 Virgo
585 1047 675 1075 peperit
697 1046 811 1069 Christum
836 1046 956 1068 carnaliter

391 1087 420 1108 98
435 1086 450 1108 b
467 1098 498 1102 —
515 1087 538 1108 ln
556 1087 677 1108 Nativitate
690 1086 771 1108 Christi
789 1086 957 1108 consideranda

391 1128 445 1148 sunt
461 1126 537 1148 Matris
554 1126 687 1153 virginitas,
701 1125 835 1153 fecunditas,
854 1125 957 1153 pariendi

391 1165 483 1192 modus,
501 1168 581 1193 partus
607 1165 738 1192 gratiositas
766 1165 808 1186 123
827 1171 839 1187 a
857 1178 886 1181 —
909 1165 957 1187 sine

391 1204 479 1226 tristitia
499 1204 621 1232 parturivit
641 1205 678 1226 111
695 1203 710 1226 b
727 1217 757 1220 —
777 1204 807 1226 De
825 1204 875 1226 eius
892 1208 957 1227 utero

392 1244 465 1266 infans
477 1243 634 1265 nobilissimus
647 1244 750 1271 prosiluit
762 1244 825 1265 salvo
838 1244 957 1271 signaculo

392 1283 497 1310 virginali
516 1282 589 1305 6921)
606 1296 636 1298 —
656 1283 716 1304 Deus
733 1289 760 1304 ex
778 1283 873 1310 Virgine
891 1286 957 1305 natus

391 1325 425 1344 est
443 1328 487 1344 uon
505 1322 639 1350 aperiendo,
657 1328 700 1344 nou
719 1322 899 1350 corrumpendo,
916 1322 955 1344 sed

391 1362 536 1383 fecundando
554 1365 576 1383 et
594 1361 724 1384 decorando
747 1361 787 1382 100
805 1368 817 1383 a

437 1413 468 1417 —
485 1400 551 1423 Casta
570 1404 591 1423 ct
603 1401 692 1428 integra
711 1400 794 1422 Mariae
806 1401 893 1423 viscera
908 1403 957 1422 tan-

391 1446 461 1469 quam
481 1446 566 1468 pascua
589 1440 675 1462 aeterni
698 1440 782 1462 viroris
804 1440 884 1462 florem
908 1446 957 1468 pro-

392 1479 471 1505 tulere,
489 1479 555 1501 cuius
573 1479 705 1507 pulcritudo
722 1485 767 1501 non
794 1479 857 1501 videt
882 1485 958 1501 corru-

391 1519 501 1546 ptionem,
518 1519 584 1540 cuius
610 1519 682 1546 gloria
699 1519 723 1540 in
749 1522 887 1546 perpetuum
912 1525 957 1541 non

390 1558 511 1580 marcescit
528 1558 572 1579 679
591 1557 605 1579 b

437 1610 467 1614 —
479 1597 562 1619 dicitur
574 1597 685 1625 sapientia
698 1597 790 1624 pariens
803 1598 901 1619 fructum
912 1597 957 1619 654

390 1642 402 1658 0
420 1649 450 1653 -
468 1637 509 1658 Hic
528 1638 614 1659 fructus
630 1639 664 1659 est
684 1636 766 1659 unicus
790 1637 810 1658 in
831 1636 956 1659 substantia

390 1678 412 1697 et
424 1676 542 1703 multiplex
559 1676 581 1697 111
600 1676 685 1698 virtute
697 1674 751 1698 ibid.
763 1688 792 1691 —
806 1676 847 1697 f‘cr
859 1676 956 1697 fluvium

390 1715 419 1737 de
431 1721 455 1737 ea
470 1715 633 1743 procedentem
647 1715 759 1737 habentur
774 1715 898 1737 duodecim
912 1716 957 1737 fru-

391 1757 441 1776 ctus
458 1754 502 1775 696
522 1760 533 1776 a
552 1767 582 1770 —-
602 1746 666 1776 ded-it
684 1754 771 1776 mundo
790 1756 888 1776 fructum
907 1760 956 1782 spe-

391 1793 506 1820 ctabilem,
524 1793 701 1815 desiderabilem
714 1799 736 1816 et
753 1793 912 1815 oblectabilem
927 1794 956 1815 38

391 1839 402 1854 a
421 1845 449 1848 —
467 1832 531 1855 dedit
549 1833 635 1854 mundo
658 1833 739 1855 Filium
758 1834 901 1855 fructuosum
926 1833 954 1854 94

392 1871 406 1893 b
425 1884 454 1887 —-
472 1872 565 1899 protulit
579 1872 665 1894 mundo
684 1873 782 1894 fructum
800 1871 956 1899 benedictum,

390 1911 521 1938 speciosum
530 1929 535 1939 ,
547 1911 701 1938 odoriferum,
714 1912 842 1933 virtuosum
861 1910 915 1934 ibid.
930 1924 955 1926 —

390 1950 483 1978 protulit
500 1950 567 1972 nobis
586 1952 683 1973 fructum
707 1951 855 1978 florigerum,
874 1951 956 1978 gratio·

390 1995 456 2017 sum,
474 1990 614 2018 pretiosum,
632 1990 766 2017 opulentum
786 1989 839 2012 ibid.
857 1991 887 2012 95
904 1996 915 2012 0

437 2042 467 2044 -
485 2029 526 2051 fuit
544 2029 699 2057 temporaliter
722 2029 787 2056 prius
806 2030 882 2057 Prole,
905 2029 956 2050 licet

392 2067 421 2090 ab
438 2068 472 2090 illa
483 2069 511 2090 sit
528 2072 602 2090 creata
616 2069 661 2090 720
675 2068 689 2090 1)
706 2081 736 2084 -
748 2068 806 2090 Felix
825 2072 859 2090 est
876 2072 956 2095 mater,

390 2114 450 2136 quae
468 2108 535 2129 talem
554 2107 634 2129 habuit
652 2108 722 2129 tilium
742 2108 786 2129 282
805 2114 816 2129 a
839 2119 870 2123 —
889 2108 956 2129 lleata

390 2150 442 2169 sunt
459 2147 508 2169 eius
521 2146 599 2175 ubera,
612 2147 658 2169 sola
670 2147 724 2169 solis
737 2147 816 2169 lactata
830 2146 895 2169 labiis
909 2146 957 2168 Dei-

390 2186 491 2208 hominis
507 2185 562 2208 ibid.

422 2226 434 2247 6
454 2238 482 2241 --
504 2225 625 2253 dupliciter
651 2226 689 2247 suit
717 2225 849 2253 purificata,
872 2225 957 2247 scilicet

390 2265 485 2287 interius
511 2265 639 2286 secundum
665 2264 785 2286 veritatem
814 2267 836 2286 ct
858 2264 957 2286 exterius

390 2304 518 2326 secundum
538 2304 771 2331 repraesentationem
791 2303 835 2325 634
848 2309 868 2325 a.
887 2304 931 2325 638
944 2309 956 2325 0

390 2356 420 2359 -
440 2344 525 2371 Duptei
543 2343 593 2365 cius
606 2343 734 2370 purificatio
751 2343 865 2370 siguificat
882 2343 957 2370 dupli-

390 2389 441 2405 cem
467 2382 649 2410 purificationem
678 2382 845 2404 ecclesiasticac
873 2383 957 2404 hierar-

389 2422 454 2444 chiae
472 2421 524 2444 ibid.
538 2434 567 2437 —
580 2421 632 2443 Eius
648 2421 777 2449 purificatio
789 2421 904 2448 significat
916 2427 955 2449 pu-

390 2461 539 2483 rificationem
555 2461 660 2488 legalem,
673 2461 831 2488 prophetalem
850 2463 872 2482 et
889 2466 957 2482 evan-

391 2500 488 2528 gelicam
502 2500 547 2521 635
558 2499 572 2521 b
582 2512 611 2516 —
622 2499 681 2521 Vide
693 2499 761 2521 etiam
772 2499 800 2521 V.
812 2498 957 2529 Purificatio.

437 2552 467 2556 —
484 2540 527 2561 Lex
542 2539 612 2566 Moysi
624 2539 644 2561 ci
657 2545 702 2560 non
715 2539 754 2560 fuit
766 2538 902 2566 obligatoria
916 2545 957 2566 pet·

391 2579 558 2604 necessitatem,
576 2578 616 2600 sed
629 2584 670 2606 per
688 2578 823 2605 mysterium
842 2578 887 2599 (535
905 2584 916 2599 a
930 2591 957 2594 —

393 2618 444 2640 liius
462 2617 590 2645 purificatio
609 2623 652 2638 non
665 2620 713 2638 crat
729 2622 756 2638 ex
774 2617 899 2644 coactione,
916 2617 957 2639 sed

392 2663 418 2679 ex
436 2657 607 2684 dispensatione
631 2655 676 2678 654
694 2662 706 2678 0
731 2668 762 2672 -
788 2662 831 2677 nou
856 2656 897 2678 fuit
919 2656 958 2678 im·

393 2696 478 2718 munda
497 2702 538 2717 nec
556 2696 610 2723 Legi
628 2695 719 2717 astricta
737 2695 778 2717 641
800 2701 819 2717 0.
838 2695 882 2717 648
901 2695 915 2717 b
928 2707 958 2711 ——

392 2736 434 2757 tait
451 2735 579 2763 purificata,
606 2738 629 2756 ut
650 2735 809 2756 ostenderetur
834 2735 958 2757 sanctitica-

393 2775 479 2797 tionum
506 2774 659 2802 spiritualium
692 2774 809 2801 exemplar
834 2776 856 2796 et
886 2775 956 2795 forma

393 2814 433 2835 641
456 2820 476 2839 a,
489 2813 503 2835 b
523 2826 549 2828 —
566 2814 659 2841 purgari
672 2813 744 2835 voluit
756 2812 786 2834 ob
799 2813 910 2841 triplicem
924 2819 959 2835 ra-

392 2853 477 2875 tionem
496 2853 541 2874 654
560 2852 574 2874 b

441 2904 470 2908 —
493 2898 565 2920 quare
590 2892 670 2913 Filium
697 2891 804 2914 obtulerit
830 2893 850 2913 in
874 2892 958 2919 templo

395 2930 438 2952 642
458 2930 472 2952 1)
496 2944 523 2946 ᾖ
547 2931 662 2953 Christum
689 2931 786 2953 hostiam
812 2930 893 2952 obtulit
917 2937 959 2958 pro

391 2970 502 2991 vomnibus
528 2969 581 2992 ibid.
608 2983 637 2986 —
663 2970 758 2998 perfecit
780 2970 857 2992 omnia
881 2976 959 2992 secun-

1259 222 1293 251 (7)

993 262 1049 285 dum
1079 263 1164 290 Legem
1190 265 1285 290 propter
1310 261 1450 284 oblationem
1476 262 1560 284 Christi

994 302 1038 324 648
1052 301 1067 323 11
1084 314 1114 318 -
1132 302 1154 323 10
1167 301 1351 329 designationem
1364 301 1469 329 puritatis
1481 305 1502 324 et
1514 301 1560 329 pie-

993 341 1044 363 tatis
1061 340 1142 363 Christi
1156 340 1238 363 obtulit
1249 347 1291 368 par
1310 344 1424 363 turturum
1442 344 1464 363 et
1476 341 1560 363 colum-

994 380 1047 402 bam
1066 379 1111 401 640
1129 386 1140 402 0
1160 393 1188 395 -
1206 379 1287 402 01110111
1305 386 1347 408 par
1365 382 1488 407 turturum,
1506 380 1559 408 quia

994 419 1078 447 duplex
1096 419 1220 448 requiritur
1237 419 1320 441 caritas
1337 419 1381 441 648
1400 425 1412 441 0

1040 470 1072 474 ——
1088 464 1130 480 acu
1148 461 1170 480 et
1188 458 1224 480 t'tlo
1242 458 1321 480 cibum
1339 458 1454 487 quaesivit
1472 458 1515 480 159
1534 464 1553 491 a¹

1040 509 1072 513 —
1095 497 1136 519 fuit
1157 500 1230 519 mater
1252 497 1376 525 singularis
1398 497 1559 526 sufficientiae,

993 536 1178 564 magnificentiae
1195 539 1217 558 et
1233 536 1364 564 diligentiae
1381 536 1426 558 694
1445 536 1459 558 1)
1476 549 1506 553 -
1519 536 1560 559 fuit

994 575 1092 603 diligens
1114 576 1136 597 in
1160 576 1239 597 Filium
1266 575 1417 604 inquirendo,
1440 576 1492 598 licet
1513 582 1560 598 non

996 614 1062 636 fuerit
1086 615 1207 642 negligens
1224 615 1245 637 in
1274 615 1399 637 amittendo
1426 615 1469 637 173
1492 621 1505 637 a
1530 627 1560 631 —

994 654 1109 682 quaesivit
1118 660 1170 676 eum
1183 660 1236 676 cum
1249 654 1385 676 rectitudine
1399 654 1560 682 conscientiae,

994 693 1111 715 latitudine
1129 692 1314 720 benevolentiae,
1331 693 1467 716 certitudine
1490 694 1561 716 conti-

993 732 1085 754 dentiae
1103 731 1131 755 z'b.
1150 738 1171 759 a,
1184 732 1199 754 b
1215 745 1245 748 —
1263 733 1343 755 Filium
1356 739 1424 755 suum
1438 733 1560 755 tenerrime

993 777 1020 794 ac
1037 777 1108 800 super
1133 772 1210 794 onmia
1236 771 1347 800 diligebat
1368 772 1405 794 171
1431 779 1443 794 a
1462 785 1490 788 -
1508 778 1560 800 pro-

994 814 1071 839 pterea
1089 812 1200 834 amissum
1214 812 1354 834 incessanter
1365 812 1480 840 quaesivit
1497 815 1519 834 et
1530 812 1560 834 de

992 851 1086 873 invento
1099 851 1166 873 valde
1178 851 1300 873 exsultavit
1316 850 1371 874 ibid.
1390 851 1434 873 172
1452 857 1464 873 0
1481 863 1512 867 -
1530 851 1560 873 in-

992 890 1054 912 venit
1070 890 1194 917 Christum,
1206 896 1276 918 quem
1294 890 1388 912 sollicite
1405 893 1426 912 et
1438 890 1560 918 diligenter

992 929 1118 958 quaerebat
1137 930 1181 951 157
1199 936 1210 951 a
1229 942 1259 946 —
1277 930 1371 952 Notatur
1388 929 1465 958 quoad
1483 930 1558 957 ipsam

991 969 1072 991 Filium
1091 969 1244 991 invenientem
1264 968 1363 996 benigna
1381 969 1501 997 allocutio,
1514 975 1559 991 ma-

992 1014 1036 1036 gna
1055 1008 1179 1035 tribulatio,
1196 1008 1293 1030 discreta
1311 1008 1429 1037 inquisitio
1448 1008 1487 1030 171
1509 1014 1521 1030 a

1039 1060 1069 1064 —
1087 1053 1128 1069 cur
1144 1047 1244 1070 adfuerit
1262 1047 1349 1075 nuptiis
1371 1047 1394 1069 in
1419 1047 1479 1070 Cana
1503 1048 1559 1070 Gali-

992 1087 1054 1109 laeae
1071 1088 1113 1109 701
1135 1094 1147 1109 a

1038 1139 1070 1143 --
1087 1129 1163 1154 potata
1182 1127 1223 1148 suit
1239 1126 1394 1149 amaritudine
1411 1126 1497 1148 doloris
1513 1127 1556 1148 637

992 1172 1004 1187 a
1021 1179 1051 1181 —
1070 1166 1220 1193 multiplIcem
1239 1166 1342 1188 dolorem
1362 1165 1441 1187 habuit
1457 1166 1486 1188 de
1503 1166 1558 1188 Filio

997 1205 1036 1227 172
1054 1211 1066 1227 0
1084 1218 1114 1221 -
1132 1205 1212 1227 110111111
1228 1206 1332 1228 dolorem
1352 1205 1374 1226 in
1392 1205 1515 1227 amissione
1526 1205 1558 1227 Fi-

991 1244 1020 1273 lii,
1034 1244 1055 1266 in
1068 1244 1156 1266 visione
1168 1245 1218 1267 eius
1230 1245 1349 1272 passionis,
1362 1245 1383 1266 in
1397 1244 1558 1272 compassione

991 1283 1160 1306 obcaecationis
1182 1284 1287 1306 iudaicae
1308 1283 1336 1306 ib.
1361 1290 1386 1311 a,
1405 1283 1419 1305 b
1441 1296 1471 1300 --
1494 1284 1558 1306 dolo-

991 1329 1035 1350 res,
1054 1324 1133 1351 plagas
1150 1326 1172 1345 et
1184 1323 1309 1351 opprobria
1322 1323 1369 1345 Filii
1384 1323 1403 1345 111
1422 1330 1487 1345 suam
1506 1330 1559 1351 pro-

992 1362 1064 1390 priam
1083 1369 1205 1390 personam
1227 1361 1352 1390 recipiebat
1374 1362 1404 1385 ib.
1427 1362 1441 1384 1)
1461 1375 1491 1379 -
1514 1362 1558 1385 sub

991 1408 1060 1424 cruce
1085 1404 1107 1424 et
1133 1402 1191 1424 iuxta
1218 1408 1309 1424 crucem
1337 1401 1417 1424 habuit
1439 1408 1557 1424 summum

992 1441 1102 1469 gaudium
1121 1444 1143 1463 et
1160 1447 1278 1463 summum
1296 1442 1399 1464 dolorem
1426 1442 1472 1464 705
1493 1448 1505 1464 a
1527 1454 1558 1458 —

991 1481 1046 1503 vicit
1064 1480 1177 1502 muudum
1195 1483 1217 1502 et
1234 1480 1352 1503 diabolum
1372 1481 1451 1503 Filium
1470 1481 1558 1503 crucifi-

992 1523 1083 1547 gentem
1107 1524 1129 1542 et
1151 1526 1216 1542 suam
1242 1521 1343 1542 animam
1369 1520 1557 1542 transfodientem

992 1560 1036 1581 681
1055 1559 1069 1581 b

1022 1599 1035 1620 7
1054 1611 1084 1615 —-
1102 1599 1153 1621 DIes
1170 1599 1318 1621 assumtionis
1335 1603 1369 1621 est
1386 1599 1436 1621 dies
1453 1605 1558 1621 consum-

992 1638 1097 1660 mationis
1115 1639 1202 1666 gloriae
1221 1638 1292 1666 ipsius
1310 1639 1354 1660 696
1373 1644 1384 1660 a

1040 1690 1068 1692 —
1087 1678 1177 1705 Corpus
1196 1678 1297 1705 Virginis
1310 1678 1346 1705 pie
1358 1678 1460 1700 creditur
1472 1680 1494 1700 et
1509 1684 1558 1705 pro-

992 1716 1217 1744 baua-glorificatum
1226 1723 1276 1739 esse
1285 1717 1306 1739 in
1317 1717 1458 1739 assumtione
1468 1717 1557 1739 animae

992 1756 1036 1778 692
1054 1763 1065 1777 0
1084 1769 1112 1772 —
1128 1757 1180 1778 Eam
1194 1757 1261 1778 etiam
1280 1757 1358 1785 quoad
1370 1763 1455 1784 corpus
1467 1763 1557 1779 assum-

992 1799 1037 1817 tam
1056 1796 1132 1822 fuissc,
1150 1796 1235 1823 duplici
1245 1797 1332 1818 ratione
1349 1796 1477 1818 ostenditur
1489 1797 1556 1818 6900

1037 1847 1067 1850 —
1081 1835 1133 1857 Eius
1146 1835 1280 1862 glorificatio
1293 1835 1432 1857 describitur
1445 1839 1555 1864 quantum

990 1874 1018 1895 ad
1038 1874 1153 1900 meritum,
1173 1874 1336 1902 111-0001100101
1355 1875 1474 1897 transitum
1493 1875 1558 1897 inter-

992 1913 1093 1935 medium
1112 1914 1157 1935 699
1170 1919 1181 1935 a
1199 1926 1229 1930 —
1247 1914 1323 1935 Status
1336 1914 1410 1935 meriti
1423 1914 1506 1936 Mariae
1518 1914 1558 1936 de-

990 1952 1093 1980 signatur
1112 1953 1132 1974 in
1151 1952 1238 1974 Libano
1257 1952 1311 1975 ibid.
1329 1965 1356 1968 m
1376 1953 1396 1975 in
1414 1954 1557 1975 assumtione

990 1997 1030 2013 sua
1049 1992 1167 2019 egreditur
1185 1992 1213 2014 de
1231 1992 1281 2014 loco
1293 1992 1447 2020 miseriarum,
1461 1998 1557 2020 progre-

990 2031 1051 2053 ditur
1069 2037 1110 2058 pcr
1128 2032 1225 2053 chorum
1244 2031 1425 2053 hierarchiarum
1444 2034 1465 2053 et
1483 2031 1557 2059 ingre-

990 2070 1052 2091 ditur
1076 2071 1167 2091 hortum
1194 2070 1328 2092 deliciarum
1347 2070 1392 2091 700
1410 2076 1430 2097 a,
1448 2069 1463 2092 b
1481 2083 1510 2086 —
1533 2071 1556 2093 111

989 2109 1131 2131 assumtione
1148 2116 1187 2131 sua
1206 2113 1240 2131 est
1257 2110 1361 2137 speciosa
1378 2110 1436 2132 sicut
1448 2109 1557 2132 columba

989 2148 1118 2170 ascendens
1135 2148 1236 2176 desuper
1253 2149 1316 2171 rivos
1332 2155 1446 2177 aquarum
1464 2148 1492 2171 ib.
1511 2148 1526 2171 h

1037 2200 1067 2204 —
1086 2187 1251 2210 Describuntur
1268 2191 1368 2216 quatuor
1380 2189 1557 2216 praerogativae

991 2227 1014 2248 in
1031 2227 1173 2249 assumtione
1193 2227 1293 2255 Virginis
1311 2227 1425 2255 gloriosae
1442 2228 1483 2250 701
1500 2227 1515 2250 b
1526 2240 1556 2244 —

991 2266 1074 2288 Mariae
1099 2266 1210 2288 assumtio
1236 2267 1284 2294 ipsa
1313 2266 1395 2289 Christi
1421 2267 1557 2289 ascensione

990 2312 1076 2333 pompa
1094 2306 1218 2328 solemnior
1235 2306 1351 2328 invenitur
1369 2306 1413 2328 694
1426 2312 1438 2327 0
1456 2319 1485 2322 —
1499 2307 1557 2334 Qua-

991 2348 1042 2366 tuor
1060 2345 1223 2367 describuntur
1241 2346 1347 2373 honores,
1367 2345 1453 2373 quibus
1476 2345 1497 2367 111
1515 2352 1556 2367 sua

991 2384 1133 2406 assumtione
1151 2385 1219 2406 lilaria
1237 2384 1369 2406 solemniter
1387 2385 1426 2406 fuit
1445 2385 1556 2407 honorata

991 2424 1035 2445 693
1055 2423 1069 2445 b
1087 2435 1117 2439 —
1134 2423 1276 2445 Describitur
1294 2423 1396 2445 obviatio
1413 2423 1497 2445 summi
1516 2424 1556 2446 Re-

991 2463 1027 2490 gis
1044 2466 1066 2484 et
1082 2463 1160 2485 curiae
1180 2463 1284 2485 caelestis
1305 2462 1360 2485 ibid.
1382 2463 1427 2484 694
1445 2469 1458 2484 a
1480 2475 1510 2478 —
1534 2463 1555 2484 ln
1572 2455 1574 2459 ⁸

990 2502 1040 2523 eius
1057 2508 1179 2524 occursum
1192 2502 1323 2524 caelestium
1336 2502 1453 2529 legionum
1472 2501 1557 2529 prodiit

991 2541 1114 2563 multitudo
1137 2541 1181 2562 698
1209 2540 1223 2563 b
1248 2553 1278 2557 —-
1301 2542 1355 2563 Eam
1382 2540 1557 2563 circumdabant

991 2580 1107 2608 Martyres,
1126 2580 1233 2607 Virgines
1250 2584 1272 2602 01
1289 2586 1370 2602 omnes
1387 2580 1462 2602 Sancti
1480 2580 1525 2602 700
1542 2579 1556 2601 b

1039 2632 1067 2635 —
1085 2619 1213 2641 ascendens
1235 2622 1324 2646 septem
1346 2619 1402 2641 ostia
1421 2619 1513 2641 intravit
1535 2622 1557 2641 et

991 2658 1084 2686 agmina
1109 2658 1251 2686 Angelorum
1273 2658 1412 2680 transcendit
1428 2658 1474 2680 705
1492 2657 1506 2679 b
1526 2670 1556 2674 —

991 2697 1120 2725 pertransiit
1133 2703 1214 2719 omnes
1227 2697 1366 2720 hierarchias
1377 2697 1423 2719 700
1435 2696 1450 2719 b
1461 2709 1492 2713 —
1504 2697 1556 2719 ideo

992 2736 1075 2758 dicitur
1092 2742 1175 2758 aurora
1193 2742 1344 2764 consurgens,
1361 2737 1440 2764 pulcra
1456 2738 1480 2758 ut
1491 2736 1556 2764 luna,

991 2775 1061 2797 electa
1076 2778 1099 2797 ut
1117 2776 1149 2797 sol
1168 2778 1190 2797 et
1202 2775 1309 2797 terribilis
1322 2779 1345 2797 ut
1356 2778 1483 2797 castrorum
1497 2775 1557 2797 acies

992 2814 1095 2836 ordinata
1118 2814 1172 2837 ibid.
1191 2827 1220 2831 -
1238 2815 1337 2842 gloriosa
1355 2817 1388 2836 est
1408 2820 1477 2842 supra
1499 2814 1557 2836 hier-

993 2853 1095 2874 archiam
1113 2853 1240 2880 angelicam
1259 2853 1303 2874 612
1323 2852 1336 2874 b
1358 2865 1389 2868 —
1412 2852 1505 2875 exaltata
1524 2855 1557 2874 est

993 2897 1063 2919 super
1080 2893 1163 2914 choros
1176 2892 1317 2919 Angelorum
1336 2892 1379 2913 688
1394 2891 1408 2913 b
1422 2904 1452 2907 —
1469 2892 1555 2913 elevata

992 2936 1025 2953 est
1043 2937 1112 2959 super
1131 2931 1242 2959 triplicem
1261 2931 1412 2953 hierarchiam
1430 2931 1556 2958 angelicam

993 2974 1014 2992 et
1032 2972 1157 2992 humanam
1176 2971 1219 2992 689
1239 2970 1252 2992 b

937 183 1038 212 INDEX
1060 183 1300 212 ALPHABETICUS
1323 183 1400 212 NONl
1423 183 1610 213 VOLUMlNlS.

1826 223 1885 246 MAR
1904 224 1937 253 (8)

1641 274 1672 278 —
1690 262 1731 284 Per
1748 262 1872 285 duodecim
1890 263 1965 285 stellas
1982 263 2004 285 in
2019 263 2094 291 capite
2111 263 2160 286 Vir-

1594 301 1654 329 ginis
1672 304 1769 329 possunt
1786 301 1910 324 duodecim
1928 302 2106 330 praerogativae
2129 303 2160 325 in-

1595 341 1662 368 telligi
1680 341 1726 363 702
1744 347 1756 362 a
1773 353 1803 357 -
1821 341 1871 363 iliae
1893 342 2069 369 praerogativae
2090 342 2159 370 expli-

1594 382 1675 402 cantur
1693 379 1811 402 ibid-706
1825 380 1839 402 b
1854 393 1884 396 —
1897 381 1961 408 ponit
1973 381 2095 408 specialem
2109 387 2160 409 per-

1595 419 1698 441 fectionis
1717 419 1812 442 modum
1832 420 1854 441 in
1872 420 1962 442 caelesti
1980 421 2072 442 civitate
2089 421 2134 442 690
2147 427 2159 443 0

1641 471 1671 474 —-
1686 459 1863 481 commendatur
1875 462 1970 487 propter
1982 460 2159 487 speciositatem,

1595 496 1734 520 nobilitatem
1753 501 1776 520 et
1792 498 1919 526 sapientiae
1941 499 2066 520 claritatem
2085 499 2125 521 69i
2146 505 2159 521 a

1593 549 1624 553 —
1642 537 1725 559 dicitur
1742 537 1790 559 sole
1807 537 1941 565 speciosior,
1963 538 2017 566 quia
2035 538 2090 560 fonti
2113 538 2160 566 pul⁴

1594 576 1714 598 critudinis
1731 577 1772 598 fuit
1796 576 1892 599 similior
1917 579 1938 599 et
1963 577 2116 606 propinquior
2138 580 2160 599 et

1594 615 1643 643 ipsa
1661 616 1709 637 sole
1726 615 1826 638 nobilior
1843 615 1872 638 ib.
1892 622 1912 644 a,
1924 616 1939 638 b
1950 617 2036 639 —luci
2054 620 2160 639 aeternae

1594 655 1720 682 sapientiae
1737 659 1871 682 comparata
1888 656 1971 678 ceteris
1996 656 2079 678 dicitur
2096 662 2160 684 prae-

1594 694 1675 716 clarior
1685 697 1780 721 propter
1792 697 1949 716 creaturarum
1962 695 2160 723 illuminationem,

1593 733 1749 760 cognitionem
1768 737 1790 755 et
1807 733 1999 761 gubernationem
2010 735 2055 756 692
2073 734 2096 756 b.
2114 735 2158 756 693

1594 778 1606 794 a
1623 785 1654 789 —
1670 773 1740 794 stellis
1757 773 1840 795 dicitur
1863 773 1962 795 nobilior
1988 776 2083 801 propter
2107 773 2160 796 deli-

1594 811 1682 834 ciarum
1708 812 1862 839 affluentiam,
1880 812 2013 834 divitiarum
2039 812 2159 835 abundan-

1594 851 1647 873 tiam
1665 853 1688 873 et
1705 851 1822 878 dignitatis
1838 851 1991 873 excellentiam
2011 852 2055 873 692
2073 858 2085 874 0

1640 902 1670 906 -
1689 890 1710 912 111
1728 890 1801 918 gloria
1821 896 1875 918 prae
1892 891 1975 913 ceteris
1999 894 2033 913 est
2050 891 2159 913 excelsior

1595 930 1640 951 699
1660 929 1674 951 b
1690 941 1721 946 —-
1738 932 1851 958 quantum
1869 929 1898 952 ad
1916 933 2000 952 statum
2019 931 2106 958 gloriae
2128 931 2160 953 di·

1593 969 1651 990 citur
1669 975 1739 997 super
1756 969 1826 991 colles
1843 969 1927 991 elevari
1946 970 1990 991 689
2008 976 2029 997 a,
2047 969 2061 991 b
2079 982 2109 986 —
2126 976 2160 992 00-

1593 1011 1640 1030 tera
1658 1008 1797 1030 transcendit
1814 1013 1926 1037 quantum
1948 1009 1977 1031 ad
2000 1012 2159 1031 creaturarum

1593 1047 1788 1074 illuminationem,
1806 1048 1961 1075 cognitionem
1974 1051 1996 1070 et
2014 1047 2160 1076 gubernatio-

1593 1092 1645 1108 nem
1663 1087 1708 1108 692
1728 1086 1741 1108 b

1640 1138 1669 1141 —
1687 1126 1775 1153 accepit
1792 1127 1873 1148 stolam
1886 1127 1960 1148 carnis
1972 1129 1994 1148 et
2005 1126 2085 1149 stolam
2098 1132 2160 1149 men-

1592 1164 1620 1186 tis
1639 1164 1683 1186 700
1695 1171 1707 1186 a
1726 1177 1755 1180 —
1773 1168 1880 1187 coronata
1899 1165 1938 1187 fuit
1950 1171 2033 1187 corona
2052 1165 2159 1192 gloriosa,

1592 1203 1704 1226 luminosa
1723 1207 1744 1226 01
1764 1204 1864 1229 pretiosa
1883 1205 1927 1226 699
1946 1203 1961 1226 11
1984 1217 2011 1220 -—
2034 1204 2159 1227 conformis

1592 1245 1626 1264 est
1644 1243 1756 1265 maiestati
1783 1243 1865 1268 ratris,
1883 1243 1977 1265 claritati
2000 1244 2114 1271 Unigeniti
2136 1246 2159 1266 et

1592 1282 1679 1304 caritati
1697 1282 1795 1309 Spiritus
1811 1283 1882 1304 sancti
1900 1282 1954 1305 ibid.
1971 1282 2016 1304 700
2035 1289 2046 1304 a
2068 1294 2100 1299 —
2122 1289 2159 1305 co-

1592 1325 1671 1343 ronata
1689 1324 1723 1343 est
1744 1321 1821 1349 lapido
1847 1322 1959 1349 pretioso,
1985 1322 2024 1350 qui
2050 1325 2084 1344 est
2108 1322 2158 1350 ipse

1592 1360 1696 1383 Christus
1720 1360 1766 1382 700
1788 1367 1799 1382 a
1827 1373 1855 1376 ———
1882 1361 2035 1383 Lumiuositas
2059 1367 2159 1384 coronae

1592 1400 1732 1427 apostolicae
1749 1403 1771 1422 et
1789 1400 1857 1422 totius
1880 1401 1993 1422 Ecclesiae
2018 1401 2083 1429 quasi
2109 1406 2159 1423 coa·

1593 1442 1700 1461 cervatur
1718 1439 1739 1461 in
1757 1439 1842 1462 lumine
1859 1445 1960 1462 coronae
1979 1440 2079 1467 Virginis
2096 1439 2150 1462 ibid.

1640 1491 1670 1494 —
1688 1479 1740 1501 liius
1757 1479 1860 1507 castitati,
1878 1480 2006 1507 paupertati
2032 1482 2053 1501 et
2071 1479 2159 1501 humili-

1593 1518 1631 1539 tati
1650 1518 1729 1546 triplex
1747 1519 1872 1546 respondet
1886 1518 1997 1541 mirabilis
2009 1519 2104 1541 thronus
2113 1518 2158 1541 694

1594 1557 1616 1579 b.
1635 1558 1680 1580 695
1698 1564 1709 1580 0
1727 1571 1755 1573 -
1774 1558 1863 1580 ratione
1880 1559 1967 1585 gratiae
1985 1561 2158 1580 consummatae

1593 1597 1613 1618 in
1632 1597 1797 1624 glorificatione
1808 1601 1956 1625 comparatur
1971 1598 2015 1619 luci
2033 1598 2100 1619 solari
2112 1598 2157 1619 698

1592 1635 1607 1657 b
1621 1648 1652 1652 —
1664 1637 1790 1664 glorificata
1803 1637 1866 1665 viget
1879 1643 1919 1665 per
1931 1637 2092 1659 cohaesionem
2104 1643 2157 1659 cum

1593 1675 1653 1697 vitae
1678 1676 1824 1702 aeternitate,
1851 1676 1922 1703 fulget
1940 1682 1981 1703 per
2002 1676 2156 1704 cognitionem

1592 1721 1644 1736 cum
1663 1715 1756 1737 luminis
1772 1715 1886 1742 claritate,
1911 1716 1968 1737 calet
1991 1721 2032 1743 per
2053 1721 2157 1738 amorem

1592 1760 1644 1776 cum
1662 1755 1752 1781 saporis
1773 1754 1914 1777 iucunditate
1939 1754 1993 1777 ibid.
2017 1767 2049 1771 -
2073 1755 2108 1777 Ab
2130 1761 2156 1777 ea

1592 1794 1704 1821 processit
1721 1794 1782 1815 calor
1800 1794 1972 1820 illuminativus,
1990 1794 2156 1823 vivificativus,

1591 1834 1766 1855 conservativus
1783 1837 1805 1855 et
1822 1833 2010 1860 multiplicativus
2031 1833 2072 1855 701
2095 1833 2110 1855 b
2126 1845 2157 1849 —

1592 1871 1626 1894 Ab
1639 1878 1665 1894 ea
1679 1872 1789 1900 processit
1801 1872 1911 1900 splendor
1923 1872 2087 1895 illuminativus
2102 1871 2158 1895 ibid.

1590 1923 1622 1927 --
1638 1911 1669 1933 ob
1687 1911 1798 1939 triplicem
1816 1911 1929 1933 rationem
1950 1911 2083 1934 immediate
2104 1912 2159 1934 assi-

1591 1950 1628 1973 stit
1645 1951 1702 1978 Regi
1721 1951 1766 1972 695
1783 1956 1794 1972 a
1814 1963 1844 1967 —
1870 1953 1979 1979 tanquam
1998 1951 2077 1978 regina
2101 1951 2156 1973 caeli

1590 1990 1655 2012 sedet
1672 1990 1700 2012 ad
1718 1990 1835 2012 dexteram
1854 1990 1923 2017 Regis
1939 1990 1985 2012 700
2002 1996 2015 2011 a

1622 2030 1634 2048 8
1653 2041 1683 2045 -
1701 2029 1749 2050 Non
1767 2032 1802 2051 est
1817 2029 1881 2058 quod
1900 2029 1975 2056 magis
1992 2029 2101 2056 delectet,
2115 2029 2157 2051 sed

1590 2074 1633 2090 nec
1650 2068 1712 2096 quod
1732 2071 1815 2090 terreat
1832 2068 1919 2095 magiS,
1937 2074 2008 2097 quam
2026 2069 2056 2091 de
2073 2074 2098 2090 ea
2117 2069 2157 2090 ha-

1591 2106 1646 2128 bere
1663 2113 1795 2129 sermonem
1822 2107 1866 2129 693
1890 2107 1904 2128 b
1921 2119 1952 2123 —
1969 2108 2003 2129 Ad
2021 2108 2071 2130 eius
2088 2107 2156 2129 subli-

1591 2146 1692 2167 mitatem
1710 2146 1869 2173 explicandam
1887 2152 1934 2168 non
1951 2147 2068 2169 sufiiciunt
2085 2146 2157 2169 verba

1591 2185 1635 2207 695
1654 2185 1668 2207 b
1680 2197 1710 2201 —
1722 2191 1764 2207 nec
1782 2185 1881 2213 primam
1894 2185 1992 2207 similem
2006 2186 2054 2207 visa
2068 2188 2102 2208 est
2113 2191 2156 2207 nec

1591 2223 1677 2246 habere
1693 2228 1829 2253 sequentem
1847 2224 1892 2246 708
1919 2230 1931 2246 a
1949 2237 1979 2241 —
1997 2226 2019 2247 ln
2037 2230 2156 2252 compara-

1590 2264 1652 2286 tione
1668 2264 1717 2285 eius
1735 2264 1793 2286 nulla
1812 2264 1927 2286 invenitur
1945 2265 2058 2291 perfecta,
2076 2270 2156 2292 quam·

1590 2303 1626 2325 vis
1643 2302 1767 2325 virtutibus
1783 2303 1866 2325 eximia
1883 2303 2049 2331 comprobetur
2070 2303 2114 2325 678
2132 2302 2157 2326 b.

1590 2342 1635 2363 708
1654 2341 1677 2364 1).
1695 2342 1740 2364 714
1754 2341 1768 2364 b
1784 2354 1815 2358 —
1832 2342 1918 2364 elevata
1937 2345 1971 2364 est
1987 2348 2058 2369 super
2075 2348 2156 2364 omnes

1590 2384 1720 2408 creaturas,
1737 2385 1761 2403 ut
1778 2381 1807 2403 ad
1825 2381 2003 2409 concipiendum
2022 2382 2094 2403 Deum
2112 2381 2156 2403 dis-

1591 2423 1714 2448 poneretur
1732 2420 1760 2442 98
1778 2426 1790 2441 a

1637 2471 1668 2475 —
1680 2459 1749 2481 habet
1764 2459 1913 2487 privilegium
1929 2459 2035 2487 specialis
2047 2459 2156 2481 conditio-

1590 2499 1634 2526 nis,
1646 2499 1771 2521 nativitatis
1785 2502 1807 2520 et
1819 2498 1977 2526 conceptionis
1988 2499 2033 2520 720
2046 2498 2061 2520 b
2073 2510 2103 2515 —
2115 2498 2156 2520 suit

1591 2538 1710 2560 benedicta
1721 2538 1766 2560 648
1777 2538 1800 2560 b.
1809 2538 1854 2560 668
1866 2544 1878 2560 0
1891 2550 1921 2554 —
1935 2537 2055 2560 benedicta
2068 2538 2109 2559 fuit
2121 2537 2156 2559 tri-

1592 2578 1678 2605 pliciter
1695 2577 1856 2600 benedictione
1869 2577 1946 2599 divina
1959 2577 2004 2599 682
2016 2583 2037 2604 a,
2050 2576 2064 2598 b
2077 2590 2105 2593 --
2118 2576 2156 2599 be-

1591 2617 1681 2639 nedicta
1700 2618 1740 2639 suit
1757 2616 1917 2638 benedictione
1938 2617 2037 2638 humana
2061 2619 2155 2644 propter

1592 2656 1703 2683 triplicem
1716 2656 1871 2678 excellentiam
1885 2656 1929 2677 683
1942 2662 1962 2682 a,
1973 2655 1987 2677 b
1997 2668 2024 2671 —
2037 2655 2076 2677 suit
2089 2655 2155 2677 bene·

1590 2695 1650 2717 dicta
1667 2698 1780 2724 quantum
1792 2695 1820 2716 ad
1834 2695 1922 2717 Prolem
1935 2698 2069 2722 conceptam
2082 2694 2126 2716 684
2139 2693 2154 2716 b

1638 2747 1667 2750 —
1685 2735 1708 2756 111
1725 2740 1751 2756 ea
1769 2734 1828 2756 nulla
1848 2734 1888 2756 fuit
1900 2734 2004 2755 vacuitas
2016 2733 2155 2761 indigentiae

1592 2773 1636 2795 678
1654 2772 1668 2795 b
1685 2785 1715 2789 —
1733 2773 1820 2795 nullum
1839 2772 1925 2795 bonum
1945 2773 1988 2800 ipsi
2001 2772 2073 2795 defuit
2084 2773 2128 2794 703
2141 2778 2153 2794 a

1592 2825 1620 2827 -—
1640 2812 1660 2834 111
1678 2811 1787 2834 omnibus
1805 2811 1871 2834 bonis
1897 2812 1917 2833 in
1936 2812 1998 2833 caelo
2016 2814 2038 2834 et
2054 2812 2076 2834 10
2094 2815 2153 2834 terra

1591 2851 1672 2873 divisis
1688 2858 1714 2874 ex
1732 2851 1841 2873 omnibus
1857 2851 1969 2879 optimam
1983 2854 2072 2878 partem
2085 2851 2154 2878 elegit

1591 2890 1644 2913 ibid.
1662 2903 1692 2906 —-
1710 2891 1761 2913 fecit
1778 2894 1867 2918 septem
1889 2890 2015 2912 divisiones
2038 2889 2153 2912 bonorum

1592 2929 1645 2951 ibid.
1667 2942 1697 2946 —
1722 2929 1859 2951 Fecunditas
1883 2929 1986 2956 virginea
2012 2929 2155 2956 0510111ῑί10-

1592 2969 1656 2997 gium
1675 2969 1758 2991 lilariae
1779 2972 1800 2991 et
1822 2975 1867 2991 non
1885 2968 1977 2991 dabitur
1994 2968 2056 2990 alteri
2076 2969 2120 2990 679
2139 2968 2154 2990 b
