2269 3448
662 413 1349 469 DiesER'rATioNEs

343 594 500 672 DE
563 592 1102 672 SCRIPTIS
1164 594 1310 671 ET
1368 593 1667 672 VITA

635 797 685 868 S.
737 797 1373 869 BONAVENTURAE

796 1000 1095 1023 Waegffi]
1107 1000 1215 1023 ,ΒΓ-

208 1354 234 1382 ln
257 1353 425 1390 praefatione
446 1354 565 1390 generali
588 1353 620 1381 ad
644 1357 727 1382 totam
758 1354 827 1382 hanc
852 1353 974 1390 Operum

129 1401 154 1429 S.
172 1401 379 1429 Bonaventurae
401 1400 586 1429 collectionem
610 1402 685 1436 (tom.
710 1401 726 1428 l.
749 1409 809 1437 pag.
832 1401 946 1435 XXXVl)
961 1409 977 1429 a

128 1448 207 1476 nohis
229 1448 362 1484 scriptum
385 1451 441 1476 est:
461 1459 474 1472 «
488 1448 513 1475 ln
531 1448 627 1475 ultimo
643 1450 716 1475 tomo
732 1456 802 1476 nova
817 1448 871 1476 vita
886 1448 910 1476 S.
928 1448 976 1476 Bo-

130 1497 315 1528 naventurae,
336 1495 460 1531 augenda
483 1495 515 1523 iis
537 1495 655 1528 notitiis,
677 1502 748 1531 quae
776 1502 791 1522 a
817 1495 910 1528 nohis,
934 1495 975 1523 vel

128 1542 188 1570 aliis
210 1542 259 1570 hac
281 1544 369 1569 aetate
391 1545 485 1569 nostra
506 1544 616 1578 reperta
637 1545 714 1575 sunt,
736 1541 932 1578 publicabitur,
948 1542 973 1570 in

129 1597 184 1625 qua
208 1588 289 1617 etiam
313 1596 383 1625 quae
406 1589 431 1616 in
456 1589 656 1625 Prolegomenis
684 1589 757 1617 circa
785 1589 845 1617 eius
873 1589 975 1625 scripta

1034 1357 1061 1382 et
1081 1354 1234 1382 doctrinam
1256 1354 1355 1390 passim
1379 1357 1405 1382 et
1427 1354 1542 1390 sparsim
1565 1354 1636 1382 dicta
1658 1357 1735 1388 sunt,
1752 1355 1777 1382 in
1798 1362 1881 1382 unam

1033 1401 1184 1437 synthesim
1207 1401 1412 1437 colligentur».
1436 1401 1469 1429 Ut
1490 1401 1574 1437 igitur
1596 1401 1639 1429 his
1661 1401 1802 1437 promissis
1828 1403 1881 1428 ste-

1034 1455 1111 1480 mus,
1133 1447 1271 1483 duplicem
1294 1447 1512 1476 dissertationem
1543 1448 1568 1475 in
1599 1448 1650 1476 hoc
1674 1448 1779 1476 tomulo
1801 1447 1881 1476 exhi-

1034 1494 1146 1527 bemus,
1168 1502 1287 1531 quarum
1310 1494 1400 1531 prima
1421 1498 1462 1523 est
1482 1494 1515 1522 de
1540 1494 1670 1531 operibus
1692 1498 1719 1523 et
1739 1495 1881 1531 opusculis

1032 1542 1117 1569 sancti
1140 1541 1281 1576 Doctoris,
1302 1542 1422 1570 secunda
1450 1542 1483 1570 ‹le
1506 1542 1560 1570 vita
1582 1542 1668 1578 ipsius
1698 1550 1746 1578 per
1769 1542 1879 1570 modum

1031 1589 1171 1617 annalium
1193 1592 1330 1617 enarrata.

842 1724 1118 1758 DISSERTATIO
1146 1725 1167 1757 l.

732 1831 777 1864 De
803 1831 921 1876 scriptis
947 1831 1095 1875 seraphici
1122 1830 1271 1864 Doctoris.

205 1961 303 1989 Notum
326 1964 376 1995 est,
398 1964 508 1997 praeter
530 1969 614 1998 opera
634 1961 754 1998 genuina
776 1961 829 1990 iam
850 1969 866 1989 a
880 1969 975 1990 saecu-

126 2007 159 2035 lis
188 2007 255 2035 falso
282 2007 417 2036 attributa
444 2015 503 2036 esse
525 2008 550 2036 S.
573 2008 781 2037 Bonaventnrae
805 2017 858 2037 non
888 2017 976 2045 pauca

126 2054 244 2090 scripta;
259 2054 333 2082 unde
348 2054 437 2091 primo
457 2055 549 2091 agitur
564 2055 597 2083 de
612 2055 743 2091 operibus
758 2063 774 2083 a
788 2055 866 2084 nohis
881 2055 908 2083 in
924 2055 975 2083 hac

126 2101 285 2129 collectione
306 2101 440 2137 receptis,
462 2101 519 2130 sive
534 2101 661 2138 genuinis
676 2102 733 2130 sive
748 2102 888 2130 nonnullis
903 2102 975 2130 inter

125 2146 209 2175 dubia
238 2147 347 2183 positis;
373 2147 493 2176 secundo
521 2156 588 2177 vero
615 2148 648 2176 de
678 2148 806 2184 pluribus
834 2148 975 2185 opusculis

127 2202 271 2230 perperam
294 2194 344 2230 ipsi
368 2194 495 2229 tributis;
519 2195 600 2223 tertio
619 2194 653 2223 de
674 2195 800 2223 doctrina
821 2195 953 2224 eiusdem.

491 2297 569 2325 PARS
592 2297 608 2324 l.

216 2381 252 2411 De
274 2381 398 2420 operibus
419 2381 555 2420 legitimis
576 2382 605 2412 et
626 2382 765 2412 nonnullis
785 2382 884 2412 dubiis.

206 2476 232 2504 ln
255 2476 422 2512 praefatione
443 2476 563 2513 generali
588 2476 719 2505 volumini
742 2477 831 2513 primo
850 2477 974 2514 praefixa

126 2523 260 2560 quaedam
283 2523 355 2551 dicta
376 2526 441 2551 sunt
462 2523 495 2552 de
516 2523 626 2552 nomine
647 2523 810 2560 εει-(11711160,
826 2524 899 2561 quod
920 2532 973 2552 non

125 2570 204 2606 prius
225 2578 308 2607 quam
332 2578 401 2598 saec.
418 2570 471 2598 XV.
489 2571 698 2599 Bonaventurae
719 2572 903 2600 communiter
925 2572 974 2600 tri-

125 2617 237 2649 buitur:
260 2617 357 2646 deinde
380 2618 449 2645 ratio
471 2617 609 2652 redditur,
631 2626 718 2655 quare
737 2622 798 2655 post
819 2622 858 2647 tot
879 2619 974 2648 editio—

126 2671 174 2692 nes
196 2672 266 2691 nova
288 2664 355 2692 haec
377 2664 411 2692 ab
432 2664 528 2693 ordine
550 2665 676 2693 Fratrum
699 2665 835 2693 lllinorum
857 2673 973 2702 operum

125 2710 248 2739 omnium
277 2710 400 2739 collectio
429 2714 556 2748 suscepta
584 2712 634 2745 sit;
666 2720 721 2748 qua
749 2713 891 2741 occasione
920 2713 975 2741 vita

126 2757 246 2785 duorum
268 2758 403 2791 virorum,
425 2758 472 2794 qui
496 2766 561 2794 prae
582 2758 642 2786 aliis
662 2758 695 2787 de
716 2759 826 2795 scriptis
847 2760 872 2787 S.
889 2760 974 2788 Bona-

126 2807 259 2832 venturae
281 2804 384 2841 optime
410 2805 499 2833 meriti
522 2809 603 2839 sunt,
624 2805 817 2840 adumbratur,
839 2806 896 2834 scil.
919 2807 975 2835 vita

126 2851 213 2879 Patris
234 2851 370 2879 Benedicti
392 2851 493 2880 Bonelli
516 2853 588 2889 (pag.
611 2852 666 2888 Vll)
689 2856 715 2880 et
737 2853 824 2881 Patris
844 2852 942 2881 Fidelis
959 2861 974 2881 a

126 2898 216 2926 Fanna
238 2899 310 2934 (pag.
333 2898 457 2933 VIII-XI).

204 2945 238 2973 Ut
258 2948 350 2973 autem
373 2944 405 2973 ad
427 2945 522 2974 oculos
544 2948 649 2982 pateat,
673 2949 776 2983 quanta
797 2947 831 2975 sit
846 2947 973 2975 differen-

126 2992 163 3020 tia
184 2992 256 3020 inter
271 2991 371 3020 ludloia
385 2992 578 3029 principalium
601 3001 764 3027 censorum,
787 2994 833 3031 qui
856 3002 973 3023 examen

126 3038 252 3067 criticum
275 3038 347 3067 circa
369 3039 436 3067 haec
457 3047 541 3076 opera
570 3040 765 3074 instituerunt,
787 3041 913 3069 exhibita
933 3044 975 3069 est

221 3093 246 3116 S.
262 3093 352 3116 Bonav.
369 3106 399 3110 --
418 3094 486 3116 Tom.
503 3095 532 3116 X.

1033 1962 1126 1990 tabula
1148 1961 1184 1989 94
1206 1969 1321 1998 operum
1343 1961 1490 1990 Vaticanae
1511 1961 1649 1996 editionis,
1671 1961 1762 1990 addito
1781 1962 1880 1991 iudicio

1032 2008 1155 2037 Casimiri
1176 2008 1290 2042 Oudini,
1305 2008 1442 2037 editorum
1458 2008 1639 2042 Venetorum,
1656 2008 1798 2045 Hyacinthi
1815 2009 1880 2037 Sha-

1033 2056 1122 2083 raleae
1144 2058 1171 2083 et
1192 2055 1327 2083 Benedicti
1351 2055 1451 2083 Bonelli
1474 2055 1545 2092 (pag.
1561 2055 1704 2091 Xll-XXl);
1726 2055 1823 2084 deinde
1838 2064 1880 2084 se-

1032 2103 1128 2139 quitur
1150 2102 1236 2131 altera
1260 2102 1351 2131 tabula
1373 2104 1445 2139 (pag.
1462 2102 1647 2138 XXlll-XXVl)
1669 2102 1791 2131 referens
1811 2111 1879 2139 opu-

1032 2150 1108 2178 scula
1129 2150 1175 2182 48,
1198 2157 1269 2186 quae
1292 2150 1430 2178 habentur
1453 2150 1478 2177 in
1499 2150 1587 2178 trihus
1602 2150 1790 2178 voluminibus
1806 2150 1880 2187 Sup-

1028 2196 1166 2233 plcmenti
1192 2197 1232 2224 ud
1260 2196 1360 2224 omnia
1389 2205 1477 2233 opera
1500 2197 1725 2224 Bonaeentiircte
1753 2196 1816 2225 editi
1845 2197 1880 2225 ab

1032 2243 1126 2271 eodem
1150 2243 1260 2272 Bonelli.

1110 2290 1259 2326 Complura
1286 2290 1383 2319 deinde
1411 2290 1543 2318 (licuntur
1571 2291 1644 2318 circa
1669 2290 1827 2319 methodum
1853 2291 1878 2318 in

1031 2337 1149 2365 editione
1177 2340 1272 2365 nostra
1299 2337 1471 2366 observatam
1502 2339 1573 2374 (pag.
1596 2337 1828 2373 XXXI-XXXVIII)
1853 2341 1880 2366 et

1033 2385 1058 2412 in
1088 2384 1141 2412 line
1170 2384 1291 2412 refertur
1318 2386 1389 2421 (pag.
1412 2384 1527 2419 XXXIX)
1559 2384 1635 2412 bulla
1667 2384 1879 2412 canonizationis

1031 2432 1056 2460 S.
1079 2431 1287 2459 Bonaventurae
1308 2434 1434 2460 emanata
1456 2440 1471 2459 a
1492 2432 1570 2459 Sixto
1589 2432 1629 2459 IV.
1645 2439 1717 2460 anno
1734 2431 1879 2464 1482116-

1031 2478 1102 2506 cimo
1130 2482 1226 2507 octavo
1248 2478 1304 2507 Kal.
1327 2479 1403 2512 Maii,
1427 2482 1454 2507 et
1482 2479 1563 2507 etiam
1585 2479 1662 2506 Bulla
1683 2478 1753 2506 Sixti
1774 2478 1808 2512 V,
1831 2478 1878 2514 qui

1031 2526 1148 2554 eundem
1170 2534 1242 2554 anno
1266 2526 1340 2554 1588
1362 2526 1449 2562 pridie
1473 2526 1534 2554 ldus
1562 2525 1649 2553 Martii
1679 2525 1750 2553 inter
1771 2528 1879 2553 sanctos

1033 2573 1165 2601 Ecclesiae
1188 2573 1319 2601 Doctores
1340 2573 1487 2601 recensuit.

1263 2674 1337 2697 Primo
1355 2674 1380 2697 ‹le
1398 2674 1512 2704 opusculis
1529 2673 1649 2703 legitimis.

1110 2761 1270 2798 Congruum
1286 2764 1336 2795 est,
1348 2764 1379 2789 ut
1394 2761 1604 2797 praemittamus
1620 2760 1740 2789 tabulam
1754 2760 1876 2788 omnium

1031 2815 1146 2844 operum
1170 2808 1254 2836 huius
1275 2811 1385 2836 nostrae
1407 2807 1583 2836 collectionis.

1117 2901 1229 2930 Tabula
1251 2901 1382 2930 onmium
1404 2900 1493 2928 liuius
1514 2900 1647 2928 editionis
1669 2908 1797 2937 operum.

1112 2995 1168 3023 1-[1.
1185 2995 1378 3023 Commentarii
1395 2995 1421 3022 in
1437 2998 1558 3031 quatuor
1574 2994 1658 3023 libros
1673 2994 1876 3022 Sententiarum

1032 3041 1101 3070 Petri
1124 3041 1285 3075 Lombardi3
1309 3045 1373 3070 tom.
1397 3041 1461 3069 1-1V.

1773 3097 1778 3117 1
