2269 3448
615 232 671 254 REM

360 279 403 295 nec
421 272 537 294 miraculis
554 277 595 294 nec
613 271 695 299 poenis
707 270 736 292 ab
749 276 828 292 amore
843 270 928 292 saeculi

361 313 496 339 avertimur,
513 314 547 333 cst
564 316 636 338 prava
653 309 797 332 consuetudo
813 309 854 331 551
872 308 886 330 1)
898 321 928 325 -

361 351 470 379 Exempla
487 349 542 372 ibid.
560 350 605 372 552
623 356 634 371 a

409 403 438 406 ——
457 390 516 412 Bene
535 391 638 412 fecerunt
654 388 693 417 qui
715 387 805 411 Christo
827 393 929 409 necessa-

362 430 394 452 ria
413 429 572 457 providerunt,
589 428 630 450 sed
649 428 731 450 melius
748 427 787 456 qui
805 426 881 448 onmia
897 426 929 448 di-

362 468 486 495 miserunt,
505 471 529 490 ut
551 474 604 489 enm
627 466 756 495 expeditius
778 468 929 494 sequerentur

363 509 407 530 288
426 514 446 535 a,
465 507 480 530 b
499 520 527 523 —-
552 506 668 529 Debemus
690 506 767 528 omnia
791 505 929 533 relinquere,

364 552 389 570 ut
406 548 505 576 perfecte
524 546 648 569 Dominum
666 545 731 574 sequi
751 544 867 572 possimus
884 543 930 566 550

364 587 379 609 b
396 600 426 604 —
444 586 609 609 Similitudines
626 584 682 607 ibid.
699 597 728 601 —
740 584 831 612 Optima
846 589 930 605 merca-

364 627 394 649 tio
411 631 445 649 est
463 626 518 648 dare
536 632 608 647 unum
627 627 649 646 et
661 624 766 651 accipere
779 626 871 645 centum
885 622 929 644 550

364 665 387 688 b.
405 666 445 688 551
467 672 478 687 a

412 706 571 727 Remunennto
589 716 619 719 ψ
642 703 663 724 111
687 703 729 724 bac
754 702 800 723 vita
826 707 871 722 non
897 703 931 722 est

364 744 517 772 exspectanda
535 743 580 765 299
598 748 610 764 a

412 784 486 806 Renes
502 795 533 799 -
551 783 572 804 111
591 781 685 803 renibus
702 783 736 802 est
753 780 818 807 orIgo
836 779 931 801 carnali-

365 823 416 845 tatis
434 823 462 844 66
481 829 492 844 a

412 863 539 884 Renovnio
559 874 586 876 —
604 859 728 888 spiritualis
744 858 822 886 incipit
834 864 845 880 a
859 857 931 885 gratia

364 901 491 930 septiformi
510 904 531 923 et
548 903 723 922 consummatur
744 899 766 920 in
790 898 861 925 gloria
884 897 933 919 dei-

366 942 433 964 formi
455 941 495 963 137
514 946 542 962 a-
556 940 599 961 139
618 939 632 961 1)
649 951 681 955 —
697 937 821 966 spiritualis
844 936 869 958 fit
891 942 933 964 per

365 983 514 1009 peccatorum
532 979 714 1005 detestationem,
732 976 867 999 interiorum
886 975 932 997 Deo

365 1019 571 1046 consecrationem,
588 1023 680 1040 morum
698 1016 851 1039 ostensionem
870 1020 933 1042 prae*

366 1060 451 1082 claram
471 1059 514 1080 430
533 1064 544 1080 a
564 1070 593 1074 -
607 1056 723 1079 Debemus
735 1055 842 1078 renovari
854 1060 933 1077 secun-

366 1099 422 1121 dum
440 1098 538 1126 gratiam
557 1097 726 1125 baptismalem,
739 1094 933 1123 poenitentialem,

365 1138 455 1160 finalem
475 1137 519 1159 420
537 1137 551 1159 d
569 1148 599 1152 —
618 1135 734 1158 Debemus
751 1133 859 1156 renovari
874 1133 933 1155 sicut

366 1183 470 1205 serpens,
486 1182 577 1203 cervus,
595 1176 679 1204 aquila,
700 1174 797 1202 phoenix
817 1173 861 1195 430
880 1172 894 1194 1)

415 1218 555 1239 accusamus
579 1228 606 1230 —
630 1214 745 1243 quaedam
770 1213 799 1235 de
822 1212 887 1234 Balsa
909 1217 933 1233 se

367 1255 499 1284 implicabat
522 1255 543 1277 in
566 1254 677 1276 omnibus
699 1256 721 1275 ct
743 1252 820 1275 onmia
837 1258 879 1274 sua
897 1251 934 1273 de-

367 1295 474 1324 peribant
491 1295 512 1317 in
531 1295 601 1316 domo
619 1299 660 1315 sua
679 1293 723 1315 363
741 1291 756 1313 1)

415 1336 566 1357 Remurium
579 1346 609 1349 —
621 1331 809 1354 Renuntiandum
821 1329 935 1352 6510111111-

370 1374 413 1397 bus
431 1374 559 1396 secundum
577 1373 706 1394 doctrinam
726 1370 807 1393 Christi
829 1373 851 1391 et
874 1368 934 1390 l'auli

369 1414 413 1436 475
432 1413 446 1435 b
466 1426 493 1429 —
511 1412 554 1441 Qui
573 1414 645 1434 totum
664 1410 777 1432 renuntiat
796 1412 867 1431 totum
884 1413 935 1435 pos-

369 1454 428 1476 sidet
445 1453 489 1474 300
508 1458 519 1474 a

416 1493 512 1514 ammom
530 1504 559 1506 —
577 1494 631 1512 sunt
647 1490 725 1511 stellae
743 1493 875 1516 percussae,
892 1486 937 1508 rui-

369 1537 447 1558 nosae,
465 1531 575 1552 erraticae
592 1533 614 1551 et
631 1529 712 1556 nigrae
730 1529 801 1550 factae
819 1526 863 1548 719
882 1526 896 1548 b

416 1571 519 1593 aarum
537 1582 566 1586 —
585 1570 750 1596 Reptansvpcr
767 1567 875 1594 scopulos
897 1566 937 1587 du-

369 1617 406 1632 ros
424 1610 479 1632 fodit
496 1610 532 1631 vel
550 1609 634 1631 lacerat
651 1613 733 1629 manus
750 1609 772 1628 et
783 1606 855 1634 pedes
867 1605 911 1627 325
924 1611 936 1626 a

416 1650 513 1675 Rcomes
529 1661 559 1664 —
577 1648 611 1670 Ad
633 1647 737 1676 requiem
760 1646 868 1668 venimus
890 1647 936 1667 tan-

370 1693 418 1711 111111
433 1695 473 1717 per
485 1688 588 1710 laborem
602 1688 642 1709 261
661 1687 675 1708 1)
688 1699 717 1702 ἢ
731 1686 866 1713 Exemplum
881 1683 937 1707 ibid.

370 1742 399 1745 —
411 1729 466 1750 Viae
480 1728 507 1750 ad
522 1727 626 1756 requiem
640 1729 705 1748 sunt:
718 1725 833 1751 sanctitas,
845 1724 937 1749 iustitia,

370 1769 462 1794 veritas,
475 1767 611 1792 innocentia,
623 1766 713 1792 caritas,
726 1764 883 1786 misericordia
893 1762 936 1784 2157

371 1807 393 1829 b.
412 1808 456 1829 268
470 1813 482 1829 a
495 1819 525 1823 --
537 1806 559 1828 Si
573 1806 680 1828 volumus
692 1805 771 1826 venire
783 1804 812 1826 ad
825 1802 938 1831 requiem,

371 1846 485 1869 debemus
497 1846 583 1868 babere
595 1851 632 1867 sex
646 1850 739 1872 pennas,
748 1849 808 1872 quae
820 1846 885 1864 sunt:
899 1848 938 1869 pu-

372 1886 421 1914 dor,
440 1886 515 1912 timor,
533 1885 605 1911 dolor,
623 1885 718 1911 clamor,
741 1883 803 1910 rigor
825 1885 846 1904 et
869 1881 938 1903 ardor

372 1925 417 1947 268
435 1931 446 1947 a
467 1937 495 1940 -
514 1923 628 1946 Habentes
646 1923 706 1951 ipsas
723 1920 874 1944 obumbrabit
891 1920 939 1947 Spi-

372 1965 430 1986 ritus
448 1964 470 1986 S.
488 1963 541 1986 ibid.
559 1975 590 1979 —
602 1963 683 1984 Anima
697 1961 764 1983 habet
777 1960 880 1989 requiem
894 1963 939 1981 tan-

374 2008 420 2026 tum
440 2004 461 2025 in
481 2003 585 2029 Domino,
603 2002 702 2030 ideoque
719 2000 816 2029 quilibet
828 1999 897 2021 debet
908 1999 939 2021 su-

374 2049 429 2071 gere
445 2043 622 2070 occupationem
642 2044 755 2063 terrenam
774 2038 828 2061 ibid.

420 2095 451 2098 —
468 2088 538 2110 quam
557 2086 669 2110 quaerere
686 2079 808 2105 debemus,
825 2081 859 2100 est
871 2080 940 2099 aeter-

374 2128 401 2144 na
420 2121 492 2149 gloria
512 2121 555 2142 269
575 2120 589 2142 b
605 2133 635 2136 —
650 2124 740 2141 aeterna
760 2118 795 2140 hic
814 2118 940 2143 inchoatur,

375 2161 469 2190 quando
487 2160 562 2182 anima
580 2166 591 2181 a
605 2164 703 2187 corpore
715 2160 844 2185 separatur,
856 2158 878 2178 et
889 2162 941 2178 con-

374 2203 504 2222 summatur
522 2200 543 2221 in
563 2198 729 2221 resurrectione
747 2196 801 2219 ibid.
819 2209 848 2211 —
861 2195 896 2217 Ad
909 2200 942 2216 re-

375 2240 453 2268 quiem
472 2239 552 2261 beatae
564 2238 659 2260 visionis
672 2237 734 2259 veuit
746 2238 815 2258 honio
828 2241 869 2263 per
881 2240 942 2256 exer-

375 2279 454 2301 citium
467 2278 615 2306 operationis,
625 2277 737 2305 gemitum
748 2274 941 2303 compunctionis,

375 2319 446 2340 otium
465 2317 672 2344 contemplationis,
691 2316 797 2338 bravium
815 2314 942 2337 retributio-

377 2358 411 2380 nis
428 2357 473 2379 267
493 2357 507 2379 1)
524 2369 555 2372 —
573 2357 614 2378 Per
631 2357 687 2378 naec
705 2355 795 2382 singula
808 2354 900 2383 requies
912 2354 942 2376 in-

377 2398 481 2424 choatur,
499 2396 626 2424 proficitur,
644 2395 769 2423 perficitur,
793 2396 943 2422 perpetuatur

376 2435 430 2459 ibid.

424 2476 576 2497 Resonaecrio
595 2487 623 2489 —
641 2477 675 2496 est
692 2473 786 2495 materia
811 2472 943 2495 consolatio-

377 2515 412 2537 nis
427 2515 472 2536 273
485 2521 495 2536 a
510 2527 539 2529 —
553 2513 611 2540 facit,
624 2519 651 2535 ne
664 2513 774 2535 desolatio
792 2511 944 2534 absorbeatur

378 2554 399 2576 in
414 2554 526 2575 tristitiam
544 2552 598 2575 ibicl.
617 2565 646 2568 —
664 2552 804 2574 Monstruosa
824 2557 859 2573 res
877 2553 944 2577 esset,

378 2593 396 2615 si
415 2596 485 2620 caput
501 2596 632 2620 resurgeret
643 2592 690 2614 siue
703 2590 815 2613 membris
832 2590 876 2612 274
890 2596 901 2611 a
915 2602 945 2606 —

379 2633 451 2655 Pauca
470 2638 566 2659 corpora
583 2633 719 2653 Sanctorum
733 2631 778 2652 iani
791 2632 945 2656 surrexerunt,

378 2674 399 2693 et
418 2672 520 2700 sequitur
539 2671 631 2693 uberior
648 2669 818 2697 resurgentium
835 2674 946 2691 numerus

379 2711 424 2733 283
443 2711 457 2732 b
922 2730 925 2734 ,

428 2763 455 2766 -
475 2749 648 2777 {inpossibilitas
670 2748 843 2770 resurrectionis
864 2753 946 2775 corpo-

380 2790 411 2811 ris
428 2789 535 2811 refellitur
552 2792 651 2817 quatuor
669 2786 884 2809 inconvenientibus
901 2787 946 2808 273

381 2828 403 2850 b.
422 2829 465 2850 274
484 2835 495 2850 a
513 2840 544 2844 —
561 2828 689 2855 Explicatur
706 2827 790 2854 duplex
808 2826 858 2848 linis
874 2831 948 2847 resur-

381 2868 488 2890 rectionis
513 2867 557 2889 273
581 2873 593 2888 a
611 2866 766 2888 —Homines
791 2871 871 2887 omnes
896 2868 947 2887 ante

382 2907 486 2928 ultimum
506 2906 616 2928 iudicium
635 2908 755 2932 resurgent.
772 2905 801 2926 335
819 2910 832 2926 a
850 2917 879 2919 —
896 2904 948 2925 Post

384 2947 574 2967 resurrectionem
598 2947 672 2967 cessat
694 2944 812 2972 generatio
829 2946 851 2965 et
868 2949 948 2965 corru-

384 2984 431 3011 ptio
449 2985 493 3005 383
513 2983 526 3005 b

1012 281 1038 284 —
1056 269 1080 290 ln
1098 268 1265 291 resurrectione.
1282 274 1294 290 a
1317 273 1415 295 corpore
1437 267 1528 289 cuiusli-

963 307 1002 330 bet
1020 308 1079 330 Beati
1097 307 1256 330 removebitur
1268 307 1344 329 omnis
1355 307 1480 334 corruptio,
1492 305 1530 328 de-

963 348 1066 369 formitas
1083 350 1104 369 et
1125 346 1262 374 obscuritas,
1285 346 1386 372 tarditas,
1408 345 1529 367 infirmitas

963 392 985 409 et
1008 387 1136 408 animalitas
1159 386 1188 408 29
1207 385 1221 407 l]
1239 399 1269 401 —
1287 386 1308 407 ln
1332 385 1500 407 resurrectione
1517 390 1529 406 a

963 426 1101 453 corporibus
1130 426 1251 447 Beatorum
1281 424 1427 447 amovebitur
1455 423 1530 445 omnis

963 465 1067 487 desectus
1085 465 1190 487 miseriae
1209 464 1237 486 45
1255 464 1270 485 b
1286 476 1316 480 —
1329 464 1351 485 ln
1363 463 1531 485 resurrectione

964 510 1049 532 corpus
1066 503 1229 526 reformabitur
1246 503 1276 525 ab
1293 503 1356 525 omni
1374 502 1465 524 miseria
1490 508 1531 529 per

963 543 1170 571 configurationem
1199 542 1307 564 claritatis
1331 541 1422 569 corpori
1448 540 1530 563 Christi

966 583 993 604 48
1011 588 1024 604 a
1041 594 1071 598 --
1089 582 1254 603 inconveniens
1266 584 1334 607 esset,
1347 581 1365 603 si
1379 583 1448 608 caput
1461 579 1531 608 (Chri-

964 622 1022 650 stus)
1040 624 1099 643 esset
1116 622 1223 649 pulcrum
1242 624 1263 642 et
1275 620 1412 646 immortale,
1426 619 1530 641 membra

965 666 1021 682 vero
1038 659 1195 688 corruptibilia
1213 662 1235 681 et
1251 659 1364 681 det'ormia
1383 659 1427 681 239
1446 658 1460 680 b

1012 711 1042 715 -—
1061 699 1131 721 nescit
1149 702 1291 721 senectutem
1309 698 1354 720 284
1372 704 1383 719 a
1396 710 1427 714 —
1439 697 1532 719 nihilsi-

965 738 1061 760 nistrnm
1075 738 1156 766 recipit
1168 737 1222 760 ibid.
1233 750 1264 753 —
1276 738 1328 759 Post
1339 737 1530 759 resurrectionem

965 778 1024 799 nulla
1043 777 1086 799 erit
1103 777 1124 799 in
1143 783 1212 799 carne
1228 776 1427 804 eoncupiscentia,
1438 776 1497 797 nulla
1511 776 1532 797 in

966 817 1077 839 intellectu
1089 816 1183 843 fallacia,
1193 816 1253 838 nulla
1267 816 1287 838 iu
1298 816 1379 838 atl'ectu
1392 815 1477 837 malitia
1488 815 1532 837 283

966 856 981 878 b
997 868 1029 872 ——
1048 857 1069 878 ln
1087 857 1254 878 resurrectione
1271 861 1342 877 verus
1359 855 1408 877 dics
1423 853 1534 882 aspirabit

966 898 988 918 et
1004 896 1080 918 omnis
1097 895 1214 917 hebetudo
1232 893 1331 917 cessabit
1347 893 1402 916 ibid.
1419 906 1448 909 —
1467 894 1488 915 ln
1501 899 1534 915 re-

967 935 1108 957 surrectione
1130 934 1257 962 replebitur
1274 934 1365 956 animae
1382 933 1496 961 appetitus
1512 936 1534 954 et

967 974 1117 997 renovabitur
1134 980 1219 1002 corpus
1237 974 1281 995 139
1298 980 1319 1001 a,
1337 972 1352 995 b

1014 1027 1045 1030 —
1062 1014 1085 1036 Si
1104 1014 1127 1036 in
1145 1013 1312 1036 resurrectione
1335 1013 1444 1034 volumus
1466 1012 1535 1034 clare-

967 1060 1031 1076 scere
1054 1054 1082 1076 ad
1107 1053 1203 1075 modum
1227 1053 1300 1079 nivis,
1318 1051 1452 1074 vestimenta
1474 1051 1534 1073 vitae

967 1096 1059 1115 nostrae
1071 1092 1156 1115 debent
1168 1098 1218 1114 esse
1232 1091 1314 1119 lucida,
1327 1090 1426 1117 subtilia,
1438 1091 1534 1118 integra,

968 1133 1069 1160 gemina,
1086 1132 1157 1160 varia,
1175 1131 1251 1153 talaria
1271 1131 1315 1152 220
1328 1138 1349 1157 a,
1362 1130 1376 1151 b
1388 1142 1418 1146 —-
1431 1130 1473 1158 Qui
1487 1130 1535 1151 vult

967 1172 1107 1200 configurari
1125 1171 1216 1199 corpori
1235 1170 1315 1193 Christi
1334 1171 1355 1191 iu
1373 1170 1445 1197 patria
1465 1168 1535 1190 debet

967 1218 1052 1240 eorpus
1069 1215 1187 1233 conterere
1214 1210 1311 1236 ieiuniis,
1336 1209 1457 1231 humiliare
1479 1208 1536 1230 affli-

968 1251 1090 1278 ctionibus,
1108 1250 1244 1273 submittere
1263 1249 1317 1276 iugo
1334 1248 1451 1270 servitutis
1465 1248 1535 1269 27511

968 1303 998 1307 —
1016 1291 1090 1312 Tanto
1102 1296 1187 1317 corpus
1200 1291 1302 1310 nostrum
1316 1288 1359 1309 crit
1370 1287 1462 1314 corpori
1475 1286 1535 1308 Chri-

968 1331 996 1353 sti
1014 1329 1163 1356 conformius,
1188 1331 1275 1357 quanto
1300 1333 1343 1355 pro
1369 1327 1418 1348 eius
1443 1326 1536 1348 nomine

969 1373 1017 1392 erat
1035 1369 1143 1391 humilius
1162 1368 1205 1389 172
1223 1374 1244 1389 a.
1266 1368 1306 1388 190
1325 1373 1345 1388 a.
1363 1366 1408 1388 275
1426 1372 1437 1387 a
1456 1378 1485 1382 —
1503 1368 1537 1387 est

969 1408 1121 1437 exspectanda
1143 1414 1196 1430 cum
1221 1406 1346 1433 modestia,
1364 1405 1491 1427 innocentia
1515 1407 1536 1426 et

970 1448 1077 1476 patientia
1097 1448 1141 1469 218
1160 1447 1182 1469 b.
1201 1447 1244 1468 219
1263 1453 1274 1467 a

1017 1501 1047 1504 —
1068 1488 1215 1509 Peccatorom
1240 1486 1344 1508 remissio
1367 1488 1400 1507 est
1420 1483 1536 1513 quaedam

971 1534 982 1550 a
1002 1531 1075 1549 morte
1092 1526 1231 1549 resurrectio
1254 1525 1299 1547 584
1318 1525 1332 1547 b
1357 1537 1384 1539 Α
1406 1525 1486 1552 Quoad
1504 1530 1537 1546 re-

970 1567 1138 1589 surrectionem
1156 1566 1300 1593 spiritualem
1319 1564 1411 1586 notandi
1425 1567 1478 1585 sunt
1489 1563 1536 1592 qni-

971 1607 1039 1634 dam,
1056 1606 1096 1634 qui
1114 1611 1156 1628 nec
1173 1608 1298 1632 resurgunt
1316 1610 1357 1626 nec
1375 1609 1497 1630 resurgere
1513 1608 1537 1624 se

971 1646 1105 1674 ostenduntg
1126 1645 1170 1672 alii,
1191 1645 1229 1673 qui
1248 1644 1356 1666 videntur
1373 1649 1476 1670 surgere,
1496 1642 1537 1665 sed

972 1692 1017 1708 non
1041 1688 1151 1713 surgunt,
1175 1684 1233 1706 tertii
1256 1686 1356 1711 surgunt
1375 1683 1452 1711 quoad
1473 1682 1537 1711 quid,

971 1726 1011 1748 sed
1030 1731 1075 1747 non
1097 1724 1243 1752 simpliciter;
1265 1723 1340 1752 quarti
1363 1725 1474 1750 surgunt,
1497 1722 1538 1743 sed

972 1771 1017 1787 non
1036 1770 1088 1786 cum
1108 1764 1209 1790 Christo;
1227 1763 1299 1792 quinti
1319 1764 1419 1790 perfecte
1441 1764 1539 1789 surgunt

974 1810 1026 1826 cum
1046 1804 1135 1826 Christo
1153 1803 1198 1825 276
1218 1802 1232 1824 b
1249 1815 1280 1819 —
1298 1802 1332 1824 lsti
1350 1805 1402 1824 sunt
1425 1801 1539 1823 manifesti

973 1847 1114 1872 peccatores,
1133 1842 1273 1870 hypocritae,
1292 1848 1334 1869 pro
1347 1845 1411 1869 parte
1424 1841 1539 1868 poeniteu-

973 1886 1019 1910 tes,
1037 1882 1066 1904 ab
1084 1882 1172 1909 integra
1196 1881 1334 1909 poenitentia
1353 1880 1500 1906 recedentes,
1517 1880 1538 1901 in

973 1923 1061 1950 integra
1087 1922 1226 1949 poenitentia
1253 1920 1400 1948 persistentes
1422 1918 1539 1941 10111277

973 1961 995 1983 b.
1016 1961 1061 1983 278
1079 1967 1099 1987 a,
1118 1960 1139 1983 b.
1158 1961 1202 1982 279
1221 1966 1233 1981 a
1251 1972 1280 1975 —
1300 1960 1327 1981 Ut
1344 1959 1482 1981 resurrectio
1500 1964 1539 1980 no-

973 2004 1018 2023 stra
1035 2000 1159 2028 spiritualis
1180 1999 1207 2021 sit
1230 1998 1355 2021 conformis
1377 1997 1538 2020 resurrectioni

974 2040 1062 2067 Christi,
1080 2039 1149 2061 debet
1166 2044 1216 2060 esse
1235 2044 1301 2065 vera,
1318 2038 1454 2063 accelerata,
1473 2037 1539 2059 unica

974 2079 1019 2101 275
1038 2079 1060 2101 b.
1078 2079 1121 2100 276
1140 2085 1152 2100 a
1169 2090 1200 2094 —
1217 2077 1410 2104 consurgendum
1423 2080 1457 2099 est
1470 2076 1540 2098 totali-

974 2122 1008 2141 ter
1025 2119 1069 2140 278
1088 2118 1102 2140 b

1022 2158 1175 2180 Resunnecrio
1198 2157 1277 2179 DolulNl
1295 2168 1325 2172 —
1346 2155 1367 2177 in
1391 2155 1490 2177 Ecclesia
1506 2160 1541 2176 ce-

975 2196 1088 2225 lebratur,
1107 2200 1131 2218 ut
1150 2195 1260 2218 memoria
1278 2201 1333 2217 suae
1351 2195 1465 2222 passionis
1482 2200 1542 2216 sem-

976 2243 1017 2264 per
1033 2236 1055 2258 in
1073 2235 1183 2258 cordibus
1201 2235 1284 2257 uostris
1301 2233 1413 2256 habeatur
1425 2234 1469 2255 303
1482 2232 1497 2255 1)
1512 2245 1541 2249 -—-

977 2276 1048 2298 [lodie
1065 2275 1136 2297 illuxit
1153 2274 1220 2296 nobis
1237 2274 1331 2296 festivus
1349 2273 1398 2295 dies
1416 2273 1542 2295 exsultatio·

976 2315 1011 2337 uis
1028 2318 1050 2337 et
1068 2314 1164 2337 laetitiae
1182 2314 1227 2336 272
1246 2319 1257 2335 a
1275 2325 1305 2330 -
1322 2313 1396 2335 Hodie
1418 2312 1543 2334 invitamur

976 2355 1006 2377 ad
1022 2354 1113 2382 nuptias
1130 2354 1189 2381 Agni
1212 2352 1353 2380 resurgentis
1370 2354 1392 2373 et
1408 2352 1457 2374 eius
1473 2357 1543 2378 spon-

977 2400 1015 2416 sae
1033 2393 1088 2416 ibicl.
1104 2406 1135 2408 —
1158 2392 1230 2415 llodie
1256 2391 1359 2414 Christus
1385 2390 1477 2418 propria
1500 2390 1544 2412 vir-

977 2436 1025 2455 tute
1047 2432 1182 2459 resurrexit,
1200 2431 1319 2458 captivum
1346 2430 1463 2452 homiuem
1488 2428 1544 2451 libe-

977 2472 1048 2499 ravit,
1071 2470 1189 2494 diabolum
1208 2470 1303 2498 eiusque
1320 2469 1444 2491 exercitum
1468 2469 1490 2490 in
1513 2469 1544 2490 in-

979 2513 1068 2534 fernum
1082 2510 1207 2533 submersit
1224 2508 1254 2532 ib.
1271 2509 1286 2531 1)
1303 2521 1332 2525 -
1351 2508 1454 2530 Christus
1471 2514 1545 2530 resur-

978 2551 1042 2578 rexit,
1058 2554 1081 2572 ut
1100 2556 1141 2572 uos
1158 2549 1187 2572 de
1205 2552 1280 2571 nostra
1297 2548 1464 2570 resurrectione
1482 2547 1544 2569 certi-

979 2590 1056 2612 ficaret
1074 2589 1118 2611 274
1136 2595 1147 2611 a

1026 2641 1057 2645 —
1077 2627 1147 2651 debet
1172 2627 1239 2650 nobis
1264 2632 1314 2649 esse
1340 2625 1432 2648 materia
1458 2625 1545 2653 gaudii,

980 2668 1033 2697 quia
1052 2668 1120 2689 hodie
1138 2668 1241 2689 Salvator
1259 2666 1287 2688 (ie
1299 2666 1347 2688 suis
1358 2665 1456 2687 inimicis
1468 2665 1545 2686 trium-

981 2707 1068 2735 phavit,
1085 2707 1156 2728 vitam
1175 2706 1261 2733 gratiae
1279 2705 1345 2727 nobis
1367 2704 1515 2731 condonavit,
1532 2710 1544 2725 a

980 2746 1048 2774 culpa
1064 2752 1106 2768 nos
1124 2745 1263 2773 iustificavit,
1281 2750 1346 2772 spem
1365 2746 1455 2766 nostrae
1473 2749 1545 2765 resur-

981 2785 1090 2807 rectionis
1107 2784 1254 2807 confirmavit
1271 2784 1316 2806 -280
1331 2783 1345 2805 b
1358 2796 1385 2799 --
1398 2783 1546 2805 Gaudeamus

982 2824 1050 2847 hodie
1068 2827 1163 2852 propter
1181 2824 1347 2846 incrementum
1371 2825 1462 2845 nostrae
1484 2821 1546 2843 iaeti-

982 2864 1032 2891 tiae,
1049 2864 1189 2886 exsultemus
1215 2866 1309 2891 propter
1332 2863 1430 2884 fructum
1456 2864 1546 2883 nostrae

982 2903 1087 2931 fiduciae,
1100 2903 1182 2925 demus
1195 2902 1290 2930 gloriam
1305 2902 1350 2923 Deo
1364 2903 1457 2929 propter
1470 2901 1546 2922 trium-

982 2944 1054 2971 phum
1072 2942 1181 2964 victoriae
1198 2942 1243 2963 272
1263 2940 1277 2963 b
1294 2953 1324 2957 —
1342 2941 1416 2968 ipsam
1429 2940 1499 2967 digne
1511 2945 1547 2961 co-

983 2982 1058 3009 limus,
1075 2982 1092 3003 si
1111 2981 1240 3008 resurgenti
1259 2980 1357 3002 Domino
1375 2980 1547 3001 conformamur

911 191 1009 219 tNDEx
1033 190 1272 219 ALPllABETlCUS
1293 189 1369 218 NON!
1394 188 1580 218 VOLUMlNlS.

1816 226 1874 248 RUT

1563 266 1607 288 276
1626 265 1641 287 b
1658 278 1688 282 —
1711 265 1880 288 Resurrectioni
1905 265 2035 287 dominicae
2060 264 2130 287 debet

1563 305 1701 327 conformari
1728 308 1803 327 nostra
1829 304 1987 332 conversatio,
2012 304 2130 332 cogitatio,

1563 344 1652 366 affectio
1670 344 1715 366 275
1733 343 1748 365 b

1611 384 1671 405 Rern
1690 396 1719 398 —
1736 383 1851 410 signifieat
1868 382 2063 410 praedicationem
2075 382 2105 404 74
2118 388 2130 404 a

1564 434 1594 438 —-
1611 422 1742 450 significant
1759 426 1823 444 aetus
1841 422 1943 444 carnales
1965 422 2005 443 107
2024 428 2036 443 a

1611 462 1741 484 Bersumno
1752 473 1782 477 —
1796 461 1901 483 Doctrina
1915 467 1956 488 per
1968 461 2130 482 revelationem

1565 504 1659 528 accepta
1677 506 1724 522 non
1747 503 1822 528 potest
1844 506 1894 522 esse
1918 500 1959 522 nisi
1984 505 2037 521 vera
2056 499 2100 521 592
2119 505 2131 522 a

1565 551 1595 555 —
1613 539 1786 561 Revelationum
1809 539 1911 566 cognitio
1934 545 1975 567 per
1993 540 2092 566 Angelos
2109 539 2131 561 in

1566 579 1671 601 homines
1693 579 1756 601 veuit
1777 579 1822 600 689
1841 578 1855 600 11
1873 591 1903 594 -
1921 578 2035 606 Sapientia
2053 578 2131 600 divina

1566 618 1653 640 revelat
1678 624 1747 645 opera
1773 617 1895 639 creationis
1919 624 1961 645 per
1983 623 2131 639 communem

1566 657 1769 684 illuminationem,
1787 663 1858 684 opera
1876 657 2035 683 recreationis,
2052 662 2094 684 per
2111 657 2133 679 il-

1566 696 1723 719 lustrationem
1741 696 1883 724 spiritualem
1901 700 1923 718 et
1939 702 2009 724 supra
2027 699 2132 718 naturam

1567 736 1611 758 563
1631 735 1653 757 b.
1671 735 1716 758 564
1734 742 1746 757 a

1613 775 1756 797 Revenemm
1774 787 1804 791 ——
1822 775 1939 797 hominem
1952 775 2027 797 reddit
2039 774 2133 802 vigilem

1568 819 1646 836 contra
1665 814 1783 842 ignaviam
1801 817 1823 836 et
1840 815 1950 836 humilem
1969 817 2048 836 contra
2070 820 2134 842 prae-

1567 854 1708 876 sumtionem
1727 854 1772 876 615
1790 853 1805 876 1)
1823 866 1852 870 -—
1870 853 1987 876 Debemus
2004 854 2088 876 imitari
2100 860 2133 876 re-

1567 894 1693 915 verentiam
1711 894 1852 921 Angelorum
1866 893 1906 915 521
1923 900 1934 915 a
1949 906 1976 909 —
1989 893 2134 922 Obsequium

1567 933 1710 954 reverentiae
1722 933 1820 955 honorat
1833 933 1903 955 Patris
1913 933 2054 954 maiestatem
2064 932 2108 954 649
2119 932 2134 954 b

1616 973 1714 994 Revenrt
1732 985 1762 988 —
1780 972 1846 1000 Quod
1865 978 1905 1000 per
1923 972 2053 994 violentiam
2072 974 2134 994 extra

1568 1012 1643 1034 locum
1662 1012 1784 1040 proprium
1803 1015 1891 1033 tenetur
1909 1018 1953 1034 non
1971 1012 2094 1033 revertitur
2105 1011 2134 1034 ad

1569 1051 1645 1073 locum
1658 1051 1763 1079 quietum
1781 1051 1823 1073 nisi
1836 1057 1876 1079 per
1889 1054 1976 1073 motum
1996 1051 2135 1078 praeceden-

1569 1094 1614 1113 tem
1634 1092 1678 1112 208
1697 1090 1711 1112 b

1616 1130 1664 1152 Rex
1681 1142 1711 1146 —-
1729 1134 1762 1151 est
1779 1129 1818 1158 qui
1836 1136 1860 1151 se
1878 1135 1959 1157 regere
1975 1132 2049 1157 potest
2062 1129 2106 1151 637
2120 1128 2134 1150 b

1569 1182 1599 1186 —
1616 1169 1722 1197 designat
1739 1169 1818 1191 Filium
1839 1169 1876 1191 Dci
1895 1169 1930 1191 vel
1949 1172 2019 1191 totam
2037 1168 2136 1190 Trinita-

1570 1212 1614 1231 tem
1634 1208 1678 1230 440
1697 1208 1710 1230 1)
1728 1221 1757 1224 —-
1770 1208 1850 1230 decem
1864 1208 1986 1236 designant
1998 1208 2135 1230 immensam

1570 1251 1705 1275 potestatem
1724 1248 1837 1269 malorum
1857 1248 1897 1269 261
1919 1254 1931 1269 a

1617 1288 1686 1310 Ricon
1704 1299 1735 1303 ·-
1752 1286 1821 1309 debet
1838 1293 1888 1309 esse
1910 1288 1932 1308 in
1955 1287 2077 1308 afflictione
2100 1286 2136 1308 sui

1571 1327 1614 1348 268
1632 1327 1647 1349 b

1618 1367 1708 1388 lienem
1721 1378 1751 1382 --
1765 1367 1805 1388 Per
1818 1366 1893 1393 ipsum
1907 1366 2063 1393 intelliguntur
2072 1371 2137 1393 prae-

1570 1406 1607 1427 lati
1625 1406 1669 1427 548
1689 1405 1703 1427 1)

1617 1447 1681 1468 1101111
1700 1458 1729 1461 --
1752 1436 1841 1468 Cliristo
1863 1449 1983 1472 nascente,
2001 1445 2089 1466 Romae
2107 1444 2136 1466 de

1571 1485 1682 1512 Capitolio
1694 1485 1830 1512 apparuisse
1843 1484 1926 1506 dicitur
1937 1484 2037 1506 circulus
2053 1489 2137 1505 aureus

1572 1525 1632 1547 iuxta
1649 1525 1721 1546 solem
1740 1527 1761 1546 et
1774 1524 1796 1545 in
1809 1523 1886 1546 medio
1899 1524 1966 1550 virgo
1981 1522 2136 1550 pulcherrima

1572 1570 1671 1591 puerum
1689 1566 1782 1591 gestans
1797 1563 1838 1585 123
1849 1569 1860 1584 a
1873 1565 1904 1579 —‘-
1916 1562 2006 1585 Christo
2021 1565 2136 1590 nascente,

1571 1604 1659 1625 Romae
1684 1603 1795 1630 templum
1824 1602 1888 1630 pacis
1912 1602 2027 1624 corruisse
2053 1601 2137 1623 dicitur

1573 1642 1626 1665 ibid.
1640 1655 1667 1658 —-
1681 1642 1741 1671 Quid
1755 1643 1810 1664 haec
1822 1642 1953 1669 significent
1965 1640 2019 1664 ibid.
2031 1654 2061 1657 —
2073 1641 2137 1664 Chri—

1572 1685 1607 1704 510
1625 1685 1686 1709 nato,
1703 1683 1791 1704 Romae
1809 1682 1858 1703 sons
1875 1681 1917 1703 elei
1936 1681 2011 1708 erupit
2028 1683 2050 1702 et
2068 1680 2137 1703 dessu-

1573 1722 1602 1744 xit
1619 1722 1640 1743 iu
1658 1721 1767 1749 Tyberim
1791 1721 1831 1742 114
1850 1727 1870 1742 a.
1892 1721 1932 1742 123
1951 1727 1962 1742 a

1619 1773 1650 1777 --
1668 1760 1749 1783 Curiae
1766 1761 1883 1782 Romanae
1900 1760 2024 1782 auctoritas
2036 1760 2058 1781 in
2072 1760 2137 1781 terris

1573 1804 1607 1823 est
1623 1806 1733 1828 suprema
1759 1800 1803 1822 593
1827 1805 1839 1821 a
1856 1811 1886 1815 —
1910 1799 2007 1822 Ecclesia
2033 1800 2136 1821 Romana

1573 1843 1607 1862 est
1624 1844 1696 1862 mater
1713 1840 1817 1862 omnium
1837 1839 1939 1861 tideliam
1957 1838 2003 1860 215
2021 1838 2036 1860 1)

1621 1880 1665 1901 Ros
1681 1892 1711 1895 —
1729 1882 1791 1901 arcet
1808 1884 1894 1900 venena
1913 1878 1942 1900 de
1959 1881 2037 1906 nocte,
2054 1884 2083 1900 ne
2100 1884 2139 1900 no-

1574 1922 1640 1941 ceant
1662 1920 1702 1941 130
1721 1918 1735 1941 1)
1752 1931 1782 1935 -
1800 1918 1879 1946 nequit
1904 1918 1951 1946 pati
1968 1918 2067 1940 calorem
2085 1917 2138 1940 solis

1574 1958 1619 1981 554
1639 1959 1653 1981 b
1670 1971 1700 1974 —
1719 1959 1740 1980 lu
1758 1963 1811 1980 rore
1833 1958 1888 1980 caeli
1912 1960 1934 1979 et
1955 1957 1978 1979 in
1996 1957 2139 1985 pinguedine

1575 2002 1648 2020 terrae
1665 2001 1699 2020 est
1717 1997 1847 2020 benedictio
1865 1997 1969 2019 omnium
1988 1996 2031 2018 ι127
2050 2002 2062 2018 a

1622 2050 1650 2053 -ψ
1677 2044 1717 2059 rur
1743 2037 1808 2065 prius
1836 2038 1859 2058 in
1884 2037 1956 2058 vellus
1978 2036 2093 2058 Gedeonis
2118 2038 2139 2058 et

1574 2077 1658 2099 deinde
1683 2077 1705 2098 in
1731 2083 1808 2098 aream
1835 2076 1981 2099 descenderit
2006 2076 2050 2097 689
2073 2081 2085 2097 a
2109 2088 2137 2091 -

1574 2115 1678 2138 Christus
1695 2119 1761 2138 natus
1779 2116 1860 2143 plenus
1878 2118 1911 2137 est
1923 2121 1975 2136 rore
1989 2115 2088 2142 gratiae,
2100 2120 2140 2136 ve-

1574 2155 1659 2182 ritatis,
1676 2154 1773 2177 laetitiae
1790 2157 1812 2176 et
1830 2154 1920 2176 virtutis
1939 2154 1982 2175 118
2000 2160 2012 2175 a
2032 2153 2046 2175 b
2064 2165 2093 2170 —-
2111 2153 2140 2175 si-

1575 2195 1669 2223 gnificat
1687 2194 1790 2216 Verbum
1813 2200 1910 2216 nascens
1935 2193 1976 2215 127
1995 2199 2007 2214 a
2030 2205 2060 2209 —
2083 2192 2140 2215 desi-

1576 2237 1630 2262 gnat
1648 2234 1775 2256 doctrinam
1794 2232 1876 2255 Christi
1898 2233 1939 2254 130
1957 2231 1972 2254 1)

1624 2274 1682 2295 Rosa
1702 2285 1732 2289 ——
1750 2273 1845 2300 pulcher
1862 2274 1895 2294 est
1913 2272 1970 2293 inter
1982 2272 2050 2293 flores
2062 2271 2106 2293 283
2120 2277 2140 2293 a.

1576 2312 1622 2334 670
1646 2311 1660 2333 b
1677 2323 1707 2328 —
1724 2311 1812 2333 excellit
1835 2310 1919 2333 decore
1942 2310 1986 2332 283
2010 2316 2022 2331 a
2039 2322 2070 2326 ---
2087 2315 2139 2331 cum

1578 2352 1707 2380 frequenter
1725 2350 1832 2378 tangitur,
1844 2350 1972 2376 marcescit,
1984 2349 2066 2371 amittit
2080 2349 2141 2371 eolo-

1576 2396 1626 2412 rem
1643 2393 1665 2412 et
1681 2390 1779 2412 odorem
1797 2389 1841 2411 396
1859 2395 1883 2416 a,
1902 2388 1916 2410 b
1933 2402 1963 2404 —
1981 2388 2141 2416 producuntur

1578 2429 1634 2451 inter
1651 2429 1730 2457 spinas
1753 2429 1793 2451 201
1816 2435 1828 2450 a
1845 2441 1874 2445 —
1893 2434 1963 2456 saepe
1986 2430 2019 2449 est
2036 2427 2140 2455 proxima

1578 2468 1664 2491 urticae
1681 2468 1726 2490 285
1744 2474 1756 2490 a

1624 2520 1655 2524 —
1672 2507 1786 2535 siguificat
1802 2507 1939 2529 suavitatem
1957 2506 2047 2527 animae
2059 2504 2141 2527 Christi

1579 2547 1607 2569 33
1626 2546 1640 2569 b
1658 2559 1688 2563 —-
1707 2547 1778 2574 Virgo
1804 2546 1895 2574 pariens
1921 2548 2017 2567 vocatur
2040 2550 2092 2566 rosa
2115 2550 2141 2567 ex

1578 2586 1721 2614 septemplici
1739 2586 1827 2608 ratione
1848 2585 1888 2606 117
1909 2584 1930 2606 b.
1953 2584 1993 2606 llS
2011 2590 2023 2605 a
2041 2596 2071 2600 —
2083 2584 2143 2606 desi-

1579 2626 1654 2653 signat
1670 2625 1748 2647 dotem
1766 2624 1874 2647 claritatis
1891 2624 1936 2646 283
1954 2630 1966 2645 a

1626 2665 1708 2687 Roaioo
1721 2677 1747 2680 -—
1763 2664 1814 2686 facit
1827 2668 1959 2691 putrescere
1971 2665 2061 2690 segetes
2074 2661 2118 2683 460
2129 2667 2141 2683 a

1579 2716 1609 2719 —-
1634 2703 1749 2731 significat
1773 2706 1893 2730 peccatum
1919 2702 2030 2729 originale
2055 2700 2099 2722 034
2122 2706 2142 2722 a.

1579 2743 1624 2764 714
1642 2749 1654 2764 a
1672 2755 1702 2759 —
1719 2743 1825 2770 designat
1842 2741 1962 2764 avaritiam
1981 2741 2025 2762 460
2043 2746 2055 2762 a

1626 2783 1700 2804 11011115
1716 2795 1746 2797 -
1766 2781 1824 2809 ignis
1840 2780 1892 2803 rubi
1909 2783 1957 2802 erat
1969 2785 2109 2802 conservans
2121 2782 2142 2801 et

1580 2821 1701 2843 vivittcans
1718 2821 1762 2843 558
1778 2826 1790 2842 a
1807 2833 1837 2836 —
1855 2819 2014 2842 incombustus
2030 2819 2142 2846 designat,

1580 2861 1641 2889 quod
1655 2860 1725 2888 Virgo
1736 2860 1776 2882 fuit
1788 2860 1836 2882 sine
1849 2859 1995 2886 corruptione
2005 2858 2080 2880 carnis
2092 2858 2120 2879 33
2130 2863 2142 2879 a

1627 2900 1689 2921 Ru'rn
1707 2912 1737 2915 —
1755 2899 1916 2926 interpretatur
1928 2898 2009 2920 videus
2027 2896 2071 2918 654
2084 2896 2099 2918 b
2112 2909 2143 2912 ——

1581 2939 1622 2961 fuit
1639 2938 1758 2960 benedicta
1776 2941 1870 2966 propter
1887 2936 2049 2959 continentiam
2068 2936 2143 2958 coniu-

1581 2978 1654 3006 galem
1673 2978 1718 2999 683
1737 2976 1751 2999 b
