2269 3448
383 190 439 218 158

637 229 690 251 ΡΒΑ

379 280 410 284 -
423 267 521 290 Cuilibet
532 267 684 295 praedicatori
702 267 843 289 conveniunt
856 267 897 289 tria
909 273 947 289 no-

381 306 470 329 tabilia:
494 307 630 329 conferentis
655 306 781 333 certitudo,
808 306 948 328 infundentis

381 345 549 374 promptitudo,
557 346 672 368 audientis
680 345 759 373 populi
770 345 892 367 multitudo
899 345 927 366 57
935 351 947 366 a

429 398 458 400 —
477 385 519 412 ipsi
545 385 673 407 necessaria
699 387 733 406 est
758 384 850 406 scicntia
877 390 946 411 regu-

380 425 442 452 lans,
460 424 566 446 facundia
590 424 720 452 exprimens
746 426 767 446 et
790 424 836 445 vita
862 426 948 445 utrum-

380 470 427 492 que
443 463 584 486 confirmans
602 464 646 485 222
664 469 685 485 a.
704 462 743 484 441
767 463 781 484 1)
793 474 823 479 --
835 463 888 484 Sine
901 462 948 484 istis

381 509 512 531 proponere
530 502 629 524 verbum
656 502 695 524 Dei
721 505 754 524 est
780 502 948 529 periculosum,

381 542 563 567 infructuosum,
582 541 682 569 ignobile
702 542 745 563 222
764 547 775 562 a
788 553 818 556 —
831 540 900 562 debet
912 541 948 562 ha·

381 581 437 604 bere
453 581 617 604 conscientiam
643 584 738 608 rectam,
756 580 883 602 doctrinam
902 585 948 601 ccr-

382 624 441 647 tam,
459 620 530 642 vitam
548 620 727 642 concordantem
740 619 858 641 doctrinae
871 619 914 640 133
928 624 948 644 a,

382 659 397 682 b
410 672 440 675 —
452 659 491 688 qui
507 659 587 685 credit,
604 665 629 680 se
647 660 703 681 haec
721 659 761 680 tria
780 657 873 684 habere,
885 663 949 685 prae·

381 702 516 722 sumtuosus
533 703 567 721 est
584 698 613 721 ib.
633 697 647 719 1)
665 710 695 714 -
716 698 750 719 1116
772 701 807 719 est
826 697 948 724 innocens,

382 739 448 760 6111115
475 738 519 760 vita
546 737 672 765 respondet
694 737 826 763 doctrinae,
848 736 889 764 qui
907 741 949 758 nec

381 778 491 800 miserum
510 777 562 799 facit
579 783 620 798 nec
638 776 722 798 deserit
743 776 784 797 731
807 782 819 797 a
839 788 867 790 —
885 775 948 803 quod

382 816 484 844 intelligit
502 822 573 844 opere
598 815 667 837 dehet
688 815 805 842 complere
823 815 863 836 201
887 814 901 836 Ι)
919 826 949 830 —-

382 856 448 884 Quod
477 861 517 877 ore
546 855 707 882 praedicamus
735 853 849 876 debemus
878 859 949 881 opere

381 895 499 922 complere
518 895 561 916 197
580 894 595 916 1)
614 906 642 909 —
660 893 731 916 Cuius
747 893 793 915 vita
814 893 948 921 despicitur,

381 935 430 956 eius
448 934 588 962 praedicatio
605 933 760 955 contemnitur
777 933 817 954 201
835 932 850 954 1)
863 944 893 948 --
905 932 949 960 Qui

383 974 442 996 male
468 974 551 997 vivunt
575 976 596 994 ct
623 972 681 994 bene
704 972 852 999 praedicant,
875 972 948 993 Deum

383 1013 511 1039 instruunt,
529 1012 627 1041 qualiter
644 1012 728 1034 debeat
740 1018 780 1033 eos
792 1011 948 1033 condemnare

382 1052 427 1075 582
446 1051 460 1074 h

430 1104 458 1107 —
476 1090 545 1113 debet
562 1096 613 1113 csse
630 1091 651 1112 in
677 1091 796 1112 affectione
822 1089 949 1117 copiosissi-

382 1137 445 1158 mus,
463 1131 486 1152 in
510 1130 641 1157 cognitione
658 1129 794 1155 altissimus,
812 1129 833 1151 in
851 1134 948 1151 conver-

383 1171 471 1192 satione
495 1170 634 1192 iustissimus
663 1169 702 1190 196
721 1175 733 1190 11
756 1181 785 1185 -
809 1168 878 1191 (161161
900 1174 950 1190 esse

382 1210 451 1231 vivax
469 1210 491 1231 in
509 1209 653 1236 operatione,
671 1214 740 1235 sagax
760 1208 781 1229 in
799 1209 950 1235 comprehen-

383 1249 461 1275 sione,
474 1254 542 1270 verax
561 1248 583 1269 in
601 1247 732 1275 cognitione
751 1247 780 1268 45
803 1253 814 1268 a
833 1258 863 1263 —-
880 1246 950 1268 debet

382 1293 433 1310 esse
450 1287 524 1309 fidelis
541 1291 563 1309 et
580 1287 683 1314 prudens
701 1286 746 1308 575
764 1286 779 1308 b
802 1298 832 1302 —
852 1286 891 1314 qui
911 1292 948 1313 pa-

383 1333 434 1349 rum
453 1326 521 1348 habet
539 1326 568 1348 de
593 1326 712 1347 sanctitate
729 1329 751 1347 et
769 1325 862 1348 scientia
880 1324 950 1347 (lebet

383 1366 448 1394 sequi
475 1366 596 1393 Apostolos
619 1369 640 1387 ct
664 1371 762 1392 magnos
780 1364 951 1392 praedicatores

385 1405 429 1427 470
447 1412 459 1426 a

360 1446 364 1449 '
431 1457 460 1460 -—
478 1444 563 1466 debent
580 1450 631 1466 esse
648 1444 757 1470 virtuosi,
775 1443 883 1471 pretiosi,
901 1448 950 1470 gra-

383 1484 434 1506 tiosi
458 1484 497 1505 431
525 1490 537 1505 a
555 1495 585 1499 —
611 1483 698 1510 indiget
723 1483 807 1504 virtute
826 1482 949 1510 prolativa,

384 1523 569 1551 interpretativa,
588 1523 725 1550 impressiva
744 1522 789 1543 250
807 1528 819 1543 a
832 1533 863 1537 —
880 1521 950 1543 debet

384 1562 469 1584 habere
492 1562 649 1584 strenuitatem
669 1561 759 1586 virtutis
777 1564 870 1588 propter
887 1566 913 1582 se
929 1563 950 1582 et

384 1602 491 1629 pietatem
511 1601 678 1628 compassionis
692 1603 785 1628 propter
798 1600 854 1622 alios
873 1599 917 1622 345
936 1599 950 1621 b

383 1653 414 1657 —
428 1640 502 1662 Prima
520 1640 654 1668 designatur
668 1646 752 1667 genere
767 1639 903 1667 masculum,
918 1645 950 1661 se-

383 1680 460 1703 cunda
485 1680 579 1701 1101111116
605 1679 738 1701 ancillarum
762 1678 816 1702 ibid.
833 1691 864 1695 —
881 1678 950 1701 debet

384 1725 435 1742 esse
452 1719 584 1741 fortificatus
602 1718 623 1740 in
636 1719 729 1745 effectu,
741 1718 848 1740 dilatatus
866 1718 888 1739 in
902 1724 951 1745 pro·

385 1759 452 1787 fectu,
470 1759 608 1780 rectilicatus
625 1758 647 1779 10
665 1758 747 1780 affectu
769 1757 809 1778 183
829 1756 843 1778 b
860 1769 890 1772 —
909 1757 950 1779 Vo-

385 1798 433 1820 lens
446 1798 515 1819 alium
533 1798 658 1819 informare
670 1796 739 1819 dehet
751 1797 853 1819 refellere
865 1796 950 1819 diaboli

384 1837 499 1864 astutiam,
517 1837 667 1864 suppeditare
690 1837 765 1858 carnis
789 1836 950 1864 concupiscen-

385 1877 453 1903 tiam,
471 1881 620 1898 contemnere
637 1876 717 1899 mundi
736 1876 855 1898 avaritiam
879 1875 918 1897 197
936 1875 951 1897 1)

384 1928 415 1932 -
427 1916 461 1938 Α1)
474 1916 524 1943 ipso
537 1916 661 1938 auferenda
678 1920 712 1938 est
729 1916 876 1943 negligentia,
889 1915 952 1943 igno-

385 1956 470 1982 rantia,
488 1955 682 1982 concupiscentia,
700 1955 794 1976 avaritia
814 1955 857 1976 419
876 1961 887 1976 a

434 2007 461 2010 ——
480 1994 550 2016 debet
566 2000 618 2016 esse
634 2000 647 2016 a
665 1995 797 2016 carnalitate
819 1995 950 2022 elongatus,

388 2034 479 2056 caritate
497 2034 664 2060 inflammatus,
682 2034 801 2055 sanctitate
824 2034 883 2055 vitae
905 2033 952 2055 iilu-

385 2076 469 2095 stratus
490 2073 531 2094 192
549 2078 562 2094 a
579 2085 609 2088 —
626 2073 654 2094 sit
671 2073 829 2094 inflammatus
846 2072 952 2098 caritate,

387 2112 511 2134 decoratus
538 2112 671 2138 sanctitate,
700 2111 824 2133 illustratus
857 2111 952 2133 veritate

387 2152 432 2173 215
450 2157 463 2173 11
480 2163 510 2166 -—
528 2151 550 2172 ln
567 2151 618 2178 ipso
636 2150 705 2172 debet
722 2156 772 2172 esse
785 2151 903 2177 honestas,
916 2156 952 2172 ve-

386 2191 448 2217 ritas,
466 2190 549 2212 caritas
567 2190 611 2211 450
630 2196 641 2211 a
659 2202 690 2205 —
707 2189 776 2212 debet
793 2195 843 2211 esse
860 2190 952 2217 elonga-

386 2232 422 2251 tus
439 2236 450 2251 a
470 2229 612 2255 terrenitate,
634 2229 773 2251 illuminatus
797 2229 902 2255 veritate,
923 2229 953 2250 in-

386 2269 517 2290 flammatus
534 2269 627 2290 caritate
646 2268 688 2289 129
708 2274 720 2290 11

433 2320 464 2324 -
481 2307 550 2330 debet
567 2307 652 2329 habere
670 2308 830 2334 humilitatem,
844 2308 951 2335 pietatem
969 2303 970 2309 ¹

387 2350 409 2369 et
426 2347 566 2369 voluntatem
584 2348 678 2369 eftectus
696 2347 725 2369 30
743 2346 758 2368 1)
769 2359 801 2363 -
814 2347 856 2374 ipsi
875 2353 954 2369 neces-

386 2386 445 2408 saria
464 2389 497 2408 est
514 2386 584 2408 studii
600 2386 710 2408 sedulitas
727 2390 749 2408 et
761 2386 846 2414 ingenii
865 2386 953 2408 humili-

388 2428 422 2448 tas
440 2426 484 2447 600
503 2425 517 2446 b
534 2437 565 2441 —
582 2425 668 2447 debent
690 2431 741 2447 esse
764 2426 893 2453 reformati,
914 2426 953 2447 hu-

388 2464 478 2490 minati,
505 2464 624 2486 illuminati
650 2464 690 2486 441
720 2471 731 2486 a
755 2477 785 2480 -
813 2464 882 2487 debet
904 2471 954 2487 esse

389 2504 482 2525 humilis
500 2504 521 2524 in
539 2504 634 2531 aflectu,
653 2503 713 2525 utilis
731 2504 754 2525 111
780 2505 897 2531 profectu,
916 2510 953 2525 no-

387 2542 439 2565 bilis
456 2542 477 2564 in
503 2546 597 2570 aspectu
620 2543 648 2564 23
667 2549 679 2564 a
697 2555 727 2558 —
744 2543 773 2564 sit
798 2544 913 2570 gratiosus
931 2543 952 2565 in

387 2581 525 2608 intentione,
544 2583 676 2604 [ructuosos
701 2582 723 2603 in
741 2582 886 2609 operatione,
904 2588 954 2609 spe-

387 2621 465 2643 ciosos
483 2621 506 2642 in
523 2622 700 2643 conversatione
716 2621 770 2643 ibid.

436 2660 559 2682 rimam-io
583 2672 613 2676 —
635 2660 666 2682 01)
691 2667 730 2682 sex
756 2667 838 2682 causas
864 2663 898 2683 est
923 2662 954 2682 fu-

388 2698 484 2726 gienda,
502 2699 578 2721 donec
595 2700 745 2726 compellatur
767 2700 819 2727 quis
836 2699 954 2722 strictioris

388 2738 521 2760 auctoritate
533 2738 570 2760 vel
582 2739 736 2761 conscientiae
748 2738 871 2760 dictamine
884 2739 928 2760 530
939 2738 953 2760 b

436 2777 564 2799 Pitiewrus
581 2789 611 2794 -
628 2781 662 2799 est
679 2777 725 2800 dux
740 2780 762 2799 et
774 2778 882 2805 princeps
899 2777 955 2799 mili-

389 2816 457 2838 tantis
473 2816 585 2838 Ecclesiae
597 2817 642 2838 216
655 2816 669 2838 b
681 2828 712 2832 —
723 2820 776 2839 sunt
787 2817 865 2844 sponsi
879 2817 954 2839 Eccle-

388 2855 435 2876 siae
452 2855 481 2876 atl
500 2855 645 2882 generandos
662 2855 804 2878 Christianos
827 2855 871 2878 517
889 2862 901 2878 a
924 2868 954 2872 —

388 2897 501 2915 vocantur
511 2894 618 2917 custodes
631 2901 750 2917 murorum
762 2895 874 2917 Ecclesiae
889 2895 929 2917 104
941 2901 953 2917 a

387 2944 421 2949 —
440 2934 516 2955 Status
533 2934 688 2961 praelatorum
706 2935 841 2962 designatur
859 2941 900 2962 per
918 2935 954 2957 Pe·

389 2974 450 2993 trum
469 2973 513 2995 216
531 2980 543 2995 11
560 2985 591 2989 -—-
609 2974 765 3001 intelliguntur
788 2980 829 3002 per
849 2975 953 2997 ltohoam

981 268 1025 291 548
1039 268 1061 290 b.
1076 268 1120 290 559
1138 274 1150 289 a
1169 280 1196 283 -
1217 266 1341 294 Explicatio
1358 265 1412 288 ibid.
1431 278 1461 282 —
1478 265 1547 293 signi-

981 308 1079 330 ficantur
1091 313 1132 335 per
1145 307 1192 328 Noe
1209 306 1253 327 610
1271 312 1284 327 a
1303 318 1330 321 —
1348 305 1455 328 dicuntur
1473 305 1547 327 olivae

982 348 1026 369 [158
1039 353 1051 369 a
1064 359 1094 362 —
1107 346 1240 373 superiores
1256 347 1420 372 comparantur
1436 344 1476 366 soli
1490 344 1519 365 36
1532 343 1546 366 1)

1028 399 1056 402 ——
1075 386 1179 408 Christus
1196 384 1372 412 transfiguratus
1395 384 1418 405 in
1443 384 1507 405 l‘etro
1525 383 1547 405 ’11-

982 426 1094 448 luminare
1111 425 1184 447 voluit
1202 424 1327 452 praelatos,
1346 426 1369 445 ut
1382 429 1423 450 per
1436 423 1498 450 ipsos
1513 428 1547 444 cc-

983 465 1022 487 teri
1036 466 1056 486 in
1069 465 1114 486 tiae
1127 458 1308 486 illuminarentur
1321 463 1365 484 218
1378 468 1390 483 11
1403 474 1433 478 --
1445 461 1548 484 Christus

982 510 1021 526 005
1042 504 1151 530 assumit,
1177 502 1271 525 deducit
1295 501 1374 530 eisque
1399 507 1424 523 se
1450 500 1549 522 ostendit

983 544 1026 566 219
1044 549 1056 564 a
1074 555 1105 559 —
1121 542 1246 564 assumitur
1264 547 1305 569 per
1323 541 1420 568 gratiam
1434 540 1548 567 benignae

982 582 1113 610 adoptionis
1131 582 1175 603 216
1195 581 1209 602 1)

1029 634 1059 637 -
1077 622 1101 643 ln
1117 626 1197 642 eorum
1216 619 1326 642 electione
1344 618 1413 641 debet
1429 617 1548 641 observari

983 661 1064 688 triplex
1089 660 1177 688 gradus
1202 659 1248 681 514
1274 658 1289 680 1)
1310 670 1342 674 —-
1363 658 1445 686 Quoad
1467 663 1548 680 eorum

982 700 1117 722 electionem
1140 701 1232 721 notatur
1249 698 1392 727 quadruplex
1414 697 1499 725 gratia,
1517 697 1549 718 iu-

983 739 1055 765 stitia,
1072 739 1173 760 01116100]
1192 741 1214 760 et
1232 737 1339 759 meritum
1357 735 1479 759 ibici-517
1492 736 1507 758 1)
1518 748 1549 752 —

984 779 1007 800 ln
1023 778 1066 800 rite
1083 778 1159 800 electis
1179 778 1265 799 relucet
1282 776 1398 799 Trinitatis
1424 776 1549 803 vestigium

983 817 1028 840 514
1046 823 1067 844 a,
1086 816 1099 839 b

1031 869 1061 872 —
1079 860 1132 878 sunt
1151 856 1172 878 in
1191 855 1283 884 magnis
1301 855 1408 883 periculis
1426 855 1469 877 629
1488 861 1501 876 11

1030 908 1061 912 -—
1079 895 1149 918 debet
1166 901 1217 917 6556
1235 895 1347 917 mediator
1365 895 1424 925 inter
1442 894 1514 916 Deum
1528 896 1550 915 et

983 936 1095 963 populum
1114 936 1158 957 5l8
1177 941 1197 956 a.
1215 934 1259 956 529
1278 940 1291 956 a
1303 946 1333 950 —
1351 934 1485 961 Exemplum
1504 933 1548 955 549

983 981 994 996 a
1013 987 1043 990 —
1061 981 1072 996 a
1091 975 1138 996 Dco
1164 974 1264 996 ordinati
1290 976 1353 1000 sunt,
1372 977 1396 995 ut
1412 976 1494 1000 regant
1511 978 1550 1000 po-

984 1015 1063 1042 pulum
1083 1020 1150 1036 suuni
1170 1014 1215 1035 525
1234 1013 1248 1035 b
1266 1025 1296 1029 —-
1309 1013 1368 1034 Haec
1381 1012 1494 1035 ordinatio
1510 1011 1549 1033 Dei

983 1056 1018 1076 est
1034 1054 1062 1075 ad
1081 1053 1168 1075 bonum
1186 1053 1320 1079 electorum,
1335 1052 1384 1074 sive
1402 1051 1496 1079 praelati
1514 1057 1550 1073 60-

984 1099 1035 1115 rum
1055 1093 1138 1115 fuerint
1156 1092 1223 1118 boni,
1241 1092 1290 1114 sive
1308 1092 1361 1113 mali
1379 1090 1433 1113 ibid.
1459 1103 1485 1106 fi
1509 1091 1548 1112 de-

984 1132 1023 1154 bet
1041 1133 1087 1154 Deo
1105 1132 1234 1154 ministrare
1253 1132 1274 1153 in
1300 1130 1482 1153 correctionibus
1500 1136 1550 1152 cen-

984 1178 1064 1199 surae,
1081 1170 1253 1193 eruditionibus
1270 1170 1400 1197 doctrinae,
1419 1169 1550 1191 subventio·
1566 1183 1567 1187 ,

984 1210 1053 1233 nibus
1070 1211 1194 1238 spiritualis
1212 1214 1233 1232 et
1259 1209 1385 1237 corporalis
1412 1208 1550 1236 indigentiae
1566 1223 1568 1227 ,

985 1250 1013 1272 85
1026 1250 1041 1272 l)
1050 1262 1081 1266 —
1091 1249 1159 1271 debet
1172 1249 1258 1271 habere
1270 1249 1342 1270 zelum
1356 1248 1446 1274 Christi,
1456 1248 1550 1276 quando
1567 1253 1568 1258 ¹

986 1289 1055 1316 videt,
1073 1289 1095 1311 in
1113 1289 1211 1310 Ecclesia
1230 1288 1299 1310 vendi
1317 1289 1464 1309 Sacramenta
1481 1287 1525 1309 390
1538 1293 1549 1309 a

985 1341 1013 1344 —
1032 1328 1118 1351 debent
1135 1328 1255 1350 vindicare
1272 1328 1382 1349 oss'cnsam
1401 1327 1445 1348 549
1464 1333 1477 1348 a

1032 1381 1061 1383 —
1081 1368 1122 1395 ipsi
1140 1367 1249 1389 convenit
1267 1367 1329 1389 zelus
1351 1369 1373 1388 et
1395 1366 1483 1388 lucrum
1506 1365 1551 1387 ani-

984 1413 1076 1429 marum
1094 1407 1140 1429 375
1158 1413 1169 1428 a
1188 1420 1216 1422 —
1235 1408 1256 1428 in
1275 1406 1332 1434 ipsis
1355 1405 1425 1428 debet
1441 1411 1492 1427 esse
1510 1406 1551 1427 fer-

985 1453 1041 1469 vens
1058 1446 1199 1468 desiderium
1218 1445 1322 1473 proximo
1335 1444 1487 1467 subveniendi
1506 1444 1550 1466 529

984 1492 996 1507 a
1016 1499 1044 1501 —
1062 1489 1107 1508 tam
1127 1486 1148 1507 in
1173 1485 1324 1512 prosperitate
1342 1490 1412 1512 quam
1431 1485 1453 1506 111
1471 1484 1551 1505 adver-

984 1526 1050 1547 sitate
1068 1525 1153 1547 debent
1175 1524 1308 1546 vacillantes
1328 1526 1457 1545 sustentare
1475 1523 1520 1544 518
1538 1529 1549 1545 a

984 1577 1015 1580 ——
1033 1565 1084 1592 plus
1102 1566 1214 1586 vocantur
1238 1563 1268 1585 ad
1286 1563 1461 1585 ministrandum
1479 1569 1550 1591 quam

985 1604 1014 1626 ad
1031 1604 1197 1632 quiescenduin
1217 1603 1262 1625 674
1280 1602 1295 1624 1)
1314 1615 1342 1618 -›
1361 1603 1425 1624 0111111
1443 1604 1550 1630 peccant,

985 1644 1003 1665 si
1020 1649 1066 1665 non
1085 1642 1171 1664 habent
1188 1643 1302 1670 lacrymas
1324 1641 1492 1669 compassionis
1508 1647 1551 1669 pro

985 1683 1034 1705 aliis
1051 1683 1096 1705 557
1114 1689 1125 1704 a

1034 1735 1061 1738 ——
1081 1723 1155 1750 primo
1173 1721 1259 1744 debent
1276 1722 1297 1743 in
1320 1727 1345 1743 se
1370 1721 1474 1748 recipere
1499 1721 1551 1742 irra-

985 1762 1098 1783 diationes
1115 1762 1208 1783 divinae
1225 1761 1282 1783 lucis
1299 1764 1321 1783 et
1339 1761 1422 1783 deinde
1440 1760 1551 1782 transmit-

987 1805 1033 1823 tere
1051 1801 1072 1822 in
1090 1801 1146 1822 alios
1164 1801 1208 1822 217
1227 1807 1238 1822 11
1257 1813 1286 1816 ——
1303 1800 1332 1822 sit
1343 1800 1490 1827 sIgnaculum
1503 1805 1551 1822 cer-

986 1840 1134 1867 tificativum,
1152 1839 1308 1867 promotivum
1322 1843 1343 1861 et
1355 1839 1492 1861 (111-6611111111
1504 1839 1551 1861 216
1568 1848 1569 1854 i

987 1879 1001 1901 b
1018 1892 1049 1895 —
1066 1879 1135 1901 debet
1152 1879 1281 1901 doctrinam
1301 1879 1429 1900 ministrare
1441 1882 1463 1901 et
1475 1879 1552 1906 expla-

987 1919 1062 1941 nando
1087 1925 1257 1946 supererogare
1283 1918 1322 1940 40!
1345 1918 1360 1940 l)
1376 1930 1407 1934 —
1426 1918 1552 1940 misericor-

986 1958 1044 1980 diter
1061 1957 1131 1980 debet
1148 1958 1232 1980 docere
1254 1957 1360 1980 subditos
1378 1958 1417 1979 331
1440 1957 1455 1979 b
1473 1970 1503 1973 —-
1520 1963 1552 1979 se-

986 1998 1087 2020 cundum
1107 1998 1239 2024 exemplum
1264 1997 1348 2019 Christi
1372 1996 1551 2019 (1606015111)ᾶί-

987 2040 1020 2059 tos
1050 2043 1143 2064 pascere
1172 2037 1265 2058 scientia
1294 2036 1371 2064 quoad
1402 2036 1499 2057 verbnm
1528 2039 1551 2058 et

986 2077 1090 2103 exemplo
1108 2076 1186 2104 quoad
1204 2076 1332 2098 doctrinam
1351 2075 1396 2097 294
1414 2081 1426 2096 a

1034 2127 1064 2130 —
1083 2115 1239 2137 Praesidentes
1261 2115 1284 2136 in
1308 2115 1405 2136 Ecclesia
1429 2115 1451 2136 in
1474 2114 1551 2136 divina

987 2154 1074 2176 ducunt
1095 2154 1154 2176 sicut
1178 2154 1319 2181 Principatus
1337 2154 1382 2175 b'lli
1400 2160 1411 2175 a
1429 2166 1459 2169 —
1479 2153 1552 2175 bonus

987 2193 1056 2216 debet
1083 2194 1193 2221 populum
1212 2199 1355 2221 congregare
1380 2196 1402 2215 et
1428 2194 1552 2219 instruere,

986 2233 1083 2261 qualiter
1109 2232 1193 2254 debeat
1217 2232 1299 2254 audire
1322 2238 1442 2254 sermones
1469 2232 1507 2254 Dei
1532 2234 1553 2254 et

989 2272 1110 2294 Dominum
1133 2272 1212 2293 timere
1230 2271 1276 2293 5-25
1293 2271 1308 2293 b
1324 2284 1355 2287 —
1372 2271 1457 2293 debent
1474 2272 1507 2293 ire
1524 2271 1553 2293 116

988 2312 1072 2333 virtute
1090 2312 1110 2333 in
1129 2312 1237 2333 virtutem
1256 2311 1296 2333 tot
1309 2317 1320 2333 a
1334 2323 1364 2327 —
1376 2311 1462 2333 debent
1476 2310 1553 2333 subdi-

989 2351 1016 2372 tis
1033 2350 1080 2372 suis
1098 2350 1158 2371 viani
1182 2356 1322 2378 praeparare
1345 2356 1386 2377 per
1404 2350 1552 2377 praedit-atio

987 2396 1047 2415 nem,
1059 2390 1221 2412 scandalorum
1232 2389 1380 2417 amotionem,
1389 2389 1470 2411 Christi
1480 2392 1553 2411 osten-

987 2428 1075 2450 sionem
1095 2427 1124 2449 111.
1141 2434 1161 2454 11,
1180 2427 1194 2449 b

1036 2479 1066 2483 —
1084 2466 1169 2489 debent
1186 2467 1306 2488 consulere
1324 2467 1345 2488 in
1364 2467 1552 2493 mansuetudine,

988 2506 1091 2528 iudicare
1109 2506 1132 2527 in
1155 2505 1264 2531 veritate,
1283 2511 1324 2532 pro
1342 2506 1428 2532 populo
1446 2512 1512 2527 orare
1529 2506 1551 2527 in

987 2545 1111 2567 devotione
1128 2544 1172 2566 548
1186 2544 1200 2566 1)
1212 2557 1242 2560 -
1255 2545 1307 2566 Sine
1321 2545 1385 2571 virga
1400 2545 1552 2567 mansuetudo

988 2584 1009 2606 111
1026 2590 1053 2606 eo
1071 2587 1105 2606 cst
1123 2584 1227 2606 remissio
1240 2583 1284 2606 504
1297 2583 1312 2605 b
1328 2596 1358 2600 —
1376 2584 1429 2606 Sine
1446 2590 1552 2606 mansue—

988 2623 1066 2645 tudine
1079 2624 1143 2650 virga
1156 2623 1205 2645 eius
1218 2623 1317 2650 perimit,
1329 2629 1373 2645 non
1386 2623 1481 2650 corrigit
1498 2622 1552 2645 ibid.

987 2674 1017 2678 -
1030 2668 1074 2684 1100
1093 2662 1178 2684 delient
1190 2669 1239 2684 6556
1252 2662 1320 2684 nimis
1332 2662 1415 2684 austeri
1429 2668 1470 2684 nec
1483 2662 1552 2683 nimis
1568 2671 1569 2675 ¹

987 2702 1076 2723 remissi
1095 2702 1138 2723 288
1157 2708 1168 2723 a
1193 2714 1220 2717 »-
1248 2702 1356 2723 Securius
1381 2704 1414 2723 est
1439 2707 1489 2723 esse
1515 2701 1552 2723 ali-

987 2741 1125 2769 quantulum
1144 2741 1266 2762 remissum
1290 2747 1359 2769 quam
1383 2740 1451 2762 nimis
1476 2743 1551 2762 auste-

987 2785 1039 2801 rum
1057 2778 1110 2802 ibid.
1128 2792 1158 2795 —
1181 2780 1224 2808 Qui
1242 2780 1290 2801 aliis
1308 2783 1417 2807 praesunt
1433 2786 1478 2801 non
1498 2778 1551 2801 obli-

988 2818 1104 2841 viscantur
1122 2819 1273 2841 humilitatem
1291 2819 1335 2841 248
1354 2825 1366 2840 11

1034 2870 1064 2874 -
1088 2858 1267 2880 Praesidentium
1293 2858 1430 2885 germinatio
1455 2861 1489 2879 est.
1511 2863 1551 2884 per

987 2897 1170 2919 aedificationem
1188 2898 1346 2925 exemplorum
1360 2897 1403 2919 613
1423 2896 1437 2919 1)
1450 2909 1479 2912 -
1491 2897 1551 2918 llaec

988 2936 1040 2958 facit
1065 2937 1163 2958 fructum
1190 2937 1316 2958 maximum
1344 2936 1388 2958 614
1414 2942 1425 2957 a
1451 2948 1482 2952 —
1502 2936 1549 2957 Vita

989 2976 1142 3003 praelatorum
1161 2976 1302 3003 imprimitur
1324 2975 1387 2997 cordi
1405 2975 1550 2997 subditorum

930 189 1030 217 lNDEX
1052 189 1291 218 AtrtifxssETtCUS
1313 188 1391 217 NON!
1413 187 1600 217 VOLUMlNlS.

1841 228 1895 250 PRA

1580 266 1626 288 217
1642 272 1654 288 a
1672 278 1703 282 —
1718 266 1841 288 llierarcha
1853 265 1923 288 habet
1935 272 2044 294 magnam
2058 267 2080 289 in
2093 267 2148 289 sub-

1580 305 1640 327 ditos
1665 305 1807 327 influentiam
1834 304 1878 327 540
1902 311 1915 327 a
1937 318 1967 321 —
1985 306 2059 328 malus
2078 306 2147 328 habet

1581 350 1691 371 magnam
1709 344 1853 366 influentiam
1872 344 1894 366 in
1912 345 2094 372 corrumpendo,
2107 345 2147 368 bo-

1581 389 1624 405 nus
1642 383 1663 405 in
1680 383 1826 405 emendando
1844 382 1899 406 ibid.

1628 435 1659 438 —
1676 423 1705 444 Ex
1724 421 1773 444 eiu's
1791 422 1910 450 regiminis
1933 423 2022 445 defectu
2041 423 2149 446 subditus

1583 462 1712 483 infirmatur
1730 461 1770 483 43¹
1793 467 1805 483 a
1822 474 1853 478 —
1870 462 1946 490 Quare
1968 462 2015 484 vita
2033 463 2148 485 malorum

1583 501 1681 523 multum
1708 504 1788 523 noceat
1814 501 1858 523 373
1877 500 1892 523 b
1909 513 1940 517 —
1957 502 2010 523 Eius
2028 505 2148 529 peccatum

1581 540 1711 567 corrumpit
1728 540 1859 562 innocentes
1882 543 1904 562 et
1928 540 1967 562 dat
1992 540 2064 563 robur
2085 541 2149 563 mali-

1582 579 1634 606 gnis
1652 579 1696 600 697
1709 585 1720 600 a
1740 591 1770 595 —
1789 579 1851 601 multi
1870 580 2021 607 praecipitant
2041 580 2113 602 lesum
2126 580 2148 602 in

1583 618 1694 640 cordibus
1711 618 1859 640 subditorum
1884 621 1979 646 propter
1997 619 2055 641 mala
2073 625 2149 641 exem-

1583 657 1620 684 pla
1647 657 1691 679 217
1719 657 1733 679 1)
1755 669 1786 673 -—
1810 660 1841 679 tot
1867 657 1981 680 mortibus
1999 658 2063 686 digni
2085 660 2150 685 sunt,

1583 700 1639 724 quot
1657 696 1792 724 perditionis
1804 697 1908 724 exempla
1920 697 1948 719 ad
1962 696 2068 719 subditos
2081 700 2150 720 trans-

1584 736 1677 757 mittunt
1694 735 1739 757 549
1757 742 1769 757 a

1630 787 1661 790 —
1678 775 1882 802 Quemadmodum
1901 778 1978 803 pastor
1995 775 2084 798 excedit
2102 782 2150 803 gre-

1584 820 1649 842 gem,
1668 817 1756 836 tantum
1781 815 1827 836 vita
1854 815 1948 842 praelati
1974 815 2045 837 vitam
2069 815 2148 843 populi

1584 854 1695 876 excedere
1712 853 1781 876 debet
1805 854 1848 876 517
1868 853 1882 875 l]
1904 866 1934 870 —
1958 853 2043 876 debeat
2065 854 2150 876 habere

1583 893 1688 914 situalem
1713 893 1861 915 eminentiam
1888 899 1929 921 per
1954 893 2089 921 primariam
2114 899 2150 916 re-

1584 932 1715 959 ceptionem
1734 932 1828 954 divinae
1851 932 2005 955 irradiationis
2023 933 2067 954 217
2085 939 2096 954 a
2122 945 2149 948 —

1584 971 1654 993 debet
1671 971 1757 994 habere
1775 972 1922 994 eminentiam
1941 972 2088 999 evangelicae
2102 978 2151 1000 per·

1585 1011 1700 1037 fectionis,
1719 1011 1807 1033 ratione
1824 1011 1890 1033 cuins
1907 1011 1995 1033 excellit
2006 1017 2087 1034 omnes
2099 1011 2151 1033 sub-

1585 1050 1645 1072 ditos
1663 1050 1717 1073 ibid.
1732 1063 1761 1066 »-
1782 1051 1848 1073 Tunc
1865 1051 1894 1072 ad
1912 1057 1966 1073 eum
1984 1051 2055 1073 ssucnt
2072 1051 2151 1078 populi

1586 1093 1679 1117 propter
1696 1089 1813 1112 liberalem
1831 1090 1971 1112 affluentiam
1994 1089 2049 1112 z'bz'cl.
2066 1102 2096 1106 --
2113 1090 2150 1112 de-

1585 1128 1667 1151 berent
1689 1135 1739 1151 esse
1762 1133 1853 1151 montes
1875 1129 1994 1152 aromatici
2018 1129 2062 1151 688
2083 1129 2097 1151 1)
2120 1141 2150 1145 -

1584 1168 1654 1191 debet
1670 1175 1721 1191 esse
1739 1175 1806 1191 arcus
1824 1172 1920 1197 propte-r
1938 1169 1979 1191 tria
1996 1168 2041 1190 518
2060 1175 2070 1190 a

1631 1220 1662 1224 —
1680 1214 1724 1230 non
1743 1208 1801 1230 bene
1819 1211 1915 1236 possunt
1933 1214 2027 1236 pascere
2045 1213 2151 1235 gregem,

1585 1247 1626 1269 nisi
1651 1248 1672 1269 in
1696 1248 1752 1275 ipsis
1778 1248 1807 1269 sit
1832 1248 1936 1275 operatio
1963 1247 2017 1269 boni
2036 1247 2112 1274 operis
2129 1250 2151 1268 et

1585 1286 1698 1308 rectitudo
1721 1287 1853 1309 intentionis
1876 1287 1916 1309 531
1948 1287 1962 1308 b
1988 1299 2018 1302 —
2043 1293 2069 1308 ex
2086 1286 2150 1308 omni

1586 1328 1649 1352 parte
1667 1325 1737 1348 dehet
1754 1332 1803 1348 esse
1829 1326 2013 1353 circumspectus
2030 1326 2053 1347 111
2071 1325 2148 1353 vigilia

1585 1371 1625 1387 sua
1649 1368 1672 1387 et
1696 1372 1791 1387 suorum
1811 1366 1855 1388 529
1874 1371 1887 1387 11
1904 1378 1934 1381 -
1958 1365 2044 1387 debent
2066 1364 2151 1387 habere

1585 1404 1680 1432 quinam
1699 1405 1863 1432 perfectionem
1882 1405 1981 1427 exercitii
1994 1404 2090 1427 virtuosi
2105 1404 2150 1426 528

1585 1443 1600 1465 1)
1617 1455 1648 1459 -
1666 1450 1709 1466 000
1731 1447 1818 1466 tantum
1841 1450 1881 1471 per
1905 1447 1982 1471 portas
2000 1443 2151 1472 poenitentiae

1586 1483 1681 1504 transire
1698 1483 1796 1511 debent,
1813 1483 1854 1505 sed
1872 1483 1941 1505 etiam
1965 1489 2006 1510 per
2023 1486 2100 1511 portas
2117 1483 2152 1505 iu·

1585 1522 1657 1544 stitiae
1680 1522 1721 1544 tot
1739 1529 1750 1544 a
1769 1535 1799 1539 —
1817 1522 1999 1551 quadrupliciter
2022 1521 2090 1544 debet
2108 1523 2151 1544 fru-

1585 1561 1685 1583 ctificare
1703 1561 1731 1583 ad
1759 1562 1855 1584 modum
1878 1562 1953 1583 olivae
1972 1561 2015 1583 Δ157
2034 1561 2057 1583 b.
2076 1561 2120 1583 458
2138 1567 2151 1583 a

1584 1612 1615 1616 —
1638 1600 1721 1622 habeat
1745 1601 1899 1623 reverentiam
1925 1601 2055 1623 dominicae
2077 1600 2152 1623 subie-

1585 1640 1666 1662 ctionis
1684 1641 1728 1662 216
1748 1640 1762 1662 1)
1779 1652 1810 1656 —-
1827 1641 1849 1662 ln
1868 1646 1948 1662 eorum
1967 1640 2061 1662 caritate
2073 1643 2095 1662 01
2106 1640 2152 1667 pie-

1587 1682 1631 1701 tate
1649 1679 1754 1701 consistit
1771 1686 1814 1707 pax
1832 1680 1944 1702 Ecclesiae
1962 1680 2006 1701 603
2027 1679 2040 1701 1)

1633 1732 1661 1734 -
1681 1720 1754 1751 11111105
1771 1721 1805 1741 est
1822 1719 1917 1747 angelus
1929 1722 2022 1741 satanae
2034 1719 2078 1740 618
2096 1725 2108 1740 11
2121 1730 2152 1735 -

1587 1759 1638 1780 mali
1657 1761 1821 1786 comparantur
1833 1758 1988 1780 obscurationi
2002 1755 2153 1780 luminarium

1586 1801 1681 1825 propter
1698 1804 1764 1820 suam
1782 1798 1960 1825 negligentiam,
1978 1797 2091 1820 licentiam
2115 1798 2151 1819 vei

1586 1837 1718 1859 iniustitiam
1733 1837 1760 1859 37
1772 1843 1783 1859 a
1794 1849 1823 1853 —-
1835 1837 1861 1863 si,
1872 1841 1995 1865 postquam
2008 1837 2094 1859 electus
2107 1838 2151 1859 fue-

1587 1876 1627 1903 rit,
1644 1876 1792 1904 superbierit,
1804 1875 1943 1904 reprobatur
1956 1876 2000 1898 517
2013 1882 2025 1898 a
2038 1889 2068 1891 —
2081 1882 2149 1904 quae-

1587 1920 1662 1938 rentes
1679 1916 1780 1944 quietem
1804 1918 1826 1938 et
1848 1916 1961 1938 honorem
1979 1922 1991 1937 a
2011 1916 2057 1937 Deo
2075 1921 2151 1942 repro-

1586 1954 1669 1977 bantur
1692 1955 1736 1976 671
1759 1955 1774 1977 l)
1792 1968 1822 1970 —
1839 1955 1908 1983 aliqui
1934 1961 1979 1977 non
2003 1954 2151 1981 fructificant,

1586 1994 1639 2023 quia
1657 1994 1687 2016 ad
1704 2001 1775 2022 opera
1792 1995 1935 2016 infructuosa
1953 1994 2067 2016 declinant
2082 1994 2125 2016 458
2138 2000 2150 2015 a

1633 2047 1662 2049 —
1681 2034 1751 2062 aliqui
1769 2040 1780 2055 a
1793 2034 1878 2056 dextris
1889 2034 2002 2061 recipiunt
2014 2033 2151 2060 adulatores,

1586 2079 1597 2093 a
1615 2071 1712 2094 sinistris
1730 2073 1870 2094 detractores
1898 2072 1940 2094 43ss
1959 2072 1973 2094 h
1990 2084 2022 2088 —
2039 2072 2094 2093 tales
2112 2073 2152 2093 fre-

1585 2114 1683 2140 quenter
1706 2115 1877 2140 persequuntur
1900 2111 1987 2138 bonos,
2010 2111 2103 2133 laedunt
2120 2111 2150 2132 in-

1586 2151 1679 2177 noxios,
1697 2151 1846 2173 damniticam
1863 2151 1934 2172 iustos
1946 2149 2000 2172 ibid.
2012 2162 2043 2166 —
2055 2150 2151 2172 Damna-

1586 2192 1622 2212 tur
1639 2190 1787 2218 quorundam
1806 2190 1913 2217 voluptas
1930 2189 1975 2211 364
1988 2196 2000 2211 a
2014 2202 2040 2205 -
2055 2189 2150 2217 quidam

1587 2233 1669 2252 vacant
1682 2230 1739 2251 cibis
1752 2233 1774 2252 et
1786 2229 1879 2257 potibus
1893 2228 1937 2251 217
1951 2235 1962 2250 a
1976 2241 2005 2244 —-
2017 2228 2090 2257 qualis
2103 2234 2152 2256 per-

1586 2269 1625 2291 dat
1637 2270 1739 2297 requiem
1750 2273 1771 2291 ct
1781 2268 1984 2291 sanctificationem
1996 2268 2072 2290 cordis
2084 2268 2128 2289 646
2139 2274 2151 2289 a

1633 2321 1664 2323 —
1681 2308 1776 2336 quidam
1802 2311 1854 2330 sunt
1876 2308 1940 2329 avari
1963 2308 2007 2329 217
2026 2313 2037 2329 a
2054 2319 2085 2323 —
2103 2307 2152 2335 qui-

1586 2348 1639 2369 dam
1660 2354 1705 2369 non
1723 2347 1843 2376 requirunt
1868 2347 1890 2369 111
1914 2347 2016 2369 ecclesiis
2038 2348 2150 2373 fructum,

1586 2387 1625 2409 sed
1645 2387 1723 2409 datum
1743 2386 1788 2408 :364
1801 2393 1813 2408 a
1825 2399 1854 2402 —
1867 2386 1962 2415 quidam
1976 2386 2081 2408 reiiciunt
2097 2391 2151 2407 suas

1586 2426 1693 2448 ecclesias
1719 2432 1760 2453 pro
1784 2425 1946 2453 pinguioribus
1964 2424 2016 2447 ibid.
2034 2437 2064 2440 —-
2082 2424 2151 2452 aliqui

1587 2466 1660 2487 ditant
1676 2471 1731 2487 suos
1757 2465 1941 2492 consanguineos
1958 2464 2001 2486 217
2020 2471 2033 2486 11
2050 2476 2081 2480 -
2098 2465 2151 2486 l‘ro-

1586 2508 1637 2532 pter
1646 2510 1726 2526 eorum
1740 2504 1860 2526 avaritiam
1874 2505 2003 2532 frequenter
2015 2504 2064 2526 lites
2076 2503 2152 2525 oriun-

1587 2546 1622 2566 tur
1640 2545 1684 2565 603
1704 2543 1717 2565 l]

1633 2595 1664 2598 —
1689 2584 1749 2604 Bona
1776 2583 1909 2610 temporalia
1935 2582 1993 2604 116116
2019 2582 2150 2610 dispensata

1586 2628 1630 2644 non
1660 2622 1765 2643 minuunt
1792 2622 1842 2643 eius
1870 2621 2047 2649 perfectionem,
2076 2621 2149 2643 immo

1584 2664 1670 2688 augent
1687 2661 1794 2683 meritum
1813 2660 1858 2682 374
1877 2667 1888 2682 a

1632 2701 1747 2722 PRAEMiUM
1765 2713 1793 2715 —
1813 2700 1930 2728 Quantitas
1947 2700 2102 2727 pramnioruin
2116 2702 2151 2721 est

1584 2740 1712 2761 secundum
1730 2740 1880 2768 quantitatem
1905 2739 2039 2761 meritorum
2066 2739 2111 2760 545
2136 2744 2148 2760 a

1585 2791 1615 2794 —
1636 2778 1794 2801 Consideratio
1821 2779 1916 2806 praemii
1940 2778 2021 2800 minuit
2044 2778 2090 2799 vim
2113 2778 2150 2799 fla·

1585 2818 1636 2845 gelli
1654 2818 1698 2839 512
1717 2817 1740 2840 b.
1757 2818 1803 2840 569
1821 2817 1836 2840 1)

1631 2858 1785 2880 nmmum«)
1802 2869 1832 2874 —
1849 2861 1883 2880 est
1901 2857 1992 2885 triplex:
2011 2857 2148 2884 purgativa,

1584 2896 1747 2923 illuminativa,
1765 2897 1888 2924 perfectiva
1908 2897 1947 2918 121
1969 2903 1981 2918 a

1632 2936 1801 2958 anizrosirirus
1820 2948 1847 2951 ——
1865 2936 1928 2962 dixit,
1940 2942 1964 2957 se
1979 2935 2036 2957 velle
2053 2935 2149 2957 credere

1585 2975 1607 2997 in
1624 2975 1769 3003 simplicitate
1785 2978 1808 2997 et
1824 2975 1950 2997 humilitate
1968 2975 2013 2996 590
2031 2981 2043 2996 a
