2269 3448
740 213 782 241 nli
806 213 880 242 Vtra
903 213 1068 242 SERAl’l-llCl
1092 214 1264 243 nOinonts,
1849 222 1881 249 :it

126 292 268 321 manifeste
289 292 399 329 aperuit
420 291 608 328 Ordinemque
623 292 781 320 animorum
805 291 938 320 divisione
953 295 980 320 et

125 339 245 376 partium
269 339 404 367 acerrima
423 338 598 366 contentione
621 338 751 366 turbavit.
769 339 821 366 lloc
835 338 979 367 dissidium

125 394 303 424 progressum
330 389 372 414 est
401 393 490 422 usque
511 385 543 413 ad
569 385 770 413 lamentabilem
800 385 979 417 divisionem,

127 437 220 470 postea
242 432 401 461 nominibus
416 431 645 460 Conventualium
662 434 689 459 et
704 432 896 468 Spiritualium
911 432 980 460 11651-

126 484 248 517 gnatam,
270 479 343 516 quod
365 479 509 507 dissidium
533 482 606 507 tanta
629 479 654 506 in
678 478 781 507 Ordine
803 479 931 507 scandala
952 483 979 507 et

126 527 234 555 tandem
257 535 300 554 an.
326 527 399 554 ’1517
423 526 571 562 perfectam
594 526 654 554 eius
683 526 708 554 in
738 526 808 554 duos
836 526 979 555 distinctos

125 574 242 602 Ordines
263 573 464 610 separationem
488 573 652 609 procreavit.

206 622 262 657 lpse
278 622 301 649 S.
320 621 527 649 bonaventurae
547 620 572 648 in
589 620 740 649 Ministerio
761 621 882 657 generali
900 629 978 657 prae-

124 668 261 700 decessor,
291 668 333 696 Fr.
358 668 469 695 loannes
497 667 530 695 de
560 668 671 701 l’arma,
694 667 837 696 sanctitate
865 672 892 696 et
921 669 979 697 zelo

125 724 174 752 pro
198 715 317 752 puritate
340 715 457 751 [tegulae
480 715 557 743 valde
579 715 758 751 conspicuus,
774 715 924 751 desperans
945 715 979 744 de

124 762 226 791 Ordine
242 762 417 791 reformando
439 764 466 790 et
488 770 553 798 pace
576 762 647 790 inter
662 762 772 790 Fratres
790 763 979 791 conservanda

123 818 174 838 suo
195 809 286 837 officio
308 808 478 837 renuntiavit
492 812 575 845 atque
591 809 616 837 S.
633 809 853 837 ssonaventiirain
870 813 900 837 ut
915 817 979 838 suc-

123 864 260 885 cessorem
283 856 451 892 designavit,
475 859 505 884 ut
526 864 612 892 supra
634 859 778 884 narratum
801 859 850 884 est.

203 903 257 931 lloc
277 903 311 931 de
333 902 488 931 conditione
503 902 615 931 Ordinis
637 903 805 939 praelibato,
827 903 879 932 iam
900 903 978 932 facile

125 950 296 986 intelligitur,
329 958 411 986 quam
445 950 583 986 sapienter
615 954 642 978 et
678 954 751 979 recte
784 950 978 979 Bonaveutura

122 997 258 1034 gubernio
280 1000 306 1025 et
327 996 565 1025 administratione
586 997 698 1026 Ordinis
719 997 833 1026 functus
861 998 904 1026 sit.
929 999 977 1027 Re-

122 1044 224 1072 ducere
249 1047 349 1072 tantam
373 1044 549 1072 subditorum
574 1044 780 1073 multitudinem
802 1045 835 1073 ad
858 1045 977 1081 primiti-

123 1099 183 1119 vam
205 1091 395 1119 austeritatem
419 1095 446 1119 et
474 1092 677 1120 strictissimam
709 1095 899 1128 paupertatem
928 1093 977 1121 ob-

123 1138 303 1172 servandam,
325 1147 341 1166 a
363 1140 388 1166 S.
412 1139 572 1167 Patriarelia
594 1142 653 1167 tum
676 1139 769 1168 verbis
799 1142 857 1167 tum
880 1148 975 1168 exem-

122 1186 167 1222 plo
199 1185 431 1219 commendatam,
460 1186 507 1214 sed
541 1194 594 1214 non
624 1190 816 1223 praeceptam,
850 1187 976 1224 impossi—

110 1233 176 1261 ·bile
208 1232 274 1266 fuit;
309 1240 358 1261 nec
389 1233 547 1261 Conventus
583 1241 697 1270 magnos
732 1234 785 1262 iam
822 1234 976 1264 existentes

122 1280 281 1317 relinquere
303 1283 493 1316 opportunum
516 1280 577 1309 fuit.
594 1281 626 1309 Ut
644 1281 729 1317 igitur
752 1281 843 1310 unitas
865 1282 976 1311 Ordinis

121 1330 147 1355 et
170 1335 223 1363 pax
247 1329 472 1361 conservaretur,
496 1327 677 1356 insistendum
700 1331 727 1356 et
749 1329 904 1365 urgendum
926 1329 976 1357 im-

121 1373 218 1410 primis
240 1377 315 1407 erat,
338 1377 369 1402 ut
390 1382 486 1402 omnes
509 1374 638 1411 Regulam
661 1374 813 1411 professam
835 1375 932 1404 saltem
948 1375 974 1403 in

121 1421 167 1449 illo
188 1420 277 1457 gradu
300 1421 491 1457 perfectiouis,
521 1429 592 1458 quae
620 1422 694 1450 intra
723 1422 842 1458 [tegulae
874 1423 975 1451 limites

121 1471 230 1501 manet,
252 1467 443 1496 observarent.
465 1468 567 1496 Contra
589 1468 748 1497 manifestos
770 1469 875 1498 abusus
897 1469 975 1498 forti-

121 1517 163 1543 ter
185 1514 364 1551 pugnandum
389 1519 448 1543 erat
476 1519 503 1544 et
524 1515 557 1544 ad
586 1516 685 1544 altiora
705 1517 828 1545 suaviter
857 1517 975 1545 suaden-

120 1562 195 1589 dum.
229 1562 297 1590 Haec
332 1562 375 1590 via
406 1562 512 1596 inedia,
541 1570 613 1599 quae
645 1563 734 1591 aliena
756 1566 816 1591 erat
836 1571 852 1591 a
875 1564 975 1592 laxatis

119 1609 350 1638 Conventualium
365 1609 618 1646 dispensationibus
639 1614 666 1639 et
687 1619 703 1639 a
722 1611 899 1647 quorundam
915 1611 974 1648 Spi-

121 1657 264 1685 ritualium
280 1661 445 1694 exasperato
467 1666 602 1691 excessu,
620 1666 716 1686 norma
738 1658 784 1686 illa
799 1658 867 1692 fuit,
889 1667 973 1695 quam

120 1707 233 1733 secutus
254 1708 296 1733 est
317 1705 342 1733 S.
373 1705 567 1734 Bonaventura
588 1709 615 1734 et
643 1706 696 1734 hoc
726 1706 806 1734 modo
838 1706 973 1740 obtinuit,

121 1755 152 1780 ut
174 1752 227 1781 sub
248 1753 308 1781 eius
329 1752 466 1789 gubernIO
486 1753 577 1781 unitas
592 1756 619 1781 et
634 1761 688 1790 pax
705 1753 875 1782 sufficienter
890 1754 974 1782 fuerit

119 1798 274 1827 observata.
297 1799 385 1836 Quam
415 1799 523 1828 fortiter
545 1803 643 1828 contra
669 1800 903 1836 transgressiones
925 1801 973 1829 Re-

119 1846 201 1882 gulae
228 1846 387 1874 manifestas
415 1846 619 1881 insurrexerit,
643 1850 781 1876 testantur
813 1847 875 1875 illae
902 1847 974 1876 duae

119 1892 255 1929 Epistolae
276 1893 424 1927 officiales,
446 1901 517 1930 quae
540 1893 565 1922 in
590 1897 654 1937 tom:
679 1894 742 1923 Vlll.
765 1902 826 1931 pag.
843 1895 973 1923 lies-474

120 1940 271 1977 impressae
292 1944 366 1974 sunt,
388 1944 415 1969 et
437 1941 511 1977 ipsae
526 1941 607 1969 etiam
625 1941 840 1970 Constitutiones
858 1949 975 1978 genera-

120 1987 159 2016 les
180 1988 284 2024 positae
306 1988 341 2016 ibi
366 1997 424 2025 pag.
448 1989 593 2022 alta-4673
611 1988 671 2024 (cfr.
694 1989 776 2018 etiam
799 1989 919 2026 Epistola
940 1989 973 2018 de

121 2034 210 2063 tribus
232 2035 456 2071 quaestionibus,
481 2044 539 2072 pag.
564 2035 616 2065 331
642 2037 741 2073 seqq).

199 2082 370 2111 Desideravit
391 2083 502 2119 quidem
526 2083 719 2112 Bonaventura
745 2084 973 2120 perfectissimam

120 2129 249 2166 puritatis
272 2130 390 2166 Regulae
411 2130 629 2164 observantiam,
644 2134 676 2159 ut
692 2133 810 2159 testatur
825 2140 910 2168 supra
926 2132 973 2160 Pe-

120 2180 182 2205 trus
204 2177 311 2205 loannis
331 2177 419 2211 Olivi,
441 2177 489 2206 sed
511 2178 690 2214 impossibilia
712 2181 818 2207 tentare
833 2182 860 2207 et
875 2179 901 2207 in
918 2187 973 2207 non

120 2224 297 2258 necessariis,
321 2233 373 2253 non
403 2225 569 2261 sapientiae,
592 2225 639 2253 sed
661 2226 824 2254 temeritatis
853 2230 903 2254 est.
926 2226 973 2253 Mi-

120 2271 194 2300 nime
216 2274 307 2300 tamen
330 2272 406 2308 parvi
430 2272 546 2300 faciebat
561 2272 645 2300 verba
660 2275 687 2300 et
701 2273 830 2308 exempla
849 2273 873 2300 S.
890 2273 973 2301 Fran-

120 2318 183 2346 cisci
206 2318 239 2346 ad
261 2318 360 2346 altiora
381 2318 538 2352 incitantia,
560 2326 631 2355 quae
653 2319 679 2347 in
704 2319 828 2355 Legenda
849 2320 873 2347 S.
889 2320 973 2348 Fran-

120 2365 184 2393 cisci
207 2364 361 2401 descripsit.
384 2365 480 2394 Obiter
502 2368 646 2399 notamus,
672 2365 861 2394 efficacissima
888 2366 973 2395 fuisse

120 2412 166 2440 illa
186 2411 219 2440 ad
235 2412 384 2448 perfectam
403 2413 520 2449 Regulae
537 2413 685 2449 puritatem
701 2413 873 2441 stimulantia
888 2414 973 2442 verba

119 2463 147 2487 et
167 2459 296 2495 exempla
317 2459 402 2488 sancti
427 2460 604 2493 Fundatoris;
628 2460 679 2488 1106
701 2464 757 2489 tota
784 2461 899 2489 historia
921 2461 973 2489 Or-

120 2506 191 2534 dinis
213 2506 355 2535 manifeste
378 2510 504 2535 testatur.
521 2507 606 2535 Etiam
629 2507 740 2544 quando
762 2508 788 2536 in
811 2508 914 2536 Ordine
930 2508 973 2536 vel

120 2553 146 2581 in
168 2553 262 2590 aliquo
276 2553 420 2582 Conventu
442 2554 532 2582 laxior
546 2555 589 2583 vel
611 2554 761 2591 depravata
780 2548 972 2590 vitainolevit,

120 2600 167 2628 vix
196 2600 291 2629 deerat
320 2601 415 2629 saltem
438 2601 538 2638 aliquis
566 2602 670 2635 Frater,
703 2602 764 2639 qui,
794 2602 972 2631 considerans

120 2647 231 2676 heroica
252 2648 277 2675 S.
294 2648 428 2677 Francisci
451 2649 579 2685 exempla
594 2652 620 2677 et
638 2649 771 2678 salutaria
793 2650 894 2683 verba,
916 2658 971 2678 non

120 2694 237 2722 senserit
248 2702 326 2723 acres
340 2695 476 2729 stimulos,
489 2699 520 2724 ut
532 2704 623 2724 mores
638 2704 703 2724 suos
714 2696 795 2725 etiam
808 2697 883 2725 ultra
895 2705 970 2733 prae—

120 2744 198 2777 cepta
217 2741 390 2770 reformaret.
408 2741 506 2770 Eadem
530 2742 634 2771 ratione
650 2743 807 2780 explicatur
822 2744 972 2772 continuus

120 2786 164 2815 ille
185 2787 218 2815 ad
241 2787 464 2816 reformationem
486 2789 579 2823 nisus,
601 2789 649 2826 qui
670 2793 786 2826 apparet
812 2790 838 2818 in
868 2793 907 2818 tot
928 2797 971 2818 re-

119 2833 340 2869 formationibus,
357 2836 397 2863 vel
413 2829 585 2872 partialibus,
602 2840 633 2865 ut
648 2837 674 2865 in
697 2837 783 2866 sacris
805 2837 971 2871 recessibus,

119 2881 201 2909 etlam
234 2882 259 2909 in
289 2882 448 2910 recentibus
475 2883 724 2913 Constitutionibus
756 2884 970 2917 commendatis,

120 2927 162 2955 vel
185 2927 211 2955 in
232 2928 452 2964 generalioribus
472 2929 647 2958 Familiarum
674 2935 722 2959 aut
744 2931 828 2959 totius
850 2931 969 2959 Ordinis.

199 2975 224 3002 7.
247 2974 315 3003 Cum
331 2975 423 3012 aliquo
439 2975 519 3004 modo
535 2976 578 3005 bic
597 2977 909 3005 commemoraverimus
923 2977 971 3005 do-

121 3024 160 3049 tes
183 3021 304 3050 internas
322 3022 347 3050 S.
364 3022 581 3057 Bonaventurae,
597 3023 662 3052 binc
684 3023 760 3052 iuvat
782 3024 826 3052 bic
848 3024 972 3052 inserere

1038 293 1175 329 quoddam
1200 293 1315 327 factum,
1340 296 1412 331 quod
1444 297 1683 325 uumsuetndineiu
1712 299 1772 326 rius
1794 302 1819 326 et
1840 300 1885 327 de-

1038 339 1194 367 missionem
1217 340 1299 368 aniini
1318 349 1414 369 versus
1435 342 1561 371 minimos
1577 344 1683 373 Fratres
1700 346 1813 375 inii-ilice
1832 349 1886 376 col-

1038 386 1146 413 lustrat.
1161 386 1331 423 Waddingus
1347 388 1418 416 istud
1437 390 1543 425 reponit
1558 391 1590 418 ad
1606 400 1649 419 an.
1668 393 1748 425 121311,
1761 394 1806 421 sed
1823 404 1884 422 rum

1036 432 1069 460 ad
1091 433 1297 469 chronologiam
1322 434 1388 462 niliil
1412 436 1544 469 cortici-at,
1561 446 1609 465 nos
1628 438 1693 466 illud
1712 444 1886 477 [ιι-(1111151111)-

1038 479 1234 515 portunitatem
1256 480 1304 509 loci
1323 481 1365 509 liic
1382 483 1518 517 ponimus,
1536 484 1575 511 usi
1594 484 1658 520 ipsis
1674 487 1764 514 verbis
1779 489 1885 516 Annali-

1037 529 1094 554 stae
1108 527 1132 554 ¹:
1160 538 1173 551 «
1190 527 1259 555 Dum
1280 528 1313 556 ad
1337 529 1388 557 lioc
1410 530 1566 565 Capitulum
1593 532 1763 567 (Assisiense)
1791 544 1886 571 perge-

1037 576 1079 600 ret
1103 573 1308 608 lhniavei‘ittn'a,
1324 575 1424 609 evenit,
1448 579 1477 604 ut
1498 577 1610 613 quidam
1633 579 1727 607 Frater
1749 580 1884 616 Fulgiuas,

1036 619 1171 654 afflictus,
1193 620 1258 649 dum
1282 621 1336 649 illic
1359 622 1385 650 in
1410 623 1497 659 patria
1520 632 1572 652 non
1597 629 1687 660 posset
1702 627 1818 655 eundem
1837 629 1884 656 lto-

1037 670 1235 702 naventuram,
1257 676 1340 697 suum
1363 670 1569 706 primicerium,
1592 680 1642 708 pro
1675 674 1817 702 relevanda
1842 685 1885 703 ‹Ja-

1038 714 1157 743 lamitate
1180 719 1293 752 propter
1322 717 1459 753 plurimos
1487 719 1691 749 circumdantes
1722 724 1749 749 et
1782 722 1886 751 itineris

1036 762 1150 790 comites
1180 763 1299 800 alloqui,
1329 765 1511 800 praecesserit
1544 766 1709 802 Hispellum,
1737 772 1820 805 atque
1852 770 1885 798 ad

1035 809 1126 845 oppidi
1150 810 1256 839 radices
1278 811 1303 839 in
1328 812 1371 839 via
1392 813 1547 841 occurrerit
1568 814 1710 848 Generali,
1731 824 1782 844 non
1801 825 1884 853 parvo

1037 856 1162 884 Fratrum
1186 858 1382 895 sociorumque
1403 860 1534 889 comitatu
1555 861 1662 898 stipato,
1678 863 1804 900 elataque
1821 872 1886 893 voce

1037 904 1190 932 transeunti
1212 904 1331 933 dixerit:
1350 906 1520 939 ,Venerando
1536 908 1623 942 l’ater,
1639 917 1688 945 ego
1704 918 1884 947 percuperem

1037 957 1086 986 pro
1108 958 1169 979 mea
1196 952 1381 981 consolatione
1404 956 1429 981 te
1450 954 1567 991 alloqui,
1589 959 1615 983 et
1639 956 1780 985 humiliter
1803 966 1885 994 roge,

1036 1005 1069 1025 116
1093 1000 1171 1026 11111111
1194 1002 1353 1027 contemnas
1375 1000 1528 1035 Subditum,
1551 1004 1729 1038 quantumvis
1752 1004 1883 1033 humilem

1035 1044 1235 1079 fraterculum,
1266 1049 1328 1075 tuae
1363 1050 1451 1076 tamen
1484 1056 1568 1077 curae
1600 1050 1802 1079 commissum‘.
1837 1053 1885 1080 Re-

1034 1091 1116 1119 cessit
1137 1092 1342 1129 aliquantulum
1364 1102 1380 1121 a
1402 1095 1534 1123 comitatu
1562 1096 1753 1126 bonaventura
1775 1099 1884 1127 sedens-

1034 1146 1089 1175 que
1105 1139 1182 1167 11111111
1206 1140 1364 1169 humaniter
1386 1144 1413 1169 et
1436 1142 1540 1178 placide
1561 1151 1624 1171 cum
1641 1144 1755 1178 misello,
1771 1146 1884 1174 candide

1034 1185 1156 1220 audivit,
1180 1187 1315 1223 patienter
1338 1188 1401 1216 tulit
1432 1189 1571 1225 prolixius
1598 1190 1733 1220 dicentem
1756 1196 1783 1220 et
1805 1194 1885 1222 mise-

1034 1233 1181 1262 ricorditer
1202 1235 1360 1263 consolatus
1381 1239 1422 1264 est
1444 1236 1646 1273 deprecantem.
1667 1239 1799 1268 Commoti
1822 1241 1885 1269 Fra-

1034 1283 1091 1309 tres
1112 1281 1147 1309 ob
1170 1285 1272 1310 tantam
1297 1290 1415 1317 moram,
1435 1288 1628 1321 exspectantes
1644 1286 1669 1314 in
1686 1287 1738 1321 via,
1754 1288 1885 1316 submur-

1033 1328 1182 1356 murabant
1213 1329 1417 1366 dixeruntque,
1450 1339 1613 1367 supremum
1650 1332 1761 1362 Ordinis
1793 1335 1884 1363 virum

1034 1383 1086 1403 non
1111 1375 1148 1403 ita
1169 1383 1197 1403 se
1228 1376 1385 1413 deprimere
1417 1377 1534 1411 debere,
1557 1382 1589 1407 111
1610 1381 1767 1409 occurrenti
1792 1381 1816 1409 in
1840 1382 1883 1410 via

1033 1422 1184 1451 fraterculo
1205 1423 1323 1452 assideat
1346 1424 1371 1452 in
1396 1427 1470 1453 terra
1491 1425 1558 1454 adeo
1581 1427 1664 1463 lungo
1686 1431 1819 1464 tempore,
1842 1437 1884 1457 re-

1033 1469 1103 1498 lictis
1124 1470 1301 1506 gravioribus
1334 1471 1460 1500 Patribus
1488 1473 1621 1507 sodalitii,
1643 1475 1690 1511 qui
1714 1483 1777 1503 eum
1801 1476 1884 1504 comi-

1033 1516 1172 1545 tabantur.
1202 1518 1309 1553 Quibus
1341 1518 1400 1547 ille:
1425 1520 1497 1553 ,Non
1526 1521 1619 1554 licuit,
1651 1522 1776 1555 Fratres,
1805 1523 1884 1551 aliter

1033 1562 1130 1592 facere.
1155 1564 1208 1601 Ego
1237 1565 1359 1594 Minister
1388 1574 1449 1595 snm
1478 1571 1505 1596 et
1530 1575 1643 1602 servus,
1667 1569 1711 1597 ille
1738 1578 1816 1598 meus
1837 1570 1884 1598 do-

1032 1611 1156 1645 miuus‘,
1178 1612 1340 1649 frequenter
1362 1614 1463 1642 etenim
1491 1614 1535 1643 illa
1557 1615 1675 1652 Regulae
1696 1624 1884 1645 commemoro

1033 1659 1156 1687 verna2:
1181 1660 1311 1694 ,Ministri
1342 1660 1458 1698 benigne
1487 1666 1513 1690 et
1539 1663 1681 1692 caritative
1710 1664 1819 1692 Fratres
1842 1672 1883 1693 16-

1032 1705 1133 1742 cipiant
1154 1709 1181 1734 et
1204 1710 1306 1735 tantam
1328 1707 1544 1737 familiaritatem
1568 1710 1686 1739 habeant
1708 1711 1781 1740 circa
1802 1712 1883 1748 ipsos,

1032 1756 1063 1781 ut
1084 1753 1176 1782 dicere
1199 1755 1304 1790 possint
1325 1755 1364 1783 eis
1390 1759 1418 1784 et
1448 1756 1555 1790 facere,
1577 1757 1649 1786 sicut
1670 1758 1771 1787 domiui
1796 1759 1883 1787 servis

1032 1800 1098 1829 suis.
1122 1801 1188 1829 Nam
1222 1801 1259 1829 ita
1289 1801 1371 1831 debet
1392 1810 1468 1836 esse,
1490 1804 1563 1840 quod
1597 1805 1713 1833 Ministri
1735 1806 1790 1835 siut
1810 1808 1881 1835 servi

1031 1848 1156 1876 omnium
1173 1848 1318 1876 Fratrum‘.
1342 1849 1396 1886 Ego
1410 1858 1510 1879 servus
1524 1851 1718 1888 obtemperare
1733 1853 1815 1881 debui
1836 1854 1884 1882 do-

1033 1895 1099 1923 mini
1123 1895 1275 1930 voluntati,
1297 1900 1324 1925 et
1346 1897 1464 1933 compati
1489 1898 1638 1927 laborantis
1661 1899 1855 1929 infirmitati».

1111 1943 1206 1971 Adbuc
1238 1951 1325 1972 unum
1352 1943 1472 1978 factum,
1495 1946 1568 1982 quod
1590 1954 1640 1974 nec
1668 1947 1820 1984 quidquam
1850 1948 1882 1976 ad

1031 1990 1239 2026 chronologiam
1271 1991 1396 2025 confert;
1429 1995 1471 2020 est
1506 1997 1598 2021 autem
1632 1994 1824 2023 authenticum
1857 1999 1884 2024 et

1032 2037 1136 2073 pariter
1160 2037 1343 2067 bumilitatem
1373 2039 1583 2068 Bonaventurae
1610 2041 1739 2069 illustrat.
1765 2042 1807 2070 Bis
1830 2043 1881 2071 iam

1032 2085 1111 2113 istius
1137 2085 1200 2113 alibi
1218 2086 1227 2101 ³
1251 2086 1417 2114 mentionem
1447 2087 1578 2121 fecimus,
1608 2088 1654 2116 sed
1684 2089 1814 2118 breviter.
1838 2090 1883 2118 Hic

1032 2132 1084 2160 iam
1109 2135 1196 2160 totum
1220 2132 1369 2161 referimus
1397 2141 1459 2162 cum
1489 2142 1570 2171 saepe
1592 2135 1702 2164 laudato
1731 2136 1884 2165 Salimbene

1031 2179 1200 2207 scribentissz
1229 2180 1300 2208 «Hic
1315 2180 1422 2215 (Frater
1444 2181 1563 2214 Marcus)
1585 2182 1637 2210 fuit
1658 2190 1737 2211 meus
1758 2184 1883 2219 specialis

1030 2225 1152 2259 amicus;
1174 2228 1201 2254 et
1221 2227 1377 2262 generalem
1399 2227 1554 2256 Ministrum
1570 2228 1693 2257 Fratrem
1711 2229 1883 2258 Bonaventu-

1031 2280 1089 2300 ram
1106 2272 1133 2300 in
1151 2275 1256 2301 tantum
1271 2273 1378 2307 dilexit,
1391 2274 1465 2310 quod
1482 2278 1542 2310 post
1558 2279 1675 2304 mortem
1692 2276 1760 2309 eius,
1773 2276 1883 2313 quando

1031 2319 1231 2348 recordabatur
1263 2328 1378 2357 magnae
1408 2321 1579 2350 litteraturae
1601 2323 1688 2359 ipsius
1709 2327 1735 2351 et
1757 2324 1880 2352 omnium

1030 2366 1182 2403 gratiarum
1193 2389 1200 2400 ,
1216 2375 1285 2403 quas
1301 2367 1428 2401 babebat,
1444 2376 1479 2396 ex
1495 2369 1613 2405 quadam
1629 2369 1773 2398 dulcedine
1788 2378 1882 2398 erum-

1030 2413 1113 2449 pebat
1134 2413 1160 2441 in
1183 2413 1326 2450 lacrymas.
1350 2414 1552 2451 1tem,quando
1575 2416 1668 2444 Frater
1690 2416 1882 2444 Bonaventura

1030 2460 1166 2496 generalis
1188 2460 1310 2489 Minister
1332 2461 1407 2489 clero
1436 2462 1595 2498 praedicare
1617 2462 1749 2496 debebat,
1772 2463 1828 2491 ibat
1848 2463 1880 2491 ad

1030 2515 1093 2535 eum
1116 2507 1211 2535 Frater
1233 2507 1341 2535 Marcus
1370 2511 1396 2536 61
1425 2508 1475 2536 sibi
1498 2508 1619 2537 dicebat:
1644 2513 1690 2544 ‚tu
1712 2517 1741 2538 es
1769 2510 1880 2546 quidam

1031 2554 1249 2588 mercenarius‘,
1272 2558 1311 2589 et,
1327 2555 1379 2583 alia
1402 2555 1474 2584 vice:
1499 2556 1624 2593 ,qnando
1646 2557 1819 2593 praedicasti,
1834 2566 1881 2586 ne-

1030 2601 1149 2635 scivisti,
1171 2601 1245 2638 quod
1276 2602 1396 2636 diceres3
1420 2603 1465 2631 sed
1499 2611 1595 2640 spero,
1618 2604 1691 2640 quod
1721 2612 1774 2632 11011
1797 2604 1880 2633 facias

1030 2648 1134 2677 modo‘.
1150 2648 1203 2677 Hoc
1223 2652 1314 2677 autem
1332 2649 1392 2678 ideo
1408 2649 1501 2678 Frater
1516 2650 1624 2678 Marcus
1639 2650 1755 2684 dicebat,
1771 2654 1802 2678 ut
1817 2659 1879 2679 eum

1029 2696 1062 2723 ad
1085 2696 1184 2724 melius
1198 2696 1343 2725 dicendum
1362 2701 1539 2733 provocaret;
1554 2701 1580 2726 et
1597 2701 1685 2726 tamen
1703 2698 1796 2726 Frater
1811 2699 1880 2726 Mar-

1030 2750 1079 2770 cus
1094 2751 1190 2771 omnes
1205 2751 1347 2772 sermones
1362 2744 1464 2772 Fratris
1480 2744 1687 2773 Bonaventurae
1703 2745 1839 2774 scribebat
1855 2749 1881 2773 et

1031 2788 1134 2817 habere
1149 2789 1265 2818 volebat.
1286 2790 1439 2819 Gaudebat
1459 2794 1551 2819 autem
1570 2791 1663 2820 Frater
1679 2791 1880 2825 Bonaventura,

1093 2913 1099 2926 ¹
1119 2914 1152 2936 Ad
1171 2921 1224 2936 aun.
1242 2915 1302 2936 1269
1321 2921 1342 2936 n⁴
1362 2915 1384 2937 5.

1092 2952 1101 2964 ²
1118 2954 1213 2981 Regula,
1231 2960 1282 2981 cap.
1300 2954 1329 2976 X.

1092 2991 1101 3004 ³
1120 2993 1187 3015 'l'om.
1205 2992 1244 3014 lX.
1261 2999 1315 3020 pag.
1334 2994 1355 3015 3.

1091 3032 1101 3043 4
1118 3031 1238 3059 Chronica,
1256 3038 1309 3059 pag.
1332 3033 1381 3055 136,
