<?xml version="1.0" encoding="UTF-8"?>
<!DOCTYPE html PUBLIC "-//W3C//DTD XHTML 1.0 Transitional//EN"
    "http://www.w3.org/TR/xhtml1/DTD/xhtml1-transitional.dtd">
<html xmlns="http://www.w3.org/1999/xhtml" xml:lang="en" lang="en">
 <head>
  <title>
</title>
<meta http-equiv="Content-Type" content="text/html;charset=utf-8" />
  <meta name='ocr-system' content='tesseract 3.04.00' />
  <meta name='ocr-capabilities' content='ocr_page ocr_carea ocr_par ocr_line ocrx_word'/>
</head>
<body>
  <div class='ocr_page' id='page_1' title='image "./doctorisseraphic10bona_0043.png"; bbox 0 0 2269 3448; ppageno 0'>
   <div class='ocr_carea' id='block_1_1' title="bbox 719 210 1306 242">
    <p class='ocr_par' dir='ltr' id='par_1_1' title="bbox 719 210 1306 242">
     <span class='ocr_line' id='line_1_1' title="bbox 719 210 1306 242; baseline 0.007 -4"><span class='ocrx_word' id='word_1_1' title='bbox 719 211 760 238; x_wconf 73' lang='lat' dir='ltr'>bi]</span> <span class='ocrx_word' id='word_1_2' title='bbox 783 210 925 239; x_wconf 68' lang='lat' dir='ltr'>scittr&#39;i&#39;ls</span> <span class='ocrx_word' id='word_1_3' title='bbox 947 212 1111 241; x_wconf 53' lang='lat' dir='ltr'>stiltltl’tltssl</span> <span class='ocrx_word' id='word_1_4' title='bbox 1135 214 1306 242; x_wconf 56' lang='lat' dir='ltr'>botrionis.</span> 
     </span>
    </p>
   </div>
   <div class='ocr_carea' id='block_1_2' title="bbox 125 288 983 3052">
    <p class='ocr_par' dir='ltr' id='par_1_2' title="bbox 134 288 983 514">
     <span class='ocr_line' id='line_1_2' title="bbox 215 288 983 327; baseline -0.001 -9"><span class='ocrx_word' id='word_1_5' title='bbox 215 290 324 327; x_wconf 81' lang='lat' dir='ltr'>lncipit:</span> <span class='ocrx_word' id='word_1_6' title='bbox 351 302 363 314; x_wconf 92' lang='lat'>«</span> <span class='ocrx_word' id='word_1_7' title='bbox 381 290 467 318; x_wconf 86' lang='lat' dir='ltr'>lesum</span> <span class='ocrx_word' id='word_1_8' title='bbox 492 290 671 323; x_wconf 62' lang='lat' dir='ltr'>Nazarrnum,</span> <span class='ocrx_word' id='word_1_9' title='bbox 691 298 704 317; x_wconf 84' lang='lat' dir='ltr'>a</span> <span class='ocrx_word' id='word_1_10' title='bbox 729 288 833 317; x_wconf 74' lang='lat' dir='ltr'>ludaeis</span> <span class='ocrx_word' id='word_1_11' title='bbox 856 289 983 317; x_wconf 88' lang='lat' dir='ltr'>innocen-</span> 
     </span>
     <span class='ocr_line' id='line_1_3' title="bbox 136 335 982 366; baseline -0.004 0"><span class='ocrx_word' id='word_1_12' title='bbox 136 342 177 366; x_wconf 90' lang='lat' dir='ltr'>ter</span> <span class='ocrx_word' id='word_1_13' title='bbox 192 337 404 366; x_wconf 80' lang='lat' dir='ltr'>condemnatum</span> <span class='ocrx_word' id='word_1_14' title='bbox 422 348 434 362; x_wconf 91' lang='lat'>»</span> <span class='ocrx_word' id='word_1_15' title='bbox 454 340 504 365; x_wconf 77' lang='lat' dir='ltr'>etc.</span> <span class='ocrx_word' id='word_1_16' title='bbox 528 353 565 356; x_wconf 80' lang='lat'>—</span> <span class='ocrx_word' id='word_1_17' title='bbox 588 337 708 364; x_wconf 77' lang='lat' dir='ltr'>liabetur</span> <span class='ocrx_word' id='word_1_18' title='bbox 731 336 756 364; x_wconf 93' lang='grc'>16</span> <span class='ocrx_word' id='word_1_19' title='bbox 778 335 888 364; x_wconf 86' lang='lat' dir='ltr'>duobus</span> <span class='ocrx_word' id='word_1_20' title='bbox 910 336 982 364; x_wconf 81' lang='lat' dir='ltr'>codi-</span> 
     </span>
     <span class='ocr_line' id='line_1_4' title="bbox 135 382 982 417; baseline -0.002 -5"><span class='ocrx_word' id='word_1_21' title='bbox 135 385 227 417; x_wconf 77' lang='lat' dir='ltr'>cilius;</span> <span class='ocrx_word' id='word_1_22' title='bbox 252 392 324 412; x_wconf 90' lang='lat' dir='ltr'>unus</span> <span class='ocrx_word' id='word_1_23' title='bbox 345 387 386 412; x_wconf 85' lang='lat' dir='ltr'>est</span> <span class='ocrx_word' id='word_1_24' title='bbox 407 391 476 412; x_wconf 82' lang='lat' dir='ltr'>saec.</span> <span class='ocrx_word' id='word_1_25' title='bbox 501 383 554 416; x_wconf 76' lang='lat' dir='ltr'>XV,</span> <span class='ocrx_word' id='word_1_26' title='bbox 582 383 651 411; x_wconf 85' lang='lat' dir='ltr'>alter</span> <span class='ocrx_word' id='word_1_27' title='bbox 680 390 749 411; x_wconf 83' lang='lat' dir='ltr'>saec.</span> <span class='ocrx_word' id='word_1_28' title='bbox 772 382 837 410; x_wconf 80' lang='lat' dir='ltr'>xiv.</span> <span class='ocrx_word' id='word_1_29' title='bbox 865 382 915 410; x_wconf 80' lang='lat' dir='ltr'>Sed</span> <span class='ocrx_word' id='word_1_30' title='bbox 940 382 982 410; x_wconf 85' lang='lat' dir='ltr'>liic</span> 
     </span>
     <span class='ocr_line' id='line_1_5' title="bbox 136 429 982 466; baseline -0.005 -7"><span class='ocrx_word' id='word_1_31' title='bbox 136 434 268 460; x_wconf 86' lang='lat' dir='ltr'>tractatus</span> <span class='ocrx_word' id='word_1_32' title='bbox 298 431 415 459; x_wconf 84' lang='lat' dir='ltr'>liabetur</span> <span class='ocrx_word' id='word_1_33' title='bbox 448 430 600 466; x_wconf 78' lang='lat' dir='ltr'>impressus</span> <span class='ocrx_word' id='word_1_34' title='bbox 623 430 648 458; x_wconf 94' lang='lat' dir='ltr'>in</span> <span class='ocrx_word' id='word_1_35' title='bbox 671 429 753 457; x_wconf 81' lang='lat' dir='ltr'>citato</span> <span class='ocrx_word' id='word_1_36' title='bbox 774 429 909 465; x_wconf 88' lang='lat' dir='ltr'>opusculo</span> <span class='ocrx_word' id='word_1_37' title='bbox 933 429 982 457; x_wconf 74' lang='lat' dir='ltr'>Mc-</span> 
     </span>
     <span class='ocr_line' id='line_1_6' title="bbox 134 477 864 514; baseline -0.004 -8"><span class='ocrx_word' id='word_1_38' title='bbox 134 478 288 506; x_wconf 73' lang='lat' dir='ltr'>(lilalioncs</span> <span class='ocrx_word' id='word_1_39' title='bbox 310 477 337 506; x_wconf 83' lang='lat' dir='ltr'>S.</span> <span class='ocrx_word' id='word_1_40' title='bbox 361 477 523 514; x_wconf 70' lang='lat' dir='ltr'>Auyitsllni</span> <span class='ocrx_word' id='word_1_41' title='bbox 543 480 605 511; x_wconf 87' lang='lat' dir='ltr'>etc.,</span> <span class='ocrx_word' id='word_1_42' title='bbox 627 485 686 513; x_wconf 78' lang='lat' dir='ltr'>pag.</span> <span class='ocrx_word' id='word_1_43' title='bbox 710 477 762 504; x_wconf 72' lang='grc'>351</span> <span class='ocrx_word' id='word_1_44' title='bbox 789 484 864 512; x_wconf 79' lang='lat' dir='ltr'>seqq.</span> 
     </span>
    </p>

    <p class='ocr_par' dir='ltr' id='par_1_3' title="bbox 133 523 980 654">
     <span class='ocr_line' id='line_1_7' title="bbox 213 523 980 561; baseline -0.004 -8"><span class='ocrx_word' id='word_1_45' title='bbox 213 526 258 553; x_wconf 76' lang='grc'>91.</span> <span class='ocrx_word' id='word_1_46' title='bbox 283 525 387 561; x_wconf 74' lang='lat' dir='ltr'>Incipit</span> <span class='ocrx_word' id='word_1_47' title='bbox 409 524 479 552; x_wconf 73' lang='lat' dir='ltr'>liber</span> <span class='ocrx_word' id='word_1_48' title='bbox 498 524 614 552; x_wconf 78' lang='lat' dir='ltr'>Domini</span> <span class='ocrx_word' id='word_1_49' title='bbox 629 524 853 551; x_wconf 60' lang='lat' dir='ltr'>Romamne-ae</span> <span class='ocrx_word' id='word_1_50' title='bbox 868 523 901 551; x_wconf 77' lang='lat' dir='ltr'>‹le</span> <span class='ocrx_word' id='word_1_51' title='bbox 920 523 980 559; x_wconf 71' lang='lat' dir='ltr'>pie-</span> 
     </span>
     <span class='ocr_line' id='line_1_8' title="bbox 134 570 980 607; baseline -0.002 -8"><span class='ocrx_word' id='word_1_52' title='bbox 134 576 189 599; x_wconf 73' lang='lat' dir='ltr'>lale</span> <span class='ocrx_word' id='word_1_53' title='bbox 203 572 262 599; x_wconf 71' lang='lat' dir='ltr'>sive</span> <span class='ocrx_word' id='word_1_54' title='bbox 283 571 393 600; x_wconf 71' lang='lat' dir='ltr'>libella-s·</span> <span class='ocrx_word' id='word_1_55' title='bbox 414 571 447 599; x_wconf 67' lang='lat' dir='ltr'>ilc</span> <span class='ocrx_word' id='word_1_56' title='bbox 468 570 705 607; x_wconf 72' lang='lat' dir='ltr'>contemplatione</span> <span class='ocrx_word' id='word_1_57' title='bbox 726 570 823 605; x_wconf 77' lang='lat' dir='ltr'>(Balio</span> <span class='ocrx_word' id='word_1_58' title='bbox 846 573 896 597; x_wconf 84' lang='lat' dir='ltr'>etc.</span> <span class='ocrx_word' id='word_1_59' title='bbox 921 578 980 606; x_wconf 71' lang='lat' dir='ltr'>pag.</span> 
     </span>
     <span class='ocr_line' id='line_1_9' title="bbox 133 619 328 654; baseline -0.005 -7"><span class='ocrx_word' id='word_1_60' title='bbox 133 620 188 647; x_wconf 70' lang='lat'>289</span> <span class='ocrx_word' id='word_1_61' title='bbox 212 627 237 646; x_wconf 83' lang='lat' dir='ltr'>li.</span> <span class='ocrx_word' id='word_1_62' title='bbox 260 619 328 654; x_wconf 54' lang='grc'><strong>471.</strong></span> 
     </span>
    </p>

    <p class='ocr_par' dir='ltr' id='par_1_4' title="bbox 131 665 981 936">
     <span class='ocr_line' id='line_1_10' title="bbox 213 665 981 702; baseline -0.003 -8"><span class='ocrx_word' id='word_1_63' title='bbox 213 666 322 702; x_wconf 72' lang='lat' dir='ltr'>incipit:</span> <span class='ocrx_word' id='word_1_64' title='bbox 350 677 362 690; x_wconf 69' lang='grc' dir='ltr'>ιτ</span> <span class='ocrx_word' id='word_1_65' title='bbox 378 665 548 699; x_wconf 83' lang='lat' dir='ltr'>Notandum,</span> <span class='ocrx_word' id='word_1_66' title='bbox 572 665 645 702; x_wconf 79' lang='lat' dir='ltr'>quod</span> <span class='ocrx_word' id='word_1_67' title='bbox 668 673 717 693; x_wconf 82' lang='lat' dir='ltr'>sex</span> <span class='ocrx_word' id='word_1_68' title='bbox 747 668 812 693; x_wconf 90' lang='grc'><strong>511111</strong></span> <span class='ocrx_word' id='word_1_69' title='bbox 844 665 981 701; x_wconf 82' lang='lat' dir='ltr'>potentiae</span> 
     </span>
     <span class='ocr_line' id='line_1_11' title="bbox 132 712 979 749; baseline -0.002 -8"><span class='ocrx_word' id='word_1_70' title='bbox 132 713 237 741; x_wconf 85' lang='lat' dir='ltr'>animae</span> <span class='ocrx_word' id='word_1_71' title='bbox 253 725 265 737; x_wconf 91' lang='lat'>»</span> <span class='ocrx_word' id='word_1_72' title='bbox 292 717 342 741; x_wconf 77' lang='lat' dir='ltr'>etc.</span> <span class='ocrx_word' id='word_1_73' title='bbox 366 729 402 733; x_wconf 90' lang='lat'>—</span> <span class='ocrx_word' id='word_1_74' title='bbox 425 713 476 740; x_wconf 84' lang='lat' dir='ltr'>lloc</span> <span class='ocrx_word' id='word_1_75' title='bbox 499 713 665 749; x_wconf 84' lang='lat' dir='ltr'>opusculum</span> <span class='ocrx_word' id='word_1_76' title='bbox 689 720 724 740; x_wconf 86' lang='lat' dir='ltr'>ex</span> <span class='ocrx_word' id='word_1_77' title='bbox 747 712 878 748; x_wconf 86' lang='lat' dir='ltr'>operibus</span> <span class='ocrx_word' id='word_1_78' title='bbox 894 712 979 739; x_wconf 83' lang='lat' dir='ltr'>Bena-</span> 
     </span>
     <span class='ocr_line' id='line_1_12' title="bbox 132 758 981 795; baseline -0.002 -7"><span class='ocrx_word' id='word_1_79' title='bbox 132 763 264 788; x_wconf 79' lang='lat' dir='ltr'>venturae</span> <span class='ocrx_word' id='word_1_80' title='bbox 285 763 326 788; x_wconf 86' lang='lat' dir='ltr'>est</span> <span class='ocrx_word' id='word_1_81' title='bbox 341 760 485 788; x_wconf 76' lang='lat' dir='ltr'>collectum</span> <span class='ocrx_word' id='word_1_82' title='bbox 508 763 533 787; x_wconf 88' lang='lat' dir='ltr'>et</span> <span class='ocrx_word' id='word_1_83' title='bbox 558 760 582 787; x_wconf 92' lang='lat' dir='ltr'>in</span> <span class='ocrx_word' id='word_1_84' title='bbox 606 759 745 787; x_wconf 79' lang='lat' dir='ltr'>nonnullis</span> <span class='ocrx_word' id='word_1_85' title='bbox 760 758 900 787; x_wconf 74' lang='lat' dir='ltr'>codicibus</span> <span class='ocrx_word' id='word_1_86' title='bbox 921 761 981 795; x_wconf 86' lang='lat' dir='ltr'>post</span> 
     </span>
     <span class='ocr_line' id='line_1_13' title="bbox 131 805 979 843; baseline -0.002 -8"><span class='ocrx_word' id='word_1_87' title='bbox 131 807 296 843; x_wconf 84' lang='lat' dir='ltr'>opusculum</span> <span class='ocrx_word' id='word_1_88' title='bbox 320 807 353 834; x_wconf 78' lang='lat' dir='ltr'>(le</span> <span class='ocrx_word' id='word_1_89' title='bbox 382 806 503 843; x_wconf 78' lang='lat' dir='ltr'>Triplici</span> <span class='ocrx_word' id='word_1_90' title='bbox 530 806 582 834; x_wconf 81' lang='lat' dir='ltr'>Via</span> <span class='ocrx_word' id='word_1_91' title='bbox 605 806 733 842; x_wconf 78' lang='lat' dir='ltr'>positum.</span> <span class='ocrx_word' id='word_1_92' title='bbox 753 806 806 833; x_wconf 85' lang='lat' dir='ltr'>Nos</span> <span class='ocrx_word' id='word_1_93' title='bbox 828 806 854 833; x_wconf 90' lang='lat' dir='ltr'>in</span> <span class='ocrx_word' id='word_1_94' title='bbox 876 805 979 833; x_wconf 83' lang='lat' dir='ltr'>addita-</span> 
     </span>
     <span class='ocr_line' id='line_1_14' title="bbox 131 852 980 890; baseline -0.002 -9"><span class='ocrx_word' id='word_1_95' title='bbox 131 856 222 882; x_wconf 85' lang='lat' dir='ltr'>mento</span> <span class='ocrx_word' id='word_1_96' title='bbox 243 853 276 881; x_wconf 83' lang='lat' dir='ltr'>ad</span> <span class='ocrx_word' id='word_1_97' title='bbox 299 853 420 882; x_wconf 90' lang='lat' dir='ltr'>libellum</span> <span class='ocrx_word' id='word_1_98' title='bbox 443 854 476 881; x_wconf 71' lang='lat' dir='ltr'>cle</span> <span class='ocrx_word' id='word_1_99' title='bbox 498 853 619 890; x_wconf 67' lang='lat' dir='ltr'>Triplici</span> <span class='ocrx_word' id='word_1_100' title='bbox 641 853 692 881; x_wconf 79' lang='lat' dir='ltr'>Via</span> <span class='ocrx_word' id='word_1_101' title='bbox 708 853 782 881; x_wconf 87' lang='grc'><strong>111166</strong></span> <span class='ocrx_word' id='word_1_102' title='bbox 801 852 928 888; x_wconf 89' lang='lat' dir='ltr'>spurium</span> <span class='ocrx_word' id='word_1_103' title='bbox 949 852 980 879; x_wconf 93' lang='lat' dir='ltr'>li-</span> 
     </span>
     <span class='ocr_line' id='line_1_15' title="bbox 131 898 859 936; baseline 0 -9"><span class='ocrx_word' id='word_1_104' title='bbox 131 900 212 928; x_wconf 87' lang='lat' dir='ltr'>brum</span> <span class='ocrx_word' id='word_1_105' title='bbox 235 900 426 936; x_wconf 76' lang='lat' dir='ltr'>impressimus</span> <span class='ocrx_word' id='word_1_106' title='bbox 448 900 474 927; x_wconf 90' lang='lat' dir='ltr'>in</span> <span class='ocrx_word' id='word_1_107' title='bbox 498 903 570 928; x_wconf 84' lang='lat' dir='ltr'>tomo</span> <span class='ocrx_word' id='word_1_108' title='bbox 593 899 655 927; x_wconf 82' lang='lat' dir='ltr'>Vlll.</span> <span class='ocrx_word' id='word_1_109' title='bbox 678 907 738 936; x_wconf 83' lang='lat' dir='ltr'>pag.</span> <span class='ocrx_word' id='word_1_110' title='bbox 764 898 859 927; x_wconf 61' lang='grc'><strong>’111-23.</strong></span> 
     </span>
    </p>

    <p class='ocr_par' dir='ltr' id='par_1_5' title="bbox 130 945 980 1076">
     <span class='ocr_line' id='line_1_16' title="bbox 210 945 980 982; baseline -0.001 -8"><span class='ocrx_word' id='word_1_111' title='bbox 210 948 254 975; x_wconf 68' lang='grc'><strong>112.</strong></span> <span class='ocrx_word' id='word_1_112' title='bbox 279 947 435 975; x_wconf 75' lang='lat' dir='ltr'>Trctclalus</span> <span class='ocrx_word' id='word_1_113' title='bbox 457 946 532 974; x_wconf 69' lang='lat' dir='ltr'>beati</span> <span class='ocrx_word' id='word_1_114' title='bbox 546 947 771 975; x_wconf 73' lang='lat' dir='ltr'>Bonaventitrac</span> <span class='ocrx_word' id='word_1_115' title='bbox 786 946 819 973; x_wconf 74' lang='lat' dir='ltr'>cle</span> <span class='ocrx_word' id='word_1_116' title='bbox 834 945 980 982; x_wconf 71' lang='lat' dir='ltr'>Rcliyione</span> 
     </span>
     <span class='ocr_line' id='line_1_17' title="bbox 130 993 977 1030; baseline -0.002 -8"><span class='ocrx_word' id='word_1_117' title='bbox 130 998 153 1022; x_wconf 80' lang='lat' dir='ltr'>el</span> <span class='ocrx_word' id='word_1_118' title='bbox 169 994 263 1022; x_wconf 67' lang='lat' dir='ltr'>tribus</span> <span class='ocrx_word' id='word_1_119' title='bbox 280 994 350 1022; x_wconf 76' lang='lat' dir='ltr'>eolis</span> <span class='ocrx_word' id='word_1_120' title='bbox 373 994 466 1030; x_wconf 70' lang='lat' dir='ltr'>ipsam</span> <span class='ocrx_word' id='word_1_121' title='bbox 487 993 722 1022; x_wconf 70' lang='lat' dir='ltr'>concernentibus</span> <span class='ocrx_word' id='word_1_122' title='bbox 737 993 835 1029; x_wconf 80' lang='lat' dir='ltr'>(Ratio</span> <span class='ocrx_word' id='word_1_123' title='bbox 850 996 900 1021; x_wconf 85' lang='grc'><strong>616.</strong></span> <span class='ocrx_word' id='word_1_124' title='bbox 917 1000 977 1029; x_wconf 79' lang='lat' dir='ltr'>pag.</span> 
     </span>
     <span class='ocr_line' id='line_1_18' title="bbox 130 1041 325 1076; baseline 0 -7"><span class='ocrx_word' id='word_1_125' title='bbox 130 1042 186 1069; x_wconf 67' lang='lat'>290</span> <span class='ocrx_word' id='word_1_126' title='bbox 209 1050 234 1069; x_wconf 89' lang='lat' dir='ltr'>n.</span> <span class='ocrx_word' id='word_1_127' title='bbox 257 1041 325 1076; x_wconf 57' lang='grc'><strong>[18).</strong></span> 
     </span>
    </p>

    <p class='ocr_par' dir='ltr' id='par_1_6' title="bbox 129 1087 978 1257">
     <span class='ocr_line' id='line_1_19' title="bbox 210 1087 977 1125; baseline -0.001 -9"><span class='ocrx_word' id='word_1_128' title='bbox 210 1089 318 1125; x_wconf 86' lang='lat' dir='ltr'>incipit:</span> <span class='ocrx_word' id='word_1_129' title='bbox 346 1100 358 1113; x_wconf 89' lang='lat'>«</span> <span class='ocrx_word' id='word_1_130' title='bbox 374 1088 413 1116; x_wconf 89' lang='lat' dir='ltr'>De</span> <span class='ocrx_word' id='word_1_131' title='bbox 435 1088 651 1125; x_wconf 77' lang='lat' dir='ltr'>Congregatione</span> <span class='ocrx_word' id='word_1_132' title='bbox 672 1088 729 1116; x_wconf 82' lang='lat' dir='ltr'>sive</span> <span class='ocrx_word' id='word_1_133' title='bbox 761 1087 898 1124; x_wconf 83' lang='lat' dir='ltr'>Religione</span> <span class='ocrx_word' id='word_1_134' title='bbox 931 1095 977 1115; x_wconf 89' lang='lat' dir='ltr'>no-</span> 
     </span>
     <span class='ocr_line' id='line_1_20' title="bbox 130 1134 978 1172; baseline -0.001 -9"><span class='ocrx_word' id='word_1_135' title='bbox 130 1135 210 1163; x_wconf 80' lang='lat' dir='ltr'>tanda</span> <span class='ocrx_word' id='word_1_136' title='bbox 226 1138 291 1163; x_wconf 88' lang='lat' dir='ltr'>sunt</span> <span class='ocrx_word' id='word_1_137' title='bbox 306 1135 493 1172; x_wconf 76' lang='lat' dir='ltr'>principaliter</span> <span class='ocrx_word' id='word_1_138' title='bbox 510 1135 563 1163; x_wconf 89' lang='lat' dir='ltr'>tria</span> <span class='ocrx_word' id='word_1_139' title='bbox 577 1147 590 1160; x_wconf 82' lang='grc'><em>»</em></span> <span class='ocrx_word' id='word_1_140' title='bbox 610 1138 661 1163; x_wconf 84' lang='lat' dir='ltr'>etc.</span> <span class='ocrx_word' id='word_1_141' title='bbox 677 1151 715 1155; x_wconf 75' lang='lat'>-—</span> <span class='ocrx_word' id='word_1_142' title='bbox 730 1134 851 1163; x_wconf 87' lang='lat' dir='ltr'>Habetur</span> <span class='ocrx_word' id='word_1_143' title='bbox 874 1134 899 1162; x_wconf 92' lang='lat' dir='ltr'>in</span> <span class='ocrx_word' id='word_1_144' title='bbox 923 1142 978 1162; x_wconf 90' lang='lat' dir='ltr'>uno</span> 
     </span>
     <span class='ocr_line' id='line_1_21' title="bbox 129 1180 978 1218; baseline -0.001 -9"><span class='ocrx_word' id='word_1_145' title='bbox 129 1182 186 1209; x_wconf 87' lang='lat' dir='ltr'>solo</span> <span class='ocrx_word' id='word_1_146' title='bbox 208 1181 299 1210; x_wconf 86' lang='lat' dir='ltr'>codice</span> <span class='ocrx_word' id='word_1_147' title='bbox 321 1189 390 1210; x_wconf 83' lang='lat' dir='ltr'>saec.</span> <span class='ocrx_word' id='word_1_148' title='bbox 413 1182 474 1215; x_wconf 71' lang='lat' dir='ltr'>XV;</span> <span class='ocrx_word' id='word_1_149' title='bbox 496 1181 568 1210; x_wconf 87' lang='lat' dir='ltr'>unde</span> <span class='ocrx_word' id='word_1_150' title='bbox 591 1190 644 1210; x_wconf 91' lang='lat' dir='ltr'>non</span> <span class='ocrx_word' id='word_1_151' title='bbox 671 1184 760 1218; x_wconf 87' lang='lat' dir='ltr'>potest</span> <span class='ocrx_word' id='word_1_152' title='bbox 786 1180 869 1209; x_wconf 89' lang='lat' dir='ltr'>tribui</span> <span class='ocrx_word' id='word_1_153' title='bbox 893 1180 978 1208; x_wconf 90' lang='lat' dir='ltr'>Bona-</span> 
     </span>
     <span class='ocr_line' id='line_1_22' title="bbox 129 1228 838 1257; baseline -0.003 0"><span class='ocrx_word' id='word_1_154' title='bbox 129 1232 261 1257; x_wconf 84' lang='lat' dir='ltr'>venturae</span> <span class='ocrx_word' id='word_1_155' title='bbox 282 1229 317 1257; x_wconf 90' lang='lat' dir='ltr'>ob</span> <span class='ocrx_word' id='word_1_156' title='bbox 338 1228 474 1257; x_wconf 84' lang='lat' dir='ltr'>desectum</span> <span class='ocrx_word' id='word_1_157' title='bbox 498 1229 659 1257; x_wconf 85' lang='lat' dir='ltr'>sufficientis</span> <span class='ocrx_word' id='word_1_158' title='bbox 682 1228 838 1257; x_wconf 85' lang='lat' dir='ltr'>testimonii.</span> 
     </span>
    </p>

    <p class='ocr_par' dir='ltr' id='par_1_7' title="bbox 130 1275 976 1359">
     <span class='ocr_line' id='line_1_23' title="bbox 208 1275 976 1313; baseline 0 -10"><span class='ocrx_word' id='word_1_159' title='bbox 208 1276 253 1304; x_wconf 58' lang='lat'>93.</span> <span class='ocrx_word' id='word_1_160' title='bbox 279 1275 460 1312; x_wconf 74' lang='lat' dir='ltr'>Opusculum</span> <span class='ocrx_word' id='word_1_161' title='bbox 481 1276 515 1304; x_wconf 75' lang='lat' dir='ltr'>cle</span> <span class='ocrx_word' id='word_1_162' title='bbox 539 1275 637 1313; x_wconf 79' lang='lat' dir='ltr'>Officio</span> <span class='ocrx_word' id='word_1_163' title='bbox 666 1276 772 1303; x_wconf 64' lang='lat' dir='ltr'>illissac</span> <span class='ocrx_word' id='word_1_164' title='bbox 800 1275 897 1311; x_wconf 79' lang='lat' dir='ltr'>(Ratio</span> <span class='ocrx_word' id='word_1_165' title='bbox 926 1278 976 1303; x_wconf 88' lang='lat' dir='ltr'>etc.</span> 
     </span>
     <span class='ocr_line' id='line_1_24' title="bbox 130 1323 406 1359; baseline -0.004 -8"><span class='ocrx_word' id='word_1_166' title='bbox 130 1331 188 1359; x_wconf 82' lang='lat' dir='ltr'>pag.</span> <span class='ocrx_word' id='word_1_167' title='bbox 211 1324 267 1351; x_wconf 65' lang='lat'>:³90</span> <span class='ocrx_word' id='word_1_168' title='bbox 290 1331 315 1351; x_wconf 92' lang='lat' dir='ltr'>n.</span> <span class='ocrx_word' id='word_1_169' title='bbox 338 1323 406 1354; x_wconf 48' lang='lat'>49).</span> 
     </span>
    </p>

    <p class='ocr_par' dir='ltr' id='par_1_8' title="bbox 127 1369 977 1547">
     <span class='ocr_line' id='line_1_25' title="bbox 208 1369 977 1407; baseline 0 -10"><span class='ocrx_word' id='word_1_170' title='bbox 208 1369 318 1406; x_wconf 85' lang='lat' dir='ltr'>Incipit:</span> <span class='ocrx_word' id='word_1_171' title='bbox 345 1382 357 1395; x_wconf 88' lang='lat'>«</span> <span class='ocrx_word' id='word_1_172' title='bbox 371 1370 407 1398; x_wconf 66' lang='lat' dir='ltr'>Ad</span> <span class='ocrx_word' id='word_1_173' title='bbox 430 1370 563 1398; x_wconf 87' lang='lat' dir='ltr'>honorem</span> <span class='ocrx_word' id='word_1_174' title='bbox 588 1370 633 1398; x_wconf 89' lang='lat' dir='ltr'>Dei</span> <span class='ocrx_word' id='word_1_175' title='bbox 656 1370 854 1407; x_wconf 71' lang='lat' dir='ltr'>principaliter,</span> <span class='ocrx_word' id='word_1_176' title='bbox 871 1369 977 1406; x_wconf 79' lang='lat' dir='ltr'>tuique,</span> 
     </span>
     <span class='ocr_line' id='line_1_26' title="bbox 128 1416 977 1453; baseline 0.001 -9"><span class='ocrx_word' id='word_1_177' title='bbox 128 1416 213 1445; x_wconf 80' lang='lat' dir='ltr'>frater</span> <span class='ocrx_word' id='word_1_178' title='bbox 235 1417 393 1451; x_wconf 82' lang='lat' dir='ltr'>carissime,</span> <span class='ocrx_word' id='word_1_179' title='bbox 414 1417 447 1445; x_wconf 85' lang='lat' dir='ltr'>ad</span> <span class='ocrx_word' id='word_1_180' title='bbox 470 1417 586 1445; x_wconf 80' lang='lat' dir='ltr'>salutem</span> <span class='ocrx_word' id='word_1_181' title='bbox 602 1428 615 1442; x_wconf 84' lang='lat'>»</span> <span class='ocrx_word' id='word_1_182' title='bbox 642 1420 693 1445; x_wconf 86' lang='lat' dir='ltr'>etc.</span> <span class='ocrx_word' id='word_1_183' title='bbox 718 1434 752 1437; x_wconf 89' lang='lat'>—</span> <span class='ocrx_word' id='word_1_184' title='bbox 781 1417 890 1445; x_wconf 75' lang='lat' dir='ltr'>Praeter</span> <span class='ocrx_word' id='word_1_185' title='bbox 912 1424 977 1453; x_wconf 85' lang='lat' dir='ltr'>apo-</span> 
     </span>
     <span class='ocr_line' id='line_1_27' title="bbox 127 1464 976 1500; baseline -0.001 -8"><span class='ocrx_word' id='word_1_186' title='bbox 127 1464 265 1500; x_wconf 83' lang='lat' dir='ltr'>graphum</span> <span class='ocrx_word' id='word_1_187' title='bbox 288 1464 373 1492; x_wconf 87' lang='lat' dir='ltr'>alium</span> <span class='ocrx_word' id='word_1_188' title='bbox 396 1464 517 1493; x_wconf 77' lang='lat' dir='ltr'>codicem</span> <span class='ocrx_word' id='word_1_189' title='bbox 540 1472 592 1492; x_wconf 92' lang='lat' dir='ltr'>non</span> <span class='ocrx_word' id='word_1_190' title='bbox 617 1464 773 1492; x_wconf 81' lang='lat' dir='ltr'>invenimus</span> <span class='ocrx_word' id='word_1_191' title='bbox 788 1471 837 1492; x_wconf 88' lang='grc'>666</span> <span class='ocrx_word' id='word_1_192' title='bbox 854 1464 976 1492; x_wconf 86' lang='lat' dir='ltr'>libellum</span> 
     </span>
     <span class='ocr_line' id='line_1_28' title="bbox 128 1510 537 1547; baseline 0.002 -9"><span class='ocrx_word' id='word_1_193' title='bbox 128 1510 280 1547; x_wconf 85' lang='lat' dir='ltr'>legitimum</span> <span class='ocrx_word' id='word_1_194' title='bbox 302 1519 361 1539; x_wconf 89' lang='lat' dir='ltr'>esse</span> <span class='ocrx_word' id='word_1_195' title='bbox 383 1519 537 1539; x_wconf 80' lang='lat' dir='ltr'>censemus.</span> 
     </span>
    </p>

    <p class='ocr_par' dir='ltr' id='par_1_9' title="bbox 127 1557 976 1689">
     <span class='ocr_line' id='line_1_29' title="bbox 208 1557 976 1594; baseline 0 -8"><span class='ocrx_word' id='word_1_196' title='bbox 208 1557 251 1586; x_wconf 85' lang='grc'><strong>1115</strong></span> <span class='ocrx_word' id='word_1_197' title='bbox 279 1566 350 1594; x_wconf 84' lang='lat' dir='ltr'>quae</span> <span class='ocrx_word' id='word_1_198' title='bbox 373 1558 398 1586; x_wconf 94' lang='lat' dir='ltr'>in</span> <span class='ocrx_word' id='word_1_199' title='bbox 423 1558 513 1586; x_wconf 88' lang='lat' dir='ltr'>libello</span> <span class='ocrx_word' id='word_1_200' title='bbox 540 1558 625 1586; x_wconf 81' lang='lat' dir='ltr'>Patris</span> <span class='ocrx_word' id='word_1_201' title='bbox 653 1558 750 1586; x_wconf 81' lang='lat' dir='ltr'>Fidelis</span> <span class='ocrx_word' id='word_1_202' title='bbox 778 1566 793 1586; x_wconf 88' lang='lat' dir='ltr'>a</span> <span class='ocrx_word' id='word_1_203' title='bbox 821 1558 913 1586; x_wconf 80' lang='lat' dir='ltr'>Fauna</span> <span class='ocrx_word' id='word_1_204' title='bbox 934 1566 976 1586; x_wconf 89' lang='lat' dir='ltr'>re-</span> 
     </span>
     <span class='ocr_line' id='line_1_30' title="bbox 127 1604 976 1642; baseline 0 -10"><span class='ocrx_word' id='word_1_205' title='bbox 127 1604 272 1638; x_wconf 81' lang='lat' dir='ltr'>seruntur,</span> <span class='ocrx_word' id='word_1_206' title='bbox 295 1604 430 1642; x_wconf 85' lang='lat' dir='ltr'>quaedam</span> <span class='ocrx_word' id='word_1_207' title='bbox 457 1605 510 1633; x_wconf 85' lang='lat' dir='ltr'>alia</span> <span class='ocrx_word' id='word_1_208' title='bbox 535 1605 684 1642; x_wconf 83' lang='lat' dir='ltr'>opuscula,</span> <span class='ocrx_word' id='word_1_209' title='bbox 707 1605 741 1633; x_wconf 89' lang='lat' dir='ltr'>ab</span> <span class='ocrx_word' id='word_1_210' title='bbox 769 1605 828 1641; x_wconf 90' lang='lat' dir='ltr'>ipso</span> <span class='ocrx_word' id='word_1_211' title='bbox 851 1605 976 1639; x_wconf 80' lang='lat' dir='ltr'>inventa,</span> 
     </span>
     <span class='ocr_line' id='line_1_31' title="bbox 127 1652 817 1689; baseline 0 -9"><span class='ocrx_word' id='word_1_212' title='bbox 127 1659 198 1688; x_wconf 82' lang='lat' dir='ltr'>quae</span> <span class='ocrx_word' id='word_1_213' title='bbox 220 1655 296 1680; x_wconf 85' lang='lat' dir='ltr'>certo</span> <span class='ocrx_word' id='word_1_214' title='bbox 318 1660 372 1680; x_wconf 87' lang='lat' dir='ltr'>non</span> <span class='ocrx_word' id='word_1_215' title='bbox 394 1655 459 1680; x_wconf 87' lang='lat' dir='ltr'>sunt</span> <span class='ocrx_word' id='word_1_216' title='bbox 481 1652 610 1689; x_wconf 77' lang='lat' dir='ltr'>legitima,</span> <span class='ocrx_word' id='word_1_217' title='bbox 632 1652 817 1689; x_wconf 77' lang='lat' dir='ltr'>adiungimus.</span> 
     </span>
    </p>

    <p class='ocr_par' dir='ltr' id='par_1_10' title="bbox 126 1698 978 1773">
     <span class='ocr_line' id='line_1_32' title="bbox 206 1698 978 1737; baseline 0 -10"><span class='ocrx_word' id='word_1_218' title='bbox 206 1700 223 1734; x_wconf 53' lang='grc' dir='ltr'>ᾖ</span> <span class='ocrx_word' id='word_1_219' title='bbox 245 1700 271 1727; x_wconf 70' lang='grc'>9..</span> <span class='ocrx_word' id='word_1_220' title='bbox 297 1699 335 1727; x_wconf 79' lang='lat' dir='ltr'>De</span> <span class='ocrx_word' id='word_1_221' title='bbox 357 1698 534 1737; x_wconf 73' lang='lat' dir='ltr'>quibusdam</span> <span class='ocrx_word' id='word_1_222' title='bbox 550 1699 619 1727; x_wconf 77' lang='lat' dir='ltr'>aliis</span> <span class='ocrx_word' id='word_1_223' title='bbox 634 1698 784 1736; x_wconf 70' lang='lat' dir='ltr'>opusculis</span> <span class='ocrx_word' id='word_1_224' title='bbox 799 1707 818 1727; x_wconf 89' lang='lat' dir='ltr'>a</span> <span class='ocrx_word' id='word_1_225' title='bbox 835 1699 867 1726; x_wconf 88' lang='grc' dir='ltr'>Ρ.</span> <span class='ocrx_word' id='word_1_226' title='bbox 884 1699 978 1727; x_wconf 65' lang='lat' dir='ltr'>Fidele?</span> 
     </span>
     <span class='ocr_line' id='line_1_33' title="bbox 126 1745 257 1773; baseline 0 0"><span class='ocrx_word' id='word_1_227' title='bbox 126 1745 257 1773; x_wconf 73' lang='lat' dir='ltr'>inventis.</span> 
     </span>
    </p>

    <p class='ocr_par' dir='ltr' id='par_1_11' title="bbox 207 1793 644 1830">
     <span class='ocr_line' id='line_1_34' title="bbox 207 1793 644 1830; baseline 0 -9"><span class='ocrx_word' id='word_1_228' title='bbox 207 1793 251 1821; x_wconf 76' lang='lat'>94.</span> <span class='ocrx_word' id='word_1_229' title='bbox 276 1793 400 1821; x_wconf 72' lang='grc'><strong>8111116111</strong></span> <span class='ocrx_word' id='word_1_230' title='bbox 420 1793 644 1830; x_wconf 69' lang='lat' dir='ltr'>yrannnalicac.</span> 
     </span>
    </p>

    <p class='ocr_par' dir='ltr' id='par_1_12' title="bbox 125 1839 976 2112">
     <span class='ocr_line' id='line_1_35' title="bbox 205 1839 976 1877; baseline 0.001 -9"><span class='ocrx_word' id='word_1_231' title='bbox 205 1839 281 1877; x_wconf 87' lang='lat' dir='ltr'>Opus</span> <span class='ocrx_word' id='word_1_232' title='bbox 310 1840 383 1877; x_wconf 87' lang='lat' dir='ltr'>quod</span> <span class='ocrx_word' id='word_1_233' title='bbox 412 1840 522 1877; x_wconf 78' lang='lat' dir='ltr'>incipit:</span> <span class='ocrx_word' id='word_1_234' title='bbox 550 1841 707 1877; x_wconf 78' lang='lat' dir='ltr'>«Quaestio</span> <span class='ocrx_word' id='word_1_235' title='bbox 732 1842 755 1869; x_wconf 83' lang='lat'>1.</span> <span class='ocrx_word' id='word_1_236' title='bbox 783 1841 881 1869; x_wconf 88' lang='lat' dir='ltr'>Utrum</span> <span class='ocrx_word' id='word_1_237' title='bbox 911 1848 976 1869; x_wconf 83' lang='lat' dir='ltr'>eon-</span> 
     </span>
     <span class='ocr_line' id='line_1_36' title="bbox 126 1887 973 1924; baseline 0 -9"><span class='ocrx_word' id='word_1_238' title='bbox 126 1888 242 1916; x_wconf 79' lang='lat' dir='ltr'>structio</span> <span class='ocrx_word' id='word_1_239' title='bbox 257 1887 291 1916; x_wconf 91' lang='lat' dir='ltr'>ab</span> <span class='ocrx_word' id='word_1_240' title='bbox 305 1888 430 1916; x_wconf 83' lang='lat' dir='ltr'>oratione</span> <span class='ocrx_word' id='word_1_241' title='bbox 448 1896 501 1916; x_wconf 90' lang='lat' dir='ltr'>non</span> <span class='ocrx_word' id='word_1_242' title='bbox 518 1888 634 1916; x_wconf 83' lang='lat' dir='ltr'>differat.</span> <span class='ocrx_word' id='word_1_243' title='bbox 651 1904 686 1908; x_wconf 81' lang='lat'>——</span> <span class='ocrx_word' id='word_1_244' title='bbox 703 1888 862 1924; x_wconf 79' lang='lat' dir='ltr'>Quaeritur,</span> <span class='ocrx_word' id='word_1_245' title='bbox 878 1892 973 1916; x_wconf 91' lang='lat' dir='ltr'>utrum</span> 
     </span>
     <span class='ocr_line' id='line_1_37' title="bbox 126 1934 974 1972; baseline 0 -10"><span class='ocrx_word' id='word_1_246' title='bbox 126 1934 295 1963; x_wconf 81' lang='lat' dir='ltr'>constructio</span> <span class='ocrx_word' id='word_1_247' title='bbox 310 1938 337 1963; x_wconf 84' lang='lat' dir='ltr'>et</span> <span class='ocrx_word' id='word_1_248' title='bbox 348 1935 436 1963; x_wconf 85' lang='lat' dir='ltr'>oratio</span> <span class='ocrx_word' id='word_1_249' title='bbox 448 1935 502 1963; x_wconf 86' lang='lat' dir='ltr'>sint</span> <span class='ocrx_word' id='word_1_250' title='bbox 513 1935 623 1969; x_wconf 87' lang='lat' dir='ltr'>eadem;</span> <span class='ocrx_word' id='word_1_251' title='bbox 639 1939 666 1964; x_wconf 85' lang='lat' dir='ltr'>et</span> <span class='ocrx_word' id='word_1_252' title='bbox 677 1935 796 1969; x_wconf 85' lang='lat' dir='ltr'>videtur,</span> <span class='ocrx_word' id='word_1_253' title='bbox 807 1935 881 1972; x_wconf 82' lang='lat' dir='ltr'>quod</span> <span class='ocrx_word' id='word_1_254' title='bbox 897 1935 935 1964; x_wconf 90' lang='grc'>516</span> <span class='ocrx_word' id='word_1_255' title='bbox 948 1948 974 1962; x_wconf 84' lang='grc'>».</span> 
     </span>
     <span class='ocr_line' id='line_1_38' title="bbox 127 1981 973 2018; baseline 0.001 -9"><span class='ocrx_word' id='word_1_256' title='bbox 127 1997 163 2001; x_wconf 97' lang='grc'>-</span> <span class='ocrx_word' id='word_1_257' title='bbox 180 1981 321 2010; x_wconf 88' lang='lat' dir='ltr'>lnvenitur</span> <span class='ocrx_word' id='word_1_258' title='bbox 342 1982 369 2010; x_wconf 91' lang='grc'>16</span> <span class='ocrx_word' id='word_1_259' title='bbox 392 1982 485 2010; x_wconf 84' lang='grc'><strong>6011166</strong></span> <span class='ocrx_word' id='word_1_260' title='bbox 503 1982 621 2018; x_wconf 87' lang='lat' dir='ltr'>quodam</span> <span class='ocrx_word' id='word_1_261' title='bbox 643 1982 824 2011; x_wconf 74' lang='lat' dir='ltr'>bibliothecae</span> <span class='ocrx_word' id='word_1_262' title='bbox 839 1983 863 2010; x_wconf 88' lang='lat' dir='ltr'>S.</span> <span class='ocrx_word' id='word_1_263' title='bbox 882 1982 973 2011; x_wconf 86' lang='lat' dir='ltr'>isidori</span> 
     </span>
     <span class='ocr_line' id='line_1_39' title="bbox 125 2027 976 2062; baseline 0.001 -6"><span class='ocrx_word' id='word_1_264' title='bbox 125 2027 159 2056; x_wconf 91' lang='lat' dir='ltr'>de</span> <span class='ocrx_word' id='word_1_265' title='bbox 180 2028 268 2062; x_wconf 83' lang='lat' dir='ltr'>Urbe,</span> <span class='ocrx_word' id='word_1_266' title='bbox 290 2028 337 2057; x_wconf 89' lang='lat' dir='ltr'>ubi</span> <span class='ocrx_word' id='word_1_267' title='bbox 360 2028 536 2057; x_wconf 82' lang='lat' dir='ltr'>inscribitur:</span> <span class='ocrx_word' id='word_1_268' title='bbox 561 2041 573 2053; x_wconf 79' lang='lat'>«</span> <span class='ocrx_word' id='word_1_269' title='bbox 590 2029 615 2056; x_wconf 84' lang='lat' dir='ltr'>S.</span> <span class='ocrx_word' id='word_1_270' title='bbox 632 2028 840 2057; x_wconf 87' lang='lat' dir='ltr'>Bonaventurae</span> <span class='ocrx_word' id='word_1_271' title='bbox 862 2030 976 2057; x_wconf 87' lang='lat' dir='ltr'>Summa</span> 
     </span>
     <span class='ocr_line' id='line_1_40' title="bbox 126 2073 940 2112; baseline 0.002 -10"><span class='ocrx_word' id='word_1_272' title='bbox 126 2073 325 2103; x_wconf 83' lang='lat' dir='ltr'>Grammaticae</span> <span class='ocrx_word' id='word_1_273' title='bbox 341 2087 367 2103; x_wconf 89' lang='lat'>».</span> <span class='ocrx_word' id='word_1_274' title='bbox 390 2075 466 2112; x_wconf 88' lang='lat' dir='ltr'>Opus</span> <span class='ocrx_word' id='word_1_275' title='bbox 488 2078 563 2104; x_wconf 83' lang='lat' dir='ltr'>certo</span> <span class='ocrx_word' id='word_1_276' title='bbox 585 2084 639 2104; x_wconf 86' lang='grc'><strong>1106</strong></span> <span class='ocrx_word' id='word_1_277' title='bbox 662 2079 703 2104; x_wconf 85' lang='grc'>651</span> <span class='ocrx_word' id='word_1_278' title='bbox 724 2075 940 2104; x_wconf 82' lang='lat' dir='ltr'>Bonaventurae.</span> 
     </span>
    </p>

    <p class='ocr_par' dir='ltr' id='par_1_13' title="bbox 126 2121 975 2197">
     <span class='ocr_line' id='line_1_41' title="bbox 206 2121 975 2159; baseline 0.001 -10"><span class='ocrx_word' id='word_1_279' title='bbox 206 2122 251 2149; x_wconf 73' lang='lat'>95.</span> <span class='ocrx_word' id='word_1_280' title='bbox 276 2121 460 2159; x_wconf 75' lang='lat' dir='ltr'>Definitioucs</span> <span class='ocrx_word' id='word_1_281' title='bbox 483 2123 619 2151; x_wconf 74' lang='lat' dir='ltr'>uitioram</span> <span class='ocrx_word' id='word_1_282' title='bbox 652 2127 676 2150; x_wconf 83' lang='lat' dir='ltr'>el</span> <span class='ocrx_word' id='word_1_283' title='bbox 704 2123 849 2151; x_wconf 61' lang='lat' dir='ltr'>&lt;circuiunt</span> <span class='ocrx_word' id='word_1_284' title='bbox 873 2131 975 2151; x_wconf 75' lang='lat' dir='ltr'>secun-</span> 
     </span>
     <span class='ocr_line' id='line_1_42' title="bbox 126 2168 469 2197; baseline 0.003 -1"><span class='ocrx_word' id='word_1_285' title='bbox 126 2168 197 2196; x_wconf 79' lang='lat' dir='ltr'>dam</span> <span class='ocrx_word' id='word_1_286' title='bbox 220 2169 469 2197; x_wconf 75' lang='lat' dir='ltr'>Benacenluram.</span> 
     </span>
    </p>

    <p class='ocr_par' dir='ltr' id='par_1_14' title="bbox 126 2215 975 2526">
     <span class='ocr_line' id='line_1_43' title="bbox 205 2215 975 2253; baseline 0.003 -10"><span class='ocrx_word' id='word_1_287' title='bbox 205 2215 316 2252; x_wconf 88' lang='lat' dir='ltr'>Incipit:</span> <span class='ocrx_word' id='word_1_288' title='bbox 338 2228 351 2241; x_wconf 69' lang='grc' dir='ltr'>α</span> <span class='ocrx_word' id='word_1_289' title='bbox 367 2217 502 2253; x_wconf 84' lang='lat' dir='ltr'>Superbia</span> <span class='ocrx_word' id='word_1_290' title='bbox 517 2220 558 2245; x_wconf 89' lang='grc'>651</span> <span class='ocrx_word' id='word_1_291' title='bbox 572 2217 720 2253; x_wconf 81' lang='lat' dir='ltr'>singularis</span> <span class='ocrx_word' id='word_1_292' title='bbox 735 2217 916 2245; x_wconf 77' lang='lat' dir='ltr'>excellentiae</span> <span class='ocrx_word' id='word_1_293' title='bbox 931 2220 975 2245; x_wconf 86' lang='lat' dir='ltr'>tu-</span> 
     </span>
     <span class='ocr_line' id='line_1_44' title="bbox 126 2262 975 2300; baseline 0.001 -10"><span class='ocrx_word' id='word_1_294' title='bbox 126 2262 225 2290; x_wconf 88' lang='lat' dir='ltr'>mentis</span> <span class='ocrx_word' id='word_1_295' title='bbox 253 2262 360 2291; x_wconf 80' lang='lat' dir='ltr'>animae</span> <span class='ocrx_word' id='word_1_296' title='bbox 388 2270 486 2291; x_wconf 83' lang='lat' dir='ltr'>caecus</span> <span class='ocrx_word' id='word_1_297' title='bbox 515 2263 625 2300; x_wconf 87' lang='lat' dir='ltr'>quidam</span> <span class='ocrx_word' id='word_1_298' title='bbox 655 2264 835 2300; x_wconf 86' lang='lat' dir='ltr'>appetitus».</span> <span class='ocrx_word' id='word_1_299' title='bbox 865 2280 903 2284; x_wconf 85' lang='lat'>—</span> <span class='ocrx_word' id='word_1_300' title='bbox 925 2263 975 2291; x_wconf 84' lang='lat' dir='ltr'>Ha-</span> 
     </span>
     <span class='ocr_line' id='line_1_45' title="bbox 126 2309 974 2347; baseline 0.001 -10"><span class='ocrx_word' id='word_1_301' title='bbox 126 2309 208 2337; x_wconf 85' lang='lat' dir='ltr'>betur</span> <span class='ocrx_word' id='word_1_302' title='bbox 236 2309 262 2337; x_wconf 93' lang='lat' dir='ltr'>in</span> <span class='ocrx_word' id='word_1_303' title='bbox 289 2312 410 2346; x_wconf 86' lang='lat' dir='ltr'>quatuor</span> <span class='ocrx_word' id='word_1_304' title='bbox 443 2309 584 2338; x_wconf 84' lang='lat' dir='ltr'>codicibus</span> <span class='ocrx_word' id='word_1_305' title='bbox 614 2318 684 2338; x_wconf 88' lang='lat' dir='ltr'>saec.</span> <span class='ocrx_word' id='word_1_306' title='bbox 716 2310 771 2344; x_wconf 79' lang='lat' dir='ltr'>XV,</span> <span class='ocrx_word' id='word_1_307' title='bbox 794 2311 840 2347; x_wconf 89' lang='lat' dir='ltr'>qui</span> <span class='ocrx_word' id='word_1_308' title='bbox 863 2318 974 2344; x_wconf 88' lang='lat' dir='ltr'>omnes,</span> 
     </span>
     <span class='ocr_line' id='line_1_46' title="bbox 126 2354 974 2393; baseline 0.001 -9"><span class='ocrx_word' id='word_1_309' title='bbox 126 2359 243 2392; x_wconf 81' lang='lat' dir='ltr'>excepto</span> <span class='ocrx_word' id='word_1_310' title='bbox 265 2356 358 2384; x_wconf 83' lang='lat' dir='ltr'>codice</span> <span class='ocrx_word' id='word_1_311' title='bbox 373 2356 740 2391; x_wconf 86' lang='lat' dir='ltr'>Florentino-Laurentiano‚</span> <span class='ocrx_word' id='word_1_312' title='bbox 756 2354 821 2385; x_wconf 81' lang='lat' dir='ltr'>sunt</span> <span class='ocrx_word' id='word_1_313' title='bbox 835 2357 974 2393; x_wconf 79' lang='lat' dir='ltr'>anonymi.</span> 
     </span>
     <span class='ocr_line' id='line_1_47' title="bbox 127 2402 974 2439; baseline 0.004 -9"><span class='ocrx_word' id='word_1_314' title='bbox 127 2402 166 2430; x_wconf 87' lang='lat' dir='ltr'>Ex</span> <span class='ocrx_word' id='word_1_315' title='bbox 200 2403 258 2439; x_wconf 82' lang='lat' dir='ltr'>ipsa</span> <span class='ocrx_word' id='word_1_316' title='bbox 289 2403 379 2431; x_wconf 88' lang='lat' dir='ltr'>indole</span> <span class='ocrx_word' id='word_1_317' title='bbox 411 2403 494 2431; x_wconf 89' lang='lat' dir='ltr'>libelli</span> <span class='ocrx_word' id='word_1_318' title='bbox 525 2403 700 2432; x_wconf 87' lang='lat' dir='ltr'>manifestum</span> <span class='ocrx_word' id='word_1_319' title='bbox 727 2407 784 2438; x_wconf 86' lang='lat' dir='ltr'>est,</span> <span class='ocrx_word' id='word_1_320' title='bbox 816 2404 883 2432; x_wconf 90' lang='lat' dir='ltr'>illud</span> <span class='ocrx_word' id='word_1_321' title='bbox 915 2412 974 2433; x_wconf 87' lang='lat' dir='ltr'>esse</span> 
     </span>
     <span class='ocr_line' id='line_1_48' title="bbox 127 2449 974 2486; baseline 0.002 -8"><span class='ocrx_word' id='word_1_322' title='bbox 127 2449 264 2486; x_wconf 78' lang='lat' dir='ltr'>quoddam</span> <span class='ocrx_word' id='word_1_323' title='bbox 287 2453 446 2479; x_wconf 82' lang='lat' dir='ltr'>extractum</span> <span class='ocrx_word' id='word_1_324' title='bbox 469 2451 590 2479; x_wconf 88' lang='lat' dir='ltr'>alienum</span> <span class='ocrx_word' id='word_1_325' title='bbox 613 2459 628 2479; x_wconf 84' lang='lat' dir='ltr'>a</span> <span class='ocrx_word' id='word_1_326' title='bbox 644 2451 668 2479; x_wconf 88' lang='lat' dir='ltr'>S.</span> <span class='ocrx_word' id='word_1_327' title='bbox 685 2451 885 2480; x_wconf 74' lang='lat' dir='ltr'>Bonaventura.</span> <span class='ocrx_word' id='word_1_328' title='bbox 903 2452 974 2481; x_wconf 86' lang='lat' dir='ltr'>idem</span> 
     </span>
     <span class='ocr_line' id='line_1_49' title="bbox 131 2497 716 2526; baseline 0.002 -1"><span class='ocrx_word' id='word_1_329' title='bbox 131 2497 212 2526; x_wconf 87' lang='lat' dir='ltr'>sentit</span> <span class='ocrx_word' id='word_1_330' title='bbox 233 2498 314 2526; x_wconf 82' lang='lat' dir='ltr'>etiam</span> <span class='ocrx_word' id='word_1_331' title='bbox 337 2498 438 2526; x_wconf 89' lang='lat' dir='ltr'>Bonelli</span> <span class='ocrx_word' id='word_1_332' title='bbox 462 2498 554 2526; x_wconf 85' lang='lat' dir='ltr'>Prodr.</span> <span class='ocrx_word' id='word_1_333' title='bbox 578 2498 627 2526; x_wconf 86' lang='lat' dir='ltr'>col.</span> <span class='ocrx_word' id='word_1_334' title='bbox 652 2498 716 2526; x_wconf 72' lang='lat'>754.</span> 
     </span>
    </p>

    <p class='ocr_par' dir='ltr' id='par_1_15' title="bbox 126 2544 975 2618">
     <span class='ocr_line' id='line_1_50' title="bbox 205 2544 975 2582; baseline 0.003 -10"><span class='ocrx_word' id='word_1_335' title='bbox 205 2545 251 2572; x_wconf 78' lang='lat'>96.</span> <span class='ocrx_word' id='word_1_336' title='bbox 277 2544 418 2582; x_wconf 63' lang='lat' dir='ltr'>Dialogus</span> <span class='ocrx_word' id='word_1_337' title='bbox 440 2545 665 2574; x_wconf 65' lang='lat' dir='ltr'>Bonaeentarae</span> <span class='ocrx_word' id='word_1_338' title='bbox 687 2546 720 2573; x_wconf 76' lang='lat' dir='ltr'>(lc</span> <span class='ocrx_word' id='word_1_339' title='bbox 735 2550 815 2574; x_wconf 73' lang='lat' dir='ltr'>statu</span> <span class='ocrx_word' id='word_1_340' title='bbox 834 2546 975 2574; x_wconf 72' lang='lat' dir='ltr'>Ecclesiae</span> 
     </span>
     <span class='ocr_line' id='line_1_51' title="bbox 126 2590 285 2618; baseline 0 0"><span class='ocrx_word' id='word_1_341' title='bbox 126 2590 285 2618; x_wconf 73' lang='lat' dir='ltr'>militantis.</span> 
     </span>
    </p>

    <p class='ocr_par' dir='ltr' id='par_1_16' title="bbox 125 2637 975 3052">
     <span class='ocr_line' id='line_1_52' title="bbox 205 2637 974 2678; baseline 0.004 -13"><span class='ocrx_word' id='word_1_342' title='bbox 205 2637 316 2674; x_wconf 86' lang='lat' dir='ltr'>Incipit:</span> <span class='ocrx_word' id='word_1_343' title='bbox 340 2649 353 2663; x_wconf 90' lang='lat'>«</span> <span class='ocrx_word' id='word_1_344' title='bbox 366 2638 538 2675; x_wconf 85' lang='lat' dir='ltr'>Discipulus:</span> <span class='ocrx_word' id='word_1_345' title='bbox 554 2639 702 2676; x_wconf 71' lang='lat' dir='ltr'>Mayislcr,</span> <span class='ocrx_word' id='word_1_346' title='bbox 718 2640 790 2678; x_wconf 76' lang='lat' dir='ltr'>quid</span> <span class='ocrx_word' id='word_1_347' title='bbox 803 2639 927 2676; x_wconf 73' lang='lat' dir='ltr'>jaciam,</span> <span class='ocrx_word' id='word_1_348' title='bbox 942 2643 974 2667; x_wconf 82' lang='lat' dir='ltr'>ul</span> 
     </span>
     <span class='ocr_line' id='line_1_53' title="bbox 127 2684 974 2723; baseline 0.004 -11"><span class='ocrx_word' id='word_1_349' title='bbox 127 2684 217 2712; x_wconf 78' lang='lat' dir='ltr'>vitain</span> <span class='ocrx_word' id='word_1_350' title='bbox 229 2688 377 2712; x_wconf 77' lang='lat' dir='ltr'>aeternam</span> <span class='ocrx_word' id='word_1_351' title='bbox 390 2685 576 2721; x_wconf 67' lang='lat' dir='ltr'>possideam-z?</span> <span class='ocrx_word' id='word_1_352' title='bbox 588 2686 715 2723; x_wconf 78' lang='lat' dir='ltr'>Magister</span> <span class='ocrx_word' id='word_1_353' title='bbox 727 2686 886 2723; x_wconf 86' lang='lat' dir='ltr'>respondet:</span> <span class='ocrx_word' id='word_1_354' title='bbox 900 2687 974 2715; x_wconf 87' lang='lat' dir='ltr'>lesus</span> 
     </span>
     <span class='ocr_line' id='line_1_54' title="bbox 125 2731 974 2768; baseline 0.002 -9"><span class='ocrx_word' id='word_1_355' title='bbox 125 2731 214 2759; x_wconf 88' lang='lat' dir='ltr'>dicit»</span> <span class='ocrx_word' id='word_1_356' title='bbox 240 2735 291 2760; x_wconf 89' lang='lat' dir='ltr'>etc.</span> <span class='ocrx_word' id='word_1_357' title='bbox 308 2748 346 2751; x_wconf 86' lang='lat'><strong>—</strong></span> <span class='ocrx_word' id='word_1_358' title='bbox 361 2731 408 2760; x_wconf 87' lang='lat' dir='ltr'>Hic</span> <span class='ocrx_word' id='word_1_359' title='bbox 422 2731 547 2768; x_wconf 80' lang='lat' dir='ltr'>dialogus</span> <span class='ocrx_word' id='word_1_360' title='bbox 563 2732 691 2761; x_wconf 88' lang='lat' dir='ltr'>inventus</span> <span class='ocrx_word' id='word_1_361' title='bbox 712 2737 753 2762; x_wconf 87' lang='grc'>651</span> <span class='ocrx_word' id='word_1_362' title='bbox 768 2737 875 2762; x_wconf 80' lang='lat' dir='ltr'>tantun]</span> <span class='ocrx_word' id='word_1_363' title='bbox 891 2734 919 2762; x_wconf 93' lang='lat' dir='ltr'>in</span> <span class='ocrx_word' id='word_1_364' title='bbox 933 2733 974 2762; x_wconf 91' lang='lat' dir='ltr'>bi-</span> 
     </span>
     <span class='ocr_line' id='line_1_55' title="bbox 127 2778 973 2818; baseline 0.004 -12"><span class='ocrx_word' id='word_1_365' title='bbox 127 2778 327 2807; x_wconf 82' lang='lat' dir='ltr'>bliothecarum</span> <span class='ocrx_word' id='word_1_366' title='bbox 361 2778 587 2807; x_wconf 83' lang='lat' dir='ltr'>Germanicarum</span> <span class='ocrx_word' id='word_1_367' title='bbox 618 2788 716 2808; x_wconf 90' lang='lat' dir='ltr'>novem</span> <span class='ocrx_word' id='word_1_368' title='bbox 745 2781 901 2815; x_wconf 85' lang='lat' dir='ltr'>codicibus,</span> <span class='ocrx_word' id='word_1_369' title='bbox 926 2781 973 2818; x_wconf 84' lang='lat' dir='ltr'>qui</span> 
     </span>
     <span class='ocr_line' id='line_1_56' title="bbox 126 2825 975 2864; baseline 0.002 -10"><span class='ocrx_word' id='word_1_370' title='bbox 126 2833 222 2854; x_wconf 88' lang='lat' dir='ltr'>omnes</span> <span class='ocrx_word' id='word_1_371' title='bbox 237 2829 302 2854; x_wconf 87' lang='lat' dir='ltr'>sunt</span> <span class='ocrx_word' id='word_1_372' title='bbox 317 2833 387 2854; x_wconf 85' lang='lat' dir='ltr'>saec.</span> <span class='ocrx_word' id='word_1_373' title='bbox 403 2825 458 2859; x_wconf 87' lang='lat' dir='ltr'>XV,</span> <span class='ocrx_word' id='word_1_374' title='bbox 474 2834 594 2862; x_wconf 86' lang='lat' dir='ltr'>quornm</span> <span class='ocrx_word' id='word_1_375' title='bbox 611 2827 735 2864; x_wconf 85' lang='lat' dir='ltr'>quinque</span> <span class='ocrx_word' id='word_1_376' title='bbox 749 2835 820 2864; x_wconf 90' lang='lat' dir='ltr'>opus</span> <span class='ocrx_word' id='word_1_377' title='bbox 835 2828 975 2856; x_wconf 81' lang='lat' dir='ltr'>Bonaven—</span> 
     </span>
     <span class='ocr_line' id='line_1_57' title="bbox 127 2873 974 2909; baseline 0.004 -9"><span class='ocrx_word' id='word_1_378' title='bbox 127 2876 206 2901; x_wconf 84' lang='lat' dir='ltr'>turae</span> <span class='ocrx_word' id='word_1_379' title='bbox 232 2873 375 2907; x_wconf 83' lang='lat' dir='ltr'>tribuunt,</span> <span class='ocrx_word' id='word_1_380' title='bbox 400 2873 455 2901; x_wconf 90' lang='lat' dir='ltr'>duo</span> <span class='ocrx_word' id='word_1_381' title='bbox 481 2873 571 2901; x_wconf 89' lang='lat' dir='ltr'>loanni</span> <span class='ocrx_word' id='word_1_382' title='bbox 598 2874 746 2902; x_wconf 86' lang='lat' dir='ltr'>Pecchamo</span> <span class='ocrx_word' id='word_1_383' title='bbox 771 2876 881 2909; x_wconf 90' lang='lat' dir='ltr'>(nomen</span> <span class='ocrx_word' id='word_1_384' title='bbox 907 2875 974 2903; x_wconf 87' lang='lat' dir='ltr'>scri-</span> 
     </span>
     <span class='ocr_line' id='line_1_58' title="bbox 125 2919 975 2957; baseline 0.004 -10"><span class='ocrx_word' id='word_1_385' title='bbox 125 2919 201 2948; x_wconf 91' lang='lat' dir='ltr'>bitur</span> <span class='ocrx_word' id='word_1_386' title='bbox 224 2920 376 2948; x_wconf 81' lang='lat' dir='ltr'>Pethsanus</span> <span class='ocrx_word' id='word_1_387' title='bbox 397 2920 438 2948; x_wconf 85' lang='lat' dir='ltr'>vel</span> <span class='ocrx_word' id='word_1_388' title='bbox 462 2919 631 2953; x_wconf 85' lang='lat' dir='ltr'>Pichsanus).</span> <span class='ocrx_word' id='word_1_389' title='bbox 654 2921 731 2957; x_wconf 87' lang='lat' dir='ltr'>Opus</span> <span class='ocrx_word' id='word_1_390' title='bbox 745 2924 786 2949; x_wconf 91' lang='lat' dir='ltr'>est</span> <span class='ocrx_word' id='word_1_391' title='bbox 807 2922 975 2950; x_wconf 89' lang='grc'><strong>061616016-</strong></span> 
     </span>
     <span class='ocr_line' id='line_1_59' title="bbox 127 2966 975 3003; baseline 0.004 -9"><span class='ocrx_word' id='word_1_392' title='bbox 127 2966 240 3003; x_wconf 83' lang='lat' dir='ltr'>dignuin</span> <span class='ocrx_word' id='word_1_393' title='bbox 263 2967 288 2995; x_wconf 88' lang='lat' dir='ltr'>S.</span> <span class='ocrx_word' id='word_1_394' title='bbox 311 2967 444 3001; x_wconf 84' lang='lat' dir='ltr'>Doctore,</span> <span class='ocrx_word' id='word_1_395' title='bbox 468 2967 550 2996; x_wconf 86' lang='lat' dir='ltr'>habet</span> <span class='ocrx_word' id='word_1_396' title='bbox 582 2971 672 2996; x_wconf 85' lang='lat' dir='ltr'>tamen</span> <span class='ocrx_word' id='word_1_397' title='bbox 695 2971 835 2996; x_wconf 83' lang='lat' dir='ltr'>exstracta</span> <span class='ocrx_word' id='word_1_398' title='bbox 857 2976 892 2996; x_wconf 80' lang='lat' dir='ltr'>ex</span> <span class='ocrx_word' id='word_1_399' title='bbox 915 2969 975 2997; x_wconf 87' lang='lat' dir='ltr'>eius</span> 
     </span>
     <span class='ocr_line' id='line_1_60' title="bbox 126 3013 835 3052; baseline 0.004 -11"><span class='ocrx_word' id='word_1_400' title='bbox 126 3013 220 3047; x_wconf 82' lang='lat' dir='ltr'>libris,</span> <span class='ocrx_word' id='word_1_401' title='bbox 243 3013 406 3050; x_wconf 82' lang='lat' dir='ltr'>praesertim</span> <span class='ocrx_word' id='word_1_402' title='bbox 429 3021 464 3042; x_wconf 86' lang='lat' dir='ltr'>ex</span> <span class='ocrx_word' id='word_1_403' title='bbox 488 3014 630 3051; x_wconf 62' lang='lat' dir='ltr'>Apologia</span> <span class='ocrx_word' id='word_1_404' title='bbox 655 3014 835 3052; x_wconf 70' lang='lat' dir='ltr'>pauperum.</span> 
     </span>
    </p>
   </div>
   <div class='ocr_carea' id='block_1_3' title="bbox 1005 289 1013 1208">
    <p class='ocr_par' dir='ltr' id='par_1_17' title="bbox 1005 289 1013 1208">
     <span class='ocr_line' id='line_1_61' title="bbox 1005 289 1013 1208; baseline 0 0"><span class='ocrx_word' id='word_1_405' title='bbox 1005 289 1013 1208; x_wconf 95' lang='lat' dir='ltr'> </span> 
     </span>
    </p>
   </div>
   <div class='ocr_carea' id='block_1_4' title="bbox 1001 1360 1007 2490">
    <p class='ocr_par' dir='ltr' id='par_1_18' title="bbox 1001 1360 1007 2490">
     <span class='ocr_line' id='line_1_62' title="bbox 1001 1360 1007 2490; baseline 0 0"><span class='ocrx_word' id='word_1_406' title='bbox 1001 1360 1007 2490; x_wconf 95' lang='lat' dir='ltr'> </span> 
     </span>
    </p>
   </div>
   <div class='ocr_carea' id='block_1_5' title="bbox 1852 223 1887 246">
    <p class='ocr_par' dir='ltr' id='par_1_19' title="bbox 1852 223 1887 246">
     <span class='ocr_line' id='line_1_63' title="bbox 1852 223 1887 246; baseline 0.029 -11"><span class='ocrx_word' id='word_1_407' title='bbox 1852 223 1887 246; x_wconf 49' lang='grc' dir='ltr'>μμ)</span> 
     </span>
    </p>
   </div>
   <div class='ocr_carea' id='block_1_6' title="bbox 1030 293 1888 3054">
    <p class='ocr_par' dir='ltr' id='par_1_20' title="bbox 1040 293 1888 368">
     <span class='ocr_line' id='line_1_64' title="bbox 1120 293 1888 334; baseline 0.009 -15"><span class='ocrx_word' id='word_1_408' title='bbox 1120 294 1164 319; x_wconf 71' lang='lat'>97.</span> <span class='ocrx_word' id='word_1_409' title='bbox 1195 293 1351 321; x_wconf 50' lang='lat' dir='ltr'>&#39;limitans</span> <span class='ocrx_word' id='word_1_410' title='bbox 1373 295 1406 322; x_wconf 73' lang='grc'>116</span> <span class='ocrx_word' id='word_1_411' title='bbox 1428 295 1540 323; x_wconf 57' lang='lat' dir='ltr'>Arimi-11</span> <span class='ocrx_word' id='word_1_412' title='bbox 1562 297 1697 325; x_wconf 67' lang='lat' dir='ltr'>caritatis</span> <span class='ocrx_word' id='word_1_413' title='bbox 1726 298 1888 334; x_wconf 41' lang='lat' dir='ltr'>inscriptus·</span> 
     </span>
     <span class='ocr_line' id='line_1_65' title="bbox 1040 337 1324 368; baseline 0.004 -3"><span class='ocrx_word' id='word_1_414' title='bbox 1040 337 1068 365; x_wconf 81' lang='lat' dir='ltr'>S.</span> <span class='ocrx_word' id='word_1_415' title='bbox 1094 339 1324 368; x_wconf 69' lang='lat' dir='ltr'>Bonavenlurae.</span> 
     </span>
    </p>

    <p class='ocr_par' dir='ltr' id='par_1_21' title="bbox 1037 385 1888 835">
     <span class='ocr_line' id='line_1_66' title="bbox 1119 385 1887 427; baseline 0.009 -15"><span class='ocrx_word' id='word_1_416' title='bbox 1119 385 1229 421; x_wconf 73' lang='lat' dir='ltr'>incipit:</span> <span class='ocrx_word' id='word_1_417' title='bbox 1254 387 1448 423; x_wconf 61' lang='lat' dir='ltr'>xlxpe&#39;clcbam,</span> <span class='ocrx_word' id='word_1_418' title='bbox 1471 393 1494 417; x_wconf 78' lang='lat' dir='ltr'>el</span> <span class='ocrx_word' id='word_1_419' title='bbox 1516 399 1586 423; x_wconf 70' lang='lat' dir='ltr'>cccc,</span> <span class='ocrx_word' id='word_1_420' title='bbox 1602 391 1803 427; x_wconf 69' lang='lat' dir='ltr'>arltorposila</span> <span class='ocrx_word' id='word_1_421' title='bbox 1825 397 1887 420; x_wconf 64' lang='lat' dir='ltr'>(wal</span> 
     </span>
     <span class='ocr_line' id='line_1_67' title="bbox 1039 430 1885 467; baseline 0.012 -10"><span class='ocrx_word' id='word_1_422' title='bbox 1039 430 1069 458; x_wconf 74' lang='lat' dir='ltr'>in</span> <span class='ocrx_word' id='word_1_423' title='bbox 1091 431 1184 459; x_wconf 80' lang='lat' dir='ltr'>medio</span> <span class='ocrx_word' id='word_1_424' title='bbox 1207 436 1303 461; x_wconf 69' lang='lat' dir='ltr'>{errae</span> <span class='ocrx_word' id='word_1_425' title='bbox 1325 438 1375 462; x_wconf 81' lang='lat' dir='ltr'>etr.</span> <span class='ocrx_word' id='word_1_426' title='bbox 1398 451 1435 454; x_wconf 86' lang='lat'>-—</span> <span class='ocrx_word' id='word_1_427' title='bbox 1460 436 1588 464; x_wconf 77' lang='lat' dir='ltr'>inventus</span> <span class='ocrx_word' id='word_1_428' title='bbox 1609 441 1650 465; x_wconf 77' lang='grc'>651</span> <span class='ocrx_word' id='word_1_429' title='bbox 1680 438 1704 465; x_wconf 90' lang='grc'>111</span> <span class='ocrx_word' id='word_1_430' title='bbox 1733 439 1759 465; x_wconf 89' lang='grc'>11</span> <span class='ocrx_word' id='word_1_431' title='bbox 1787 439 1885 467; x_wconf 61' lang='grc'><strong>6611161-</strong></span> 
     </span>
     <span class='ocr_line' id='line_1_68' title="bbox 1039 477 1888 519; baseline 0.011 -14"><span class='ocrx_word' id='word_1_432' title='bbox 1039 477 1103 511; x_wconf 80' lang='lat' dir='ltr'>bus,</span> <span class='ocrx_word' id='word_1_433' title='bbox 1126 487 1245 514; x_wconf 78' lang='lat' dir='ltr'>qnorum</span> <span class='ocrx_word' id='word_1_434' title='bbox 1279 481 1404 517; x_wconf 71' lang='lat' dir='ltr'>plerique</span> <span class='ocrx_word' id='word_1_435' title='bbox 1436 486 1500 510; x_wconf 83' lang='lat' dir='ltr'>sunt</span> <span class='ocrx_word' id='word_1_436' title='bbox 1528 484 1670 519; x_wconf 68' lang='lat' dir='ltr'>anonymi,</span> <span class='ocrx_word' id='word_1_437' title='bbox 1703 488 1758 512; x_wconf 62' lang='lat' dir='ltr'>ires</span> <span class='ocrx_word' id='word_1_438' title='bbox 1788 486 1888 514; x_wconf 79' lang='lat' dir='ltr'>lialwnt</span> 
     </span>
     <span class='ocr_line' id='line_1_69' title="bbox 1040 525 1884 565; baseline 0.011 -14"><span class='ocrx_word' id='word_1_439' title='bbox 1040 532 1137 552; x_wconf 85' lang='grc'><strong>1166166</strong></span> <span class='ocrx_word' id='word_1_440' title='bbox 1162 525 1369 555; x_wconf 79' lang='lat' dir='ltr'>lionavcnturae</span> <span class='ocrx_word' id='word_1_441' title='bbox 1391 529 1504 563; x_wconf 73' lang='lat' dir='ltr'>(horum</span> <span class='ocrx_word' id='word_1_442' title='bbox 1529 538 1601 558; x_wconf 86' lang='lat' dir='ltr'>unus</span> <span class='ocrx_word' id='word_1_443' title='bbox 1631 534 1672 559; x_wconf 74' lang='lat' dir='ltr'>est</span> <span class='ocrx_word' id='word_1_444' title='bbox 1704 540 1773 560; x_wconf 67' lang='lat' dir='ltr'>saec.</span> <span class='ocrx_word' id='word_1_445' title='bbox 1798 533 1884 565; x_wconf 54' lang='lat' dir='ltr'>xiil).</span> 
     </span>
     <span class='ocr_line' id='line_1_70' title="bbox 1037 572 1886 613; baseline 0.011 -15"><span class='ocrx_word' id='word_1_446' title='bbox 1037 572 1129 607; x_wconf 81' lang='lat' dir='ltr'>Opus,</span> <span class='ocrx_word' id='word_1_447' title='bbox 1152 572 1246 601; x_wconf 80' lang='lat' dir='ltr'>saltem</span> <span class='ocrx_word' id='word_1_448' title='bbox 1271 574 1295 601; x_wconf 92' lang='grc'>111</span> <span class='ocrx_word' id='word_1_449' title='bbox 1321 574 1365 602; x_wconf 83' lang='lat' dir='ltr'>illa</span> <span class='ocrx_word' id='word_1_450' title='bbox 1386 575 1583 613; x_wconf 74' lang='lat' dir='ltr'>lo1·1na‚‹1piain</span> <span class='ocrx_word' id='word_1_451' title='bbox 1602 586 1666 613; x_wconf 84' lang='lat' dir='ltr'>prae</span> <span class='ocrx_word' id='word_1_452' title='bbox 1685 586 1713 606; x_wconf 89' lang='lat' dir='ltr'>se</span> <span class='ocrx_word' id='word_1_453' title='bbox 1735 578 1886 607; x_wconf 69' lang='grc'><strong>161161166-</strong></span> 
     </span>
     <span class='ocr_line' id='line_1_71' title="bbox 1037 617 1886 658; baseline 0.011 -14"><span class='ocrx_word' id='word_1_454' title='bbox 1037 617 1125 651; x_wconf 75' lang='lat' dir='ltr'>dices,</span> <span class='ocrx_word' id='word_1_455' title='bbox 1150 619 1291 648; x_wconf 79' lang='lat' dir='ltr'>inanil&#39;este</span> <span class='ocrx_word' id='word_1_456' title='bbox 1307 624 1347 649; x_wconf 84' lang='lat' dir='ltr'>cst</span> <span class='ocrx_word' id='word_1_457' title='bbox 1364 621 1505 658; x_wconf 66' lang='lat' dir='ltr'>indignum</span> <span class='ocrx_word' id='word_1_458' title='bbox 1523 627 1597 651; x_wconf 84' lang='lat' dir='ltr'>tanto</span> <span class='ocrx_word' id='word_1_459' title='bbox 1615 624 1739 653; x_wconf 74' lang='lat' dir='ltr'>hectore.</span> <span class='ocrx_word' id='word_1_460' title='bbox 1756 625 1791 652; x_wconf 69' lang='lat' dir='ltr'>Ad</span> <span class='ocrx_word' id='word_1_461' title='bbox 1814 634 1886 653; x_wconf 80' lang='lat' dir='ltr'>suin-</span> 
     </span>
     <span class='ocr_line' id='line_1_72' title="bbox 1038 665 1885 707; baseline 0.011 -16"><span class='ocrx_word' id='word_1_462' title='bbox 1038 671 1113 692; x_wconf 90' lang='lat' dir='ltr'>mum</span> <span class='ocrx_word' id='word_1_463' title='bbox 1136 665 1187 693; x_wconf 85' lang='lat' dir='ltr'>dici</span> <span class='ocrx_word' id='word_1_464' title='bbox 1211 668 1327 702; x_wconf 81' lang='lat' dir='ltr'>poterit,</span> <span class='ocrx_word' id='word_1_465' title='bbox 1352 669 1425 696; x_wconf 91' lang='grc'><strong>111166</strong></span> <span class='ocrx_word' id='word_1_466' title='bbox 1448 673 1594 698; x_wconf 81' lang='lat' dir='ltr'>tractatum</span> <span class='ocrx_word' id='word_1_467' title='bbox 1618 672 1800 707; x_wconf 87' lang='lat' dir='ltr'>compositum</span> <span class='ocrx_word' id='word_1_468' title='bbox 1827 680 1885 700; x_wconf 81' lang='lat' dir='ltr'>csse</span> 
     </span>
     <span class='ocr_line' id='line_1_73' title="bbox 1037 711 1885 754; baseline 0.011 -16"><span class='ocrx_word' id='word_1_469' title='bbox 1037 711 1071 739; x_wconf 84' lang='lat' dir='ltr'>ab</span> <span class='ocrx_word' id='word_1_470' title='bbox 1092 712 1179 740; x_wconf 81' lang='lat' dir='ltr'>aliena</span> <span class='ocrx_word' id='word_1_471' title='bbox 1202 721 1285 742; x_wconf 84' lang='lat' dir='ltr'>manu</span> <span class='ocrx_word' id='word_1_472' title='bbox 1300 718 1327 743; x_wconf 89' lang='grc'>61</span> <span class='ocrx_word' id='word_1_473' title='bbox 1341 719 1454 744; x_wconf 71' lang='lat' dir='ltr'>auctum</span> <span class='ocrx_word' id='word_1_474' title='bbox 1471 717 1622 745; x_wconf 84' lang='lat' dir='ltr'>secundum</span> <span class='ocrx_word' id='word_1_475' title='bbox 1639 718 1775 754; x_wconf 77' lang='lat' dir='ltr'>quendam</span> <span class='ocrx_word' id='word_1_476' title='bbox 1801 719 1885 747; x_wconf 67' lang='grc'><strong>116611-</strong></span> 
     </span>
     <span class='ocr_line' id='line_1_74' title="bbox 1037 762 1883 802; baseline 0.011 -17"><span class='ocrx_word' id='word_1_477' title='bbox 1037 762 1170 787; x_wconf 80' lang='lat' dir='ltr'>venturac</span> <span class='ocrx_word' id='word_1_478' title='bbox 1191 769 1356 789; x_wconf 85' lang='lat' dir='ltr'>sermonem.</span> <span class='ocrx_word' id='word_1_479' title='bbox 1382 762 1476 791; x_wconf 82' lang='lat' dir='ltr'>Exstat</span> <span class='ocrx_word' id='word_1_480' title='bbox 1496 764 1577 792; x_wconf 84' lang='lat' dir='ltr'>etiam</span> <span class='ocrx_word' id='word_1_481' title='bbox 1601 765 1679 793; x_wconf 87' lang='lat' dir='ltr'>valde</span> <span class='ocrx_word' id='word_1_482' title='bbox 1700 766 1883 802; x_wconf 74' lang='lat' dir='ltr'>amplificatus</span> 
     </span>
     <span class='ocr_line' id='line_1_75' title="bbox 1038 805 1264 835; baseline 0.018 -4"><span class='ocrx_word' id='word_1_483' title='bbox 1038 805 1062 832; x_wconf 92' lang='lat' dir='ltr'>in</span> <span class='ocrx_word' id='word_1_484' title='bbox 1086 814 1141 833; x_wconf 91' lang='lat' dir='ltr'>uno</span> <span class='ocrx_word' id='word_1_485' title='bbox 1163 807 1264 835; x_wconf 75' lang='lat' dir='ltr'>codice.</span> 
     </span>
    </p>

    <p class='ocr_par' dir='ltr' id='par_1_22' title="bbox 1035 854 1884 1029">
     <span class='ocr_line' id='line_1_76' title="bbox 1116 854 1881 895; baseline 0.01 -15"><span class='ocrx_word' id='word_1_486' title='bbox 1116 854 1160 880; x_wconf 75' lang='lat'>98.</span> <span class='ocrx_word' id='word_1_487' title='bbox 1174 854 1245 882; x_wconf 71' lang='lat' dir='ltr'>Aliae</span> <span class='ocrx_word' id='word_1_488' title='bbox 1257 856 1390 891; x_wconf 76' lang='lat' dir='ltr'>quaedam</span> <span class='ocrx_word' id='word_1_489' title='bbox 1409 857 1628 886; x_wconf 65' lang='lat' dir='ltr'>«alectilalz&#39;ones</span> <span class='ocrx_word' id='word_1_490' title='bbox 1638 858 1856 895; x_wconf 69' lang='lat' dir='ltr'>pulcherrimae</span> <span class='ocrx_word' id='word_1_491' title='bbox 1868 872 1881 885; x_wconf 64' lang='lat'>&gt;1</span> 
     </span>
     <span class='ocr_line' id='line_1_77' title="bbox 1036 900 1883 941; baseline 0.009 -15"><span class='ocrx_word' id='word_1_492' title='bbox 1036 902 1101 927; x_wconf 92' lang='lat' dir='ltr'>sunt</span> <span class='ocrx_word' id='word_1_493' title='bbox 1114 900 1321 931; x_wconf 84' lang='lat' dir='ltr'>Bonaventurae</span> <span class='ocrx_word' id='word_1_494' title='bbox 1335 903 1454 932; x_wconf 82' lang='lat' dir='ltr'>tributae</span> <span class='ocrx_word' id='word_1_495' title='bbox 1470 904 1495 932; x_wconf 92' lang='lat' dir='ltr'>in</span> <span class='ocrx_word' id='word_1_496' title='bbox 1508 905 1627 941; x_wconf 79' lang='lat' dir='ltr'>quodam</span> <span class='ocrx_word' id='word_1_497' title='bbox 1640 906 1732 934; x_wconf 78' lang='lat' dir='ltr'>codice</span> <span class='ocrx_word' id='word_1_498' title='bbox 1747 914 1816 935; x_wconf 85' lang='lat' dir='ltr'>saec.</span> <span class='ocrx_word' id='word_1_499' title='bbox 1830 907 1883 935; x_wconf 81' lang='lat' dir='ltr'>XV.</span> 
     </span>
     <span class='ocr_line' id='line_1_78' title="bbox 1037 945 1884 989; baseline 0.011 -16"><span class='ocrx_word' id='word_1_500' title='bbox 1037 945 1160 975; x_wconf 88' lang='lat' dir='ltr'>biblioth.</span> <span class='ocrx_word' id='word_1_501' title='bbox 1173 948 1321 978; x_wconf 86' lang='lat' dir='ltr'>Nationalis</span> <span class='ocrx_word' id='word_1_502' title='bbox 1332 950 1523 987; x_wconf 74' lang='lat' dir='ltr'>Neapolitanae</span> <span class='ocrx_word' id='word_1_503' title='bbox 1538 956 1565 980; x_wconf 87' lang='grc'>61</span> <span class='ocrx_word' id='word_1_504' title='bbox 1580 952 1631 980; x_wconf 81' lang='lat' dir='ltr'>iani</span> <span class='ocrx_word' id='word_1_505' title='bbox 1650 953 1798 989; x_wconf 78' lang='lat' dir='ltr'>impressae</span> <span class='ocrx_word' id='word_1_506' title='bbox 1815 954 1884 982; x_wconf 89' lang='grc'><strong>111161·</strong></span> 
     </span>
     <span class='ocr_line' id='line_1_79' title="bbox 1035 995 1613 1029; baseline 0.012 -9"><span class='ocrx_word' id='word_1_507' title='bbox 1035 1000 1119 1029; x_wconf 80' lang='lat' dir='ltr'>opera</span> <span class='ocrx_word' id='word_1_508' title='bbox 1141 995 1166 1021; x_wconf 81' lang='lat' dir='ltr'>S.</span> <span class='ocrx_word' id='word_1_509' title='bbox 1190 995 1320 1029; x_wconf 80' lang='grc' dir='ltr'><strong>Α6561611,</strong></span> <span class='ocrx_word' id='word_1_510' title='bbox 1342 997 1430 1025; x_wconf 88' lang='lat' dir='ltr'>oratio</span> <span class='ocrx_word' id='word_1_511' title='bbox 1455 999 1497 1026; x_wconf 78' lang='lat'>15.</span> <span class='ocrx_word' id='word_1_512' title='bbox 1520 1002 1546 1026; x_wconf 89' lang='grc'>61</span> <span class='ocrx_word' id='word_1_513' title='bbox 1568 999 1613 1027; x_wconf 82' lang='grc'>37.</span> 
     </span>
    </p>

    <p class='ocr_par' dir='ltr' id='par_1_23' title="bbox 1116 1041 1492 1081">
     <span class='ocr_line' id='line_1_80' title="bbox 1116 1041 1492 1081; baseline 0.013 -14"><span class='ocrx_word' id='word_1_514' title='bbox 1116 1041 1160 1068; x_wconf 64' lang='lat' dir='ltr'>aa.</span> <span class='ocrx_word' id='word_1_515' title='bbox 1185 1042 1333 1078; x_wconf 62' lang='lat' dir='ltr'>Expositis)</span> <span class='ocrx_word' id='word_1_516' title='bbox 1356 1043 1492 1081; x_wconf 77' lang='lat' dir='ltr'>Syniboli.</span> 
     </span>
    </p>

    <p class='ocr_par' dir='ltr' id='par_1_24' title="bbox 1034 1088 1884 1413">
     <span class='ocr_line' id='line_1_81' title="bbox 1115 1088 1882 1132; baseline 0.01 -17"><span class='ocrx_word' id='word_1_517' title='bbox 1115 1088 1222 1125; x_wconf 81' lang='lat' dir='ltr'>Incipit:</span> <span class='ocrx_word' id='word_1_518' title='bbox 1245 1101 1257 1115; x_wconf 86' lang='lat'>«</span> <span class='ocrx_word' id='word_1_519' title='bbox 1269 1090 1486 1127; x_wconf 78' lang='lat' dir='ltr'>Conforlainini</span> <span class='ocrx_word' id='word_1_520' title='bbox 1496 1097 1520 1120; x_wconf 80' lang='lat' dir='ltr'>cl</span> <span class='ocrx_word' id='word_1_521' title='bbox 1533 1091 1632 1130; x_wconf 73' lang='lat' dir='ltr'>asscrlc</span> <span class='ocrx_word' id='word_1_522' title='bbox 1642 1094 1724 1122; x_wconf 75' lang='lat' dir='ltr'>nobis</span> <span class='ocrx_word' id='word_1_523' title='bbox 1736 1095 1770 1122; x_wconf 78' lang='lat' dir='ltr'>(lc</span> <span class='ocrx_word' id='word_1_524' title='bbox 1780 1094 1882 1132; x_wconf 75' lang='lat' dir='ltr'>fractu</span> 
     </span>
     <span class='ocr_line' id='line_1_82' title="bbox 1035 1135 1883 1177; baseline 0.009 -15"><span class='ocrx_word' id='word_1_525' title='bbox 1035 1137 1131 1163; x_wconf 76' lang='lat' dir='ltr'>terrae</span> <span class='ocrx_word' id='word_1_526' title='bbox 1146 1135 1234 1164; x_wconf 75' lang='lat' dir='ltr'>illius.</span> <span class='ocrx_word' id='word_1_527' title='bbox 1251 1137 1330 1165; x_wconf 90' lang='lat' dir='ltr'>Num.</span> <span class='ocrx_word' id='word_1_528' title='bbox 1350 1137 1400 1166; x_wconf 78' lang='lat'>13:</span> <span class='ocrx_word' id='word_1_529' title='bbox 1417 1138 1506 1166; x_wconf 87' lang='lat' dir='ltr'>Verba</span> <span class='ocrx_word' id='word_1_530' title='bbox 1521 1142 1586 1167; x_wconf 90' lang='lat' dir='ltr'>sunt</span> <span class='ocrx_word' id='word_1_531' title='bbox 1607 1139 1639 1167; x_wconf 82' lang='lat' dir='ltr'>ad</span> <span class='ocrx_word' id='word_1_532' title='bbox 1663 1140 1781 1169; x_wconf 82' lang='lat' dir='ltr'>litteram</span> <span class='ocrx_word' id='word_1_533' title='bbox 1801 1141 1883 1177; x_wconf 68' lang='lat' dir='ltr'>Moysi</span> 
     </span>
     <span class='ocr_line' id='line_1_83' title="bbox 1034 1181 1884 1218; baseline 0.009 -9"><span class='ocrx_word' id='word_1_534' title='bbox 1034 1181 1067 1209; x_wconf 86' lang='lat' dir='ltr'>ad</span> <span class='ocrx_word' id='word_1_535' title='bbox 1083 1182 1298 1218; x_wconf 78' lang='lat' dir='ltr'>exploratores»</span> <span class='ocrx_word' id='word_1_536' title='bbox 1318 1188 1369 1212; x_wconf 86' lang='lat' dir='ltr'>etc.</span> <span class='ocrx_word' id='word_1_537' title='bbox 1388 1201 1426 1204; x_wconf 85' lang='lat'>——</span> <span class='ocrx_word' id='word_1_538' title='bbox 1449 1185 1579 1214; x_wconf 82' lang='lat' dir='ltr'>Inventus</span> <span class='ocrx_word' id='word_1_539' title='bbox 1594 1190 1634 1215; x_wconf 87' lang='lat' dir='ltr'>est</span> <span class='ocrx_word' id='word_1_540' title='bbox 1649 1195 1665 1215; x_wconf 87' lang='lat' dir='ltr'>a</span> <span class='ocrx_word' id='word_1_541' title='bbox 1680 1188 1758 1216; x_wconf 90' lang='lat' dir='ltr'>nobis</span> <span class='ocrx_word' id='word_1_542' title='bbox 1780 1188 1805 1216; x_wconf 93' lang='lat' dir='ltr'>in</span> <span class='ocrx_word' id='word_1_543' title='bbox 1829 1197 1884 1217; x_wconf 88' lang='grc'><strong>11116</strong></span> 
     </span>
     <span class='ocr_line' id='line_1_84' title="bbox 1035 1229 1883 1272; baseline 0.008 -16"><span class='ocrx_word' id='word_1_544' title='bbox 1035 1229 1092 1257; x_wconf 87' lang='grc'><strong>5610</strong></span> <span class='ocrx_word' id='word_1_545' title='bbox 1114 1230 1214 1259; x_wconf 86' lang='lat' dir='ltr'>codice.</span> <span class='ocrx_word' id='word_1_546' title='bbox 1242 1231 1318 1267; x_wconf 88' lang='lat' dir='ltr'>Opus</span> <span class='ocrx_word' id='word_1_547' title='bbox 1344 1235 1385 1260; x_wconf 90' lang='lat' dir='ltr'>est</span> <span class='ocrx_word' id='word_1_548' title='bbox 1406 1236 1480 1261; x_wconf 83' lang='lat' dir='ltr'>certe</span> <span class='ocrx_word' id='word_1_549' title='bbox 1502 1234 1647 1270; x_wconf 86' lang='lat' dir='ltr'>antiquum</span> <span class='ocrx_word' id='word_1_550' title='bbox 1670 1243 1720 1263; x_wconf 90' lang='lat' dir='ltr'>nec</span> <span class='ocrx_word' id='word_1_551' title='bbox 1743 1235 1883 1272; x_wconf 76' lang='lat' dir='ltr'>indignum</span> 
     </span>
     <span class='ocr_line' id='line_1_85' title="bbox 1035 1276 1883 1319; baseline 0.008 -16"><span class='ocrx_word' id='word_1_552' title='bbox 1035 1276 1059 1303; x_wconf 84' lang='lat' dir='ltr'>S.</span> <span class='ocrx_word' id='word_1_553' title='bbox 1077 1276 1201 1306; x_wconf 88' lang='lat' dir='ltr'>Doctore.</span> <span class='ocrx_word' id='word_1_554' title='bbox 1218 1278 1236 1305; x_wconf 77' lang='lat' dir='ltr'><strong>A</strong></span> <span class='ocrx_word' id='word_1_555' title='bbox 1253 1286 1335 1306; x_wconf 92' lang='lat' dir='ltr'>manu</span> <span class='ocrx_word' id='word_1_556' title='bbox 1359 1280 1511 1315; x_wconf 84' lang='lat' dir='ltr'>posteriore</span> <span class='ocrx_word' id='word_1_557' title='bbox 1532 1284 1559 1309; x_wconf 91' lang='lat' dir='ltr'>et</span> <span class='ocrx_word' id='word_1_558' title='bbox 1580 1288 1649 1309; x_wconf 84' lang='lat' dir='ltr'>saec.</span> <span class='ocrx_word' id='word_1_559' title='bbox 1672 1282 1726 1309; x_wconf 84' lang='lat' dir='ltr'>XV.</span> <span class='ocrx_word' id='word_1_560' title='bbox 1749 1283 1883 1319; x_wconf 86' lang='lat' dir='ltr'>scriptum</span> 
     </span>
     <span class='ocr_line' id='line_1_86' title="bbox 1035 1323 1884 1357; baseline 0.008 -7"><span class='ocrx_word' id='word_1_561' title='bbox 1035 1326 1076 1350; x_wconf 87' lang='lat' dir='ltr'>est</span> <span class='ocrx_word' id='word_1_562' title='bbox 1098 1323 1124 1351; x_wconf 94' lang='grc'>16</span> <span class='ocrx_word' id='word_1_563' title='bbox 1147 1324 1274 1353; x_wconf 83' lang='lat' dir='ltr'>chartula</span> <span class='ocrx_word' id='word_1_564' title='bbox 1289 1325 1373 1353; x_wconf 86' lang='lat' dir='ltr'>codici</span> <span class='ocrx_word' id='word_1_565' title='bbox 1390 1327 1516 1355; x_wconf 83' lang='lat' dir='ltr'>exterius</span> <span class='ocrx_word' id='word_1_566' title='bbox 1530 1327 1615 1355; x_wconf 84' lang='lat' dir='ltr'>affixa</span> <span class='ocrx_word' id='word_1_567' title='bbox 1630 1336 1728 1357; x_wconf 84' lang='lat' dir='ltr'>nornen</span> <span class='ocrx_word' id='word_1_568' title='bbox 1746 1329 1884 1357; x_wconf 60' lang='grc'><strong>13666166-</strong></span> 
     </span>
     <span class='ocr_line' id='line_1_87' title="bbox 1035 1371 1882 1413; baseline 0.008 -15"><span class='ocrx_word' id='word_1_569' title='bbox 1035 1373 1122 1399; x_wconf 90' lang='lat' dir='ltr'>turae.</span> <span class='ocrx_word' id='word_1_570' title='bbox 1139 1371 1192 1399; x_wconf 90' lang='lat' dir='ltr'>Hoc</span> <span class='ocrx_word' id='word_1_571' title='bbox 1214 1372 1401 1401; x_wconf 86' lang='lat' dir='ltr'>testimonium</span> <span class='ocrx_word' id='word_1_572' title='bbox 1424 1382 1477 1402; x_wconf 94' lang='lat' dir='ltr'>non</span> <span class='ocrx_word' id='word_1_573' title='bbox 1494 1375 1604 1409; x_wconf 84' lang='lat' dir='ltr'>sufficit,</span> <span class='ocrx_word' id='word_1_574' title='bbox 1621 1379 1651 1404; x_wconf 90' lang='lat' dir='ltr'>ut</span> <span class='ocrx_word' id='word_1_575' title='bbox 1667 1376 1716 1413; x_wconf 87' lang='lat' dir='ltr'>ipsi</span> <span class='ocrx_word' id='word_1_576' title='bbox 1734 1376 1882 1405; x_wconf 76' lang='lat' dir='ltr'>tribuatur.</span> 
     </span>
    </p>

    <p class='ocr_par' dir='ltr' id='par_1_25' title="bbox 1030 1418 1883 2256">
     <span class='ocr_line' id='line_1_88' title="bbox 1112 1418 1883 1459; baseline 0.008 -13"><span class='ocrx_word' id='word_1_577' title='bbox 1112 1418 1207 1453; x_wconf 83' lang='lat' dir='ltr'>Quoad</span> <span class='ocrx_word' id='word_1_578' title='bbox 1228 1427 1376 1448; x_wconf 72' lang='lat' dir='ltr'>sermones</span> <span class='ocrx_word' id='word_1_579' title='bbox 1398 1421 1421 1448; x_wconf 87' lang='lat' dir='ltr'>S.</span> <span class='ocrx_word' id='word_1_580' title='bbox 1439 1421 1646 1451; x_wconf 82' lang='lat' dir='ltr'>Bonaventurae</span> <span class='ocrx_word' id='word_1_581' title='bbox 1668 1423 1779 1459; x_wconf 88' lang='lat' dir='ltr'>plurimi</span> <span class='ocrx_word' id='word_1_582' title='bbox 1803 1427 1883 1458; x_wconf 78' lang='lat' dir='ltr'>sunt,</span> 
     </span>
     <span class='ocr_line' id='line_1_89' title="bbox 1034 1464 1882 1505; baseline 0.008 -13"><span class='ocrx_word' id='word_1_583' title='bbox 1034 1464 1080 1501; x_wconf 89' lang='lat' dir='ltr'>qui</span> <span class='ocrx_word' id='word_1_584' title='bbox 1104 1465 1162 1493; x_wconf 90' lang='lat' dir='ltr'>sine</span> <span class='ocrx_word' id='word_1_585' title='bbox 1182 1466 1287 1495; x_wconf 85' lang='lat' dir='ltr'>ratione</span> <span class='ocrx_word' id='word_1_586' title='bbox 1309 1467 1455 1496; x_wconf 85' lang='lat' dir='ltr'>sufficienti</span> <span class='ocrx_word' id='word_1_587' title='bbox 1479 1469 1686 1499; x_wconf 81' lang='lat' dir='ltr'>Bonaventurae</span> <span class='ocrx_word' id='word_1_588' title='bbox 1709 1471 1882 1505; x_wconf 82' lang='lat' dir='ltr'>tribuuntur,</span> 
     </span>
     <span class='ocr_line' id='line_1_90' title="bbox 1034 1513 1883 1551; baseline 0.007 -11"><span class='ocrx_word' id='word_1_589' title='bbox 1034 1520 1103 1548; x_wconf 89' lang='lat' dir='ltr'>quos</span> <span class='ocrx_word' id='word_1_590' title='bbox 1125 1513 1169 1541; x_wconf 87' lang='lat' dir='ltr'>hic</span> <span class='ocrx_word' id='word_1_591' title='bbox 1192 1518 1287 1542; x_wconf 83' lang='lat' dir='ltr'>notare</span> <span class='ocrx_word' id='word_1_592' title='bbox 1309 1522 1362 1542; x_wconf 89' lang='lat' dir='ltr'>non</span> <span class='ocrx_word' id='word_1_593' title='bbox 1387 1519 1471 1544; x_wconf 84' lang='lat' dir='ltr'>vacat.</span> <span class='ocrx_word' id='word_1_594' title='bbox 1489 1516 1666 1545; x_wconf 85' lang='lat' dir='ltr'>Solummodo</span> <span class='ocrx_word' id='word_1_595' title='bbox 1682 1517 1812 1551; x_wconf 88' lang='lat' dir='ltr'>dicimus,</span> <span class='ocrx_word' id='word_1_596' title='bbox 1828 1526 1883 1546; x_wconf 87' lang='lat' dir='ltr'>ser-</span> 
     </span>
     <span class='ocr_line' id='line_1_91' title="bbox 1034 1560 1882 1595; baseline 0.008 -9"><span class='ocrx_word' id='word_1_597' title='bbox 1034 1566 1128 1588; x_wconf 86' lang='lat' dir='ltr'>mones</span> <span class='ocrx_word' id='word_1_598' title='bbox 1143 1560 1185 1587; x_wconf 88' lang='lat' dir='ltr'>Fr.</span> <span class='ocrx_word' id='word_1_599' title='bbox 1202 1560 1353 1590; x_wconf 66' lang='lat' dir='ltr'>Eustachii</span> <span class='ocrx_word' id='word_1_600' title='bbox 1367 1562 1397 1590; x_wconf 89' lang='lat' dir='ltr'>O.</span> <span class='ocrx_word' id='word_1_601' title='bbox 1415 1563 1457 1595; x_wconf 80' lang='lat' dir='ltr'>M..</span> <span class='ocrx_word' id='word_1_602' title='bbox 1474 1563 1500 1591; x_wconf 95' lang='lat' dir='ltr'>in</span> <span class='ocrx_word' id='word_1_603' title='bbox 1517 1563 1607 1591; x_wconf 88' lang='lat' dir='ltr'>libello</span> <span class='ocrx_word' id='word_1_604' title='bbox 1620 1564 1705 1592; x_wconf 76' lang='lat' dir='ltr'>Ratio</span> <span class='ocrx_word' id='word_1_605' title='bbox 1721 1573 1812 1592; x_wconf 76' lang='lat' dir='ltr'>novae</span> <span class='ocrx_word' id='word_1_606' title='bbox 1827 1565 1882 1593; x_wconf 77' lang='lat' dir='ltr'>col-</span> 
     </span>
     <span class='ocr_line' id='line_1_92' title="bbox 1034 1604 1882 1648; baseline 0.008 -16"><span class='ocrx_word' id='word_1_607' title='bbox 1034 1604 1161 1634; x_wconf 75' lang='lat' dir='ltr'>lectionis</span> <span class='ocrx_word' id='word_1_608' title='bbox 1173 1610 1234 1641; x_wconf 67' lang='lat' dir='ltr'>etc„</span> <span class='ocrx_word' id='word_1_609' title='bbox 1248 1615 1263 1635; x_wconf 88' lang='lat' dir='ltr'>a</span> <span class='ocrx_word' id='word_1_610' title='bbox 1274 1608 1300 1635; x_wconf 89' lang='lat' dir='ltr'>P.</span> <span class='ocrx_word' id='word_1_611' title='bbox 1310 1608 1391 1636; x_wconf 87' lang='lat' dir='ltr'>Fideli</span> <span class='ocrx_word' id='word_1_612' title='bbox 1405 1613 1499 1645; x_wconf 88' lang='lat' dir='ltr'>postea</span> <span class='ocrx_word' id='word_1_613' title='bbox 1511 1610 1610 1638; x_wconf 89' lang='lat' dir='ltr'>melius</span> <span class='ocrx_word' id='word_1_614' title='bbox 1621 1611 1757 1639; x_wconf 86' lang='lat' dir='ltr'>instructo</span> <span class='ocrx_word' id='word_1_615' title='bbox 1769 1614 1882 1648; x_wconf 87' lang='lat' dir='ltr'>propter</span> 
     </span>
     <span class='ocr_line' id='line_1_93' title="bbox 1033 1654 1882 1690; baseline 0.008 -10"><span class='ocrx_word' id='word_1_616' title='bbox 1033 1661 1157 1681; x_wconf 88' lang='lat' dir='ltr'>errorem</span> <span class='ocrx_word' id='word_1_617' title='bbox 1181 1654 1259 1690; x_wconf 89' lang='lat' dir='ltr'>prius</span> <span class='ocrx_word' id='word_1_618' title='bbox 1280 1654 1337 1683; x_wconf 87' lang='lat' dir='ltr'>sere</span> <span class='ocrx_word' id='word_1_619' title='bbox 1367 1663 1540 1684; x_wconf 83' lang='lat' dir='ltr'>communem</span> <span class='ocrx_word' id='word_1_620' title='bbox 1564 1657 1682 1686; x_wconf 88' lang='lat' dir='ltr'>tributos</span> <span class='ocrx_word' id='word_1_621' title='bbox 1704 1665 1763 1686; x_wconf 87' lang='lat' dir='ltr'>esse</span> <span class='ocrx_word' id='word_1_622' title='bbox 1785 1659 1809 1686; x_wconf 84' lang='lat' dir='ltr'>S.</span> <span class='ocrx_word' id='word_1_623' title='bbox 1833 1658 1882 1687; x_wconf 91' lang='lat' dir='ltr'>Bo-</span> 
     </span>
     <span class='ocr_line' id='line_1_94' title="bbox 1033 1702 1882 1737; baseline 0.006 -9"><span class='ocrx_word' id='word_1_624' title='bbox 1033 1704 1212 1736; x_wconf 71' lang='lat' dir='ltr'>naventuiae,</span> <span class='ocrx_word' id='word_1_625' title='bbox 1228 1702 1293 1737; x_wconf 81' lang='lat' dir='ltr'>quia</span> <span class='ocrx_word' id='word_1_626' title='bbox 1315 1710 1345 1730; x_wconf 88' lang='lat' dir='ltr'>re</span> <span class='ocrx_word' id='word_1_627' title='bbox 1362 1710 1425 1731; x_wconf 81' lang='lat' dir='ltr'>vera</span> <span class='ocrx_word' id='word_1_628' title='bbox 1447 1703 1472 1731; x_wconf 90' lang='lat' dir='ltr'>S.</span> <span class='ocrx_word' id='word_1_629' title='bbox 1488 1703 1597 1732; x_wconf 88' lang='lat' dir='ltr'>Doctori</span> <span class='ocrx_word' id='word_1_630' title='bbox 1615 1707 1674 1732; x_wconf 90' lang='lat' dir='ltr'>tum</span> <span class='ocrx_word' id='word_1_631' title='bbox 1694 1705 1720 1732; x_wconf 86' lang='lat' dir='ltr'>in</span> <span class='ocrx_word' id='word_1_632' title='bbox 1743 1706 1882 1734; x_wconf 90' lang='lat' dir='ltr'>nonnullis</span> 
     </span>
     <span class='ocr_line' id='line_1_95' title="bbox 1033 1747 1882 1788; baseline 0.006 -13"><span class='ocrx_word' id='word_1_633' title='bbox 1033 1747 1173 1776; x_wconf 85' lang='lat' dir='ltr'>codicibus</span> <span class='ocrx_word' id='word_1_634' title='bbox 1195 1752 1253 1777; x_wconf 90' lang='lat' dir='ltr'>tum</span> <span class='ocrx_word' id='word_1_635' title='bbox 1277 1749 1386 1786; x_wconf 85' lang='lat' dir='ltr'>abipso</span> <span class='ocrx_word' id='word_1_636' title='bbox 1407 1749 1538 1778; x_wconf 86' lang='lat' dir='ltr'>Gersonio</span> <span class='ocrx_word' id='word_1_637' title='bbox 1553 1754 1580 1779; x_wconf 87' lang='grc'>61</span> <span class='ocrx_word' id='word_1_638' title='bbox 1595 1751 1747 1779; x_wconf 86' lang='lat' dir='ltr'>Trithemio</span> <span class='ocrx_word' id='word_1_639' title='bbox 1766 1752 1882 1788; x_wconf 87' lang='lat' dir='ltr'>aliisque</span> 
     </span>
     <span class='ocr_line' id='line_1_96' title="bbox 1032 1797 1881 1836; baseline 0.006 -14"><span class='ocrx_word' id='word_1_640' title='bbox 1032 1798 1142 1831; x_wconf 83' lang='lat' dir='ltr'>praeter</span> <span class='ocrx_word' id='word_1_641' title='bbox 1158 1804 1257 1824; x_wconf 87' lang='lat' dir='ltr'>nomen</span> <span class='ocrx_word' id='word_1_642' title='bbox 1270 1797 1478 1826; x_wconf 87' lang='lat' dir='ltr'>Bonaventurae</span> <span class='ocrx_word' id='word_1_643' title='bbox 1490 1797 1603 1831; x_wconf 81' lang='lat' dir='ltr'>(Graece</span> <span class='ocrx_word' id='word_1_644' title='bbox 1618 1798 1788 1836; x_wconf 67' lang='lat' dir='ltr'>Eutychiae)</span> <span class='ocrx_word' id='word_1_645' title='bbox 1800 1799 1881 1827; x_wconf 87' lang='lat' dir='ltr'>etiam</span> 
     </span>
     <span class='ocr_line' id='line_1_97' title="bbox 1033 1842 1882 1881; baseline 0.005 -11"><span class='ocrx_word' id='word_1_646' title='bbox 1033 1850 1132 1871; x_wconf 91' lang='lat' dir='ltr'>nomen</span> <span class='ocrx_word' id='word_1_647' title='bbox 1168 1842 1321 1872; x_wconf 69' lang='lat' dir='ltr'>Eustachii</span> <span class='ocrx_word' id='word_1_648' title='bbox 1350 1844 1490 1873; x_wconf 89' lang='lat' dir='ltr'>interdum</span> <span class='ocrx_word' id='word_1_649' title='bbox 1523 1845 1725 1881; x_wconf 87' lang='lat' dir='ltr'>imponebatur.</span> <span class='ocrx_word' id='word_1_650' title='bbox 1758 1846 1882 1874; x_wconf 89' lang='lat' dir='ltr'>Fuerunt</span> 
     </span>
     <span class='ocr_line' id='line_1_98' title="bbox 1032 1890 1882 1929; baseline 0.005 -12"><span class='ocrx_word' id='word_1_651' title='bbox 1032 1892 1123 1918; x_wconf 81' lang='lat' dir='ltr'>tamen</span> <span class='ocrx_word' id='word_1_652' title='bbox 1144 1890 1188 1918; x_wconf 85' lang='lat' dir='ltr'>alii</span> <span class='ocrx_word' id='word_1_653' title='bbox 1211 1891 1238 1918; x_wconf 93' lang='grc'>16</span> <span class='ocrx_word' id='word_1_654' title='bbox 1260 1890 1363 1919; x_wconf 88' lang='lat' dir='ltr'>Ordine</span> <span class='ocrx_word' id='word_1_655' title='bbox 1388 1892 1525 1920; x_wconf 86' lang='lat' dir='ltr'>Minorum</span> <span class='ocrx_word' id='word_1_656' title='bbox 1555 1892 1678 1927; x_wconf 82' lang='lat' dir='ltr'>Fratres,</span> <span class='ocrx_word' id='word_1_657' title='bbox 1701 1893 1747 1929; x_wconf 86' lang='lat' dir='ltr'>qui</span> <span class='ocrx_word' id='word_1_658' title='bbox 1778 1893 1882 1922; x_wconf 84' lang='lat' dir='ltr'>habue-</span> 
     </span>
     <span class='ocr_line' id='line_1_99' title="bbox 1033 1937 1880 1976; baseline 0.005 -12"><span class='ocrx_word' id='word_1_659' title='bbox 1033 1940 1099 1964; x_wconf 89' lang='lat' dir='ltr'>runt</span> <span class='ocrx_word' id='word_1_660' title='bbox 1120 1945 1221 1966; x_wconf 87' lang='lat' dir='ltr'>nomen</span> <span class='ocrx_word' id='word_1_661' title='bbox 1255 1937 1424 1971; x_wconf 74' lang='lat' dir='ltr'>Eustachii,</span> <span class='ocrx_word' id='word_1_662' title='bbox 1448 1939 1610 1975; x_wconf 83' lang='lat' dir='ltr'>praesertim</span> <span class='ocrx_word' id='word_1_663' title='bbox 1644 1939 1737 1968; x_wconf 87' lang='lat' dir='ltr'>Gallus</span> <span class='ocrx_word' id='word_1_664' title='bbox 1759 1940 1880 1976; x_wconf 85' lang='lat' dir='ltr'>quidam,</span> 
     </span>
     <span class='ocr_line' id='line_1_100' title="bbox 1033 1982 1881 2021; baseline 0.005 -10"><span class='ocrx_word' id='word_1_665' title='bbox 1033 1982 1241 2012; x_wconf 82' lang='lat' dir='ltr'>Bonaventurae</span> <span class='ocrx_word' id='word_1_666' title='bbox 1256 1992 1374 2013; x_wconf 86' lang='lat' dir='ltr'>coaevus</span> <span class='ocrx_word' id='word_1_667' title='bbox 1389 1993 1423 2013; x_wconf 83' lang='lat' dir='ltr'>ex</span> <span class='ocrx_word' id='word_1_668' title='bbox 1440 1985 1550 2014; x_wconf 86' lang='lat' dir='ltr'>civitate</span> <span class='ocrx_word' id='word_1_669' title='bbox 1565 1986 1683 2014; x_wconf 82' lang='lat' dir='ltr'>Atrebati</span> <span class='ocrx_word' id='word_1_670' title='bbox 1700 1987 1821 2021; x_wconf 79' lang='lat' dir='ltr'>(Arras),</span> <span class='ocrx_word' id='word_1_671' title='bbox 1838 1994 1881 2015; x_wconf 87' lang='lat' dir='ltr'>ce-</span> 
     </span>
     <span class='ocr_line' id='line_1_101' title="bbox 1032 2029 1879 2068; baseline 0.005 -10"><span class='ocrx_word' id='word_1_672' title='bbox 1032 2029 1117 2058; x_wconf 84' lang='lat' dir='ltr'>lebris</span> <span class='ocrx_word' id='word_1_673' title='bbox 1138 2031 1323 2067; x_wconf 80' lang='lat' dir='ltr'>praedicator,</span> <span class='ocrx_word' id='word_1_674' title='bbox 1346 2032 1393 2068; x_wconf 86' lang='lat' dir='ltr'>qui</span> <span class='ocrx_word' id='word_1_675' title='bbox 1423 2032 1591 2068; x_wconf 84' lang='lat' dir='ltr'>praedicavit</span> <span class='ocrx_word' id='word_1_676' title='bbox 1619 2033 1700 2062; x_wconf 82' lang='lat' dir='ltr'>etiam</span> <span class='ocrx_word' id='word_1_677' title='bbox 1724 2036 1765 2062; x_wconf 86' lang='lat' dir='ltr'>ter</span> <span class='ocrx_word' id='word_1_678' title='bbox 1787 2041 1879 2062; x_wconf 84' lang='lat' dir='ltr'>coram</span> 
     </span>
     <span class='ocr_line' id='line_1_102' title="bbox 1031 2077 1881 2115; baseline 0.005 -10"><span class='ocrx_word' id='word_1_679' title='bbox 1031 2084 1096 2114; x_wconf 82' lang='lat' dir='ltr'>rege</span> <span class='ocrx_word' id='word_1_680' title='bbox 1117 2077 1234 2112; x_wconf 86' lang='lat' dir='ltr'>Galliae,</span> <span class='ocrx_word' id='word_1_681' title='bbox 1256 2082 1288 2107; x_wconf 89' lang='lat' dir='ltr'>ut</span> <span class='ocrx_word' id='word_1_682' title='bbox 1319 2082 1395 2115; x_wconf 87' lang='lat' dir='ltr'>patet</span> <span class='ocrx_word' id='word_1_683' title='bbox 1425 2087 1461 2108; x_wconf 78' lang='lat' dir='ltr'>ex</span> <span class='ocrx_word' id='word_1_684' title='bbox 1490 2080 1610 2108; x_wconf 85' lang='lat' dir='ltr'>rubricis</span> <span class='ocrx_word' id='word_1_685' title='bbox 1641 2080 1742 2109; x_wconf 88' lang='lat' dir='ltr'>codicis</span> <span class='ocrx_word' id='word_1_686' title='bbox 1770 2080 1881 2109; x_wconf 73' lang='lat' dir='ltr'>Ambro-</span> 
     </span>
     <span class='ocr_line' id='line_1_103' title="bbox 1030 2123 1879 2161; baseline 0.005 -9"><span class='ocrx_word' id='word_1_687' title='bbox 1030 2123 1112 2158; x_wconf 83' lang='lat' dir='ltr'>siani,</span> <span class='ocrx_word' id='word_1_688' title='bbox 1135 2133 1219 2161; x_wconf 86' lang='lat' dir='ltr'>quem</span> <span class='ocrx_word' id='word_1_689' title='bbox 1248 2126 1275 2153; x_wconf 93' lang='lat' dir='ltr'>in</span> <span class='ocrx_word' id='word_1_690' title='bbox 1299 2129 1372 2154; x_wconf 89' lang='lat' dir='ltr'>tomo</span> <span class='ocrx_word' id='word_1_691' title='bbox 1399 2130 1495 2155; x_wconf 86' lang='lat' dir='ltr'>nostro</span> <span class='ocrx_word' id='word_1_692' title='bbox 1525 2127 1564 2154; x_wconf 77' lang='lat' dir='ltr'>lx.</span> <span class='ocrx_word' id='word_1_693' title='bbox 1592 2127 1671 2156; x_wconf 86' lang='lat' dir='ltr'>toties</span> <span class='ocrx_word' id='word_1_694' title='bbox 1692 2127 1879 2156; x_wconf 85' lang='lat' dir='ltr'>adhibuimus.</span> 
     </span>
     <span class='ocr_line' id='line_1_104' title="bbox 1032 2171 1880 2212; baseline 0.005 -13"><span class='ocrx_word' id='word_1_695' title='bbox 1032 2171 1085 2199; x_wconf 87' lang='lat' dir='ltr'>Csr.</span> <span class='ocrx_word' id='word_1_696' title='bbox 1108 2175 1235 2200; x_wconf 90' lang='lat' dir='ltr'>nostrum</span> <span class='ocrx_word' id='word_1_697' title='bbox 1258 2172 1431 2210; x_wconf 89' lang='lat' dir='ltr'>Opusculum</span> <span class='ocrx_word' id='word_1_698' title='bbox 1458 2174 1492 2202; x_wconf 74' lang='lat' dir='ltr'>cle</span> <span class='ocrx_word' id='word_1_699' title='bbox 1520 2174 1677 2203; x_wconf 65' lang='lat' dir='ltr'>[firmanae</span> <span class='ocrx_word' id='word_1_700' title='bbox 1708 2175 1880 2212; x_wconf 73' lang='lat' dir='ltr'>coynitionis</span> 
     </span>
     <span class='ocr_line' id='line_1_105' title="bbox 1032 2218 1484 2256; baseline 0.007 -11"><span class='ocrx_word' id='word_1_701' title='bbox 1032 2218 1162 2252; x_wconf 77' lang='lat' dir='ltr'>racione,</span> <span class='ocrx_word' id='word_1_702' title='bbox 1185 2219 1289 2256; x_wconf 82' lang='lat' dir='ltr'>Proleg.</span> <span class='ocrx_word' id='word_1_703' title='bbox 1314 2228 1373 2256; x_wconf 83' lang='lat' dir='ltr'>pag.</span> <span class='ocrx_word' id='word_1_704' title='bbox 1396 2220 1484 2248; x_wconf 85' lang='lat' dir='ltr'>XVlll.</span> 
     </span>
    </p>

    <p class='ocr_par' dir='ltr' id='par_1_26' title="bbox 1030 2264 1879 2491">
     <span class='ocr_line' id='line_1_106' title="bbox 1109 2264 1879 2302; baseline 0.003 -9"><span class='ocrx_word' id='word_1_705' title='bbox 1109 2264 1234 2302; x_wconf 83' lang='lat' dir='ltr'>Denique</span> <span class='ocrx_word' id='word_1_706' title='bbox 1255 2266 1452 2300; x_wconf 82' lang='lat' dir='ltr'>observamus,</span> <span class='ocrx_word' id='word_1_707' title='bbox 1468 2267 1642 2295; x_wconf 86' lang='lat' dir='ltr'>notissimum</span> <span class='ocrx_word' id='word_1_708' title='bbox 1658 2267 1726 2295; x_wconf 90' lang='lat' dir='ltr'>illud</span> <span class='ocrx_word' id='word_1_709' title='bbox 1741 2268 1774 2296; x_wconf 87' lang='lat' dir='ltr'>de</span> <span class='ocrx_word' id='word_1_710' title='bbox 1790 2268 1814 2295; x_wconf 88' lang='lat' dir='ltr'>S.</span> <span class='ocrx_word' id='word_1_711' title='bbox 1831 2269 1879 2295; x_wconf 81' lang='lat' dir='ltr'>An-</span> 
     </span>
     <span class='ocr_line' id='line_1_107' title="bbox 1032 2312 1874 2351; baseline 0.002 -11"><span class='ocrx_word' id='word_1_712' title='bbox 1032 2312 1105 2340; x_wconf 87' lang='lat' dir='ltr'>tonio</span> <span class='ocrx_word' id='word_1_713' title='bbox 1128 2313 1254 2341; x_wconf 82' lang='lat' dir='ltr'>Paduano</span> <span class='ocrx_word' id='word_1_714' title='bbox 1276 2313 1484 2349; x_wconf 89' lang='lat' dir='ltr'>responsorium</span> <span class='ocrx_word' id='word_1_715' title='bbox 1512 2314 1565 2342; x_wconf 88' lang='lat' dir='ltr'>«Si</span> <span class='ocrx_word' id='word_1_716' title='bbox 1587 2314 1699 2351; x_wconf 85' lang='lat' dir='ltr'>quaeris</span> <span class='ocrx_word' id='word_1_717' title='bbox 1715 2314 1848 2342; x_wconf 83' lang='lat' dir='ltr'>miracula</span> <span class='ocrx_word' id='word_1_718' title='bbox 1861 2326 1874 2339; x_wconf 87' lang='lat'>»</span> 
     </span>
     <span class='ocr_line' id='line_1_108' title="bbox 1030 2359 1879 2394; baseline 0.002 -7"><span class='ocrx_word' id='word_1_719' title='bbox 1030 2367 1046 2386; x_wconf 84' lang='lat' dir='ltr'>a</span> <span class='ocrx_word' id='word_1_720' title='bbox 1069 2359 1207 2388; x_wconf 87' lang='lat' dir='ltr'>nonnullis</span> <span class='ocrx_word' id='word_1_721' title='bbox 1227 2359 1296 2388; x_wconf 83' lang='lat' dir='ltr'>salso</span> <span class='ocrx_word' id='word_1_722' title='bbox 1327 2360 1441 2388; x_wconf 79' lang='lat' dir='ltr'>attribui</span> <span class='ocrx_word' id='word_1_723' title='bbox 1474 2360 1698 2394; x_wconf 83' lang='lat' dir='ltr'>Bonaventurae,</span> <span class='ocrx_word' id='word_1_724' title='bbox 1720 2369 1783 2389; x_wconf 89' lang='lat' dir='ltr'>cum</span> <span class='ocrx_word' id='word_1_725' title='bbox 1806 2369 1879 2389; x_wconf 89' lang='lat' dir='ltr'>nunc</span> 
     </span>
     <span class='ocr_line' id='line_1_109' title="bbox 1031 2406 1878 2444; baseline 0.001 -10"><span class='ocrx_word' id='word_1_726' title='bbox 1031 2406 1096 2434; x_wconf 81' lang='lat' dir='ltr'>satis</span> <span class='ocrx_word' id='word_1_727' title='bbox 1117 2409 1238 2440; x_wconf 89' lang='lat' dir='ltr'>constet,</span> <span class='ocrx_word' id='word_1_728' title='bbox 1261 2406 1328 2435; x_wconf 88' lang='lat' dir='ltr'>illud</span> <span class='ocrx_word' id='word_1_729' title='bbox 1351 2407 1442 2443; x_wconf 86' lang='lat' dir='ltr'>potius</span> <span class='ocrx_word' id='word_1_730' title='bbox 1457 2415 1517 2436; x_wconf 88' lang='lat' dir='ltr'>esse</span> <span class='ocrx_word' id='word_1_731' title='bbox 1532 2408 1583 2436; x_wconf 85' lang='lat' dir='ltr'>Fr.</span> <span class='ocrx_word' id='word_1_732' title='bbox 1600 2407 1713 2436; x_wconf 79' lang='lat' dir='ltr'>Iuliani</span> <span class='ocrx_word' id='word_1_733' title='bbox 1734 2416 1753 2435; x_wconf 86' lang='lat' dir='ltr'>a</span> <span class='ocrx_word' id='word_1_734' title='bbox 1778 2407 1878 2444; x_wconf 80' lang='lat' dir='ltr'>sz&#39;ra,</span> 
     </span>
     <span class='ocr_line' id='line_1_110' title="bbox 1031 2453 1588 2491; baseline 0.004 -10"><span class='ocrx_word' id='word_1_735' title='bbox 1031 2453 1077 2489; x_wconf 88' lang='lat' dir='ltr'>qui</span> <span class='ocrx_word' id='word_1_736' title='bbox 1101 2453 1183 2481; x_wconf 78' lang='lat' dir='ltr'>vitani</span> <span class='ocrx_word' id='word_1_737' title='bbox 1207 2454 1292 2482; x_wconf 88' lang='grc'><strong>1161115</strong></span> <span class='ocrx_word' id='word_1_738' title='bbox 1313 2454 1402 2482; x_wconf 83' lang='lat' dir='ltr'>Sancti</span> <span class='ocrx_word' id='word_1_739' title='bbox 1426 2455 1588 2491; x_wconf 87' lang='lat' dir='ltr'>composuit.</span> 
     </span>
    </p>

    <p class='ocr_par' dir='ltr' id='par_1_27' title="bbox 1031 2501 1879 2576">
     <span class='ocr_line' id='line_1_111' title="bbox 1109 2501 1879 2538; baseline 0.001 -10"><span class='ocrx_word' id='word_1_740' title='bbox 1109 2502 1126 2536; x_wconf 51' lang='grc' dir='ltr'>ᾗ</span> <span class='ocrx_word' id='word_1_741' title='bbox 1148 2501 1173 2529; x_wconf 86' lang='grc'>3.</span> <span class='ocrx_word' id='word_1_742' title='bbox 1199 2501 1237 2529; x_wconf 76' lang='lat' dir='ltr'>De</span> <span class='ocrx_word' id='word_1_743' title='bbox 1257 2501 1377 2538; x_wconf 68' lang='lat' dir='ltr'>seriptis</span> <span class='ocrx_word' id='word_1_744' title='bbox 1391 2502 1504 2538; x_wconf 65' lang='lat' dir='ltr'>spuriis</span> <span class='ocrx_word' id='word_1_745' title='bbox 1520 2510 1538 2529; x_wconf 82' lang='lat' dir='ltr'>a</span> <span class='ocrx_word' id='word_1_746' title='bbox 1554 2501 1665 2530; x_wconf 81' lang='lat' dir='ltr'>Bonelli</span> <span class='ocrx_word' id='word_1_747' title='bbox 1683 2502 1714 2530; x_wconf 81' lang='lat' dir='ltr'>in</span> <span class='ocrx_word' id='word_1_748' title='bbox 1728 2510 1782 2530; x_wconf 74' lang='lat' dir='ltr'>sao</span> <span class='ocrx_word' id='word_1_749' title='bbox 1804 2502 1879 2530; x_wconf 81' lang='lat' dir='ltr'>Pro-</span> 
     </span>
     <span class='ocr_line' id='line_1_112' title="bbox 1031 2548 1270 2576; baseline -0.004 0"><span class='ocrx_word' id='word_1_750' title='bbox 1031 2548 1133 2576; x_wconf 67' lang='lat' dir='ltr'>cli-omo</span> <span class='ocrx_word' id='word_1_751' title='bbox 1154 2548 1270 2576; x_wconf 73' lang='lat' dir='ltr'>notatis.</span> 
     </span>
    </p>

    <p class='ocr_par' dir='ltr' id='par_1_28' title="bbox 1031 2595 1878 2671">
     <span class='ocr_line' id='line_1_113' title="bbox 1110 2595 1878 2631; baseline 0.001 -8"><span class='ocrx_word' id='word_1_752' title='bbox 1110 2595 1220 2624; x_wconf 85' lang='lat' dir='ltr'>Praeter</span> <span class='ocrx_word' id='word_1_753' title='bbox 1242 2595 1294 2623; x_wconf 82' lang='lat' dir='ltr'>iam</span> <span class='ocrx_word' id='word_1_754' title='bbox 1317 2598 1410 2623; x_wconf 81' lang='lat' dir='ltr'>notata</span> <span class='ocrx_word' id='word_1_755' title='bbox 1431 2603 1515 2631; x_wconf 86' lang='lat' dir='ltr'>opera</span> <span class='ocrx_word' id='word_1_756' title='bbox 1536 2595 1667 2623; x_wconf 83' lang='lat' dir='ltr'>nonnulla</span> <span class='ocrx_word' id='word_1_757' title='bbox 1695 2595 1746 2623; x_wconf 87' lang='lat' dir='ltr'>alia</span> <span class='ocrx_word' id='word_1_758' title='bbox 1769 2596 1813 2624; x_wconf 89' lang='grc'><strong>1116</strong></span> <span class='ocrx_word' id='word_1_759' title='bbox 1836 2603 1878 2624; x_wconf 89' lang='lat' dir='ltr'>re-</span> 
     </span>
     <span class='ocr_line' id='line_1_114' title="bbox 1031 2650 1184 2671; baseline -0.007 -1"><span class='ocrx_word' id='word_1_760' title='bbox 1031 2650 1184 2671; x_wconf 86' lang='lat' dir='ltr'>censemus.</span> 
     </span>
    </p>

    <p class='ocr_par' dir='ltr' id='par_1_29' title="bbox 1112 2689 1877 2727">
     <span class='ocr_line' id='line_1_115' title="bbox 1112 2689 1877 2727; baseline 0.001 -10"><span class='ocrx_word' id='word_1_761' title='bbox 1112 2691 1175 2717; x_wconf 86' lang='grc'><strong>100.</strong></span> <span class='ocrx_word' id='word_1_762' title='bbox 1194 2690 1317 2717; x_wconf 55' lang='lat' dir='ltr'>[lenzam</span> <span class='ocrx_word' id='word_1_763' title='bbox 1341 2690 1439 2718; x_wconf 75' lang='lat' dir='ltr'>crucis</span> <span class='ocrx_word' id='word_1_764' title='bbox 1455 2689 1574 2726; x_wconf 77' lang='lat' dir='ltr'>(Proclr.</span> <span class='ocrx_word' id='word_1_765' title='bbox 1591 2692 1642 2718; x_wconf 87' lang='grc'><strong>616.</strong></span> <span class='ocrx_word' id='word_1_766' title='bbox 1658 2689 1710 2718; x_wconf 90' lang='lat' dir='ltr'>col.</span> <span class='ocrx_word' id='word_1_767' title='bbox 1727 2690 1783 2718; x_wconf 81' lang='lat'>708</span> <span class='ocrx_word' id='word_1_768' title='bbox 1798 2692 1877 2727; x_wconf 62' lang='lat' dir='ltr'>seq).</span> 
     </span>
    </p>

    <p class='ocr_par' dir='ltr' id='par_1_30' title="bbox 1031 2736 1880 3054">
     <span class='ocr_line' id='line_1_116' title="bbox 1111 2736 1878 2773; baseline 0 -9"><span class='ocrx_word' id='word_1_769' title='bbox 1111 2737 1206 2773; x_wconf 86' lang='lat' dir='ltr'>incipit</span> <span class='ocrx_word' id='word_1_770' title='bbox 1229 2736 1374 2773; x_wconf 82' lang='lat' dir='ltr'>praefatio:</span> <span class='ocrx_word' id='word_1_771' title='bbox 1403 2748 1415 2760; x_wconf 92' lang='lat'>«</span> <span class='ocrx_word' id='word_1_772' title='bbox 1433 2737 1459 2764; x_wconf 92' lang='lat' dir='ltr'>ln</span> <span class='ocrx_word' id='word_1_773' title='bbox 1482 2736 1592 2765; x_wconf 90' lang='lat' dir='ltr'>nomine</span> <span class='ocrx_word' id='word_1_774' title='bbox 1613 2736 1661 2765; x_wconf 90' lang='lat' dir='ltr'>Dei</span> <span class='ocrx_word' id='word_1_775' title='bbox 1684 2737 1771 2765; x_wconf 86' lang='lat' dir='ltr'>Patris</span> <span class='ocrx_word' id='word_1_776' title='bbox 1789 2737 1878 2765; x_wconf 91' lang='grc'><strong>011161-</strong></span> 
     </span>
     <span class='ocr_line' id='line_1_117' title="bbox 1031 2783 1880 2820; baseline 0.001 -9"><span class='ocrx_word' id='word_1_777' title='bbox 1031 2784 1162 2820; x_wconf 89' lang='lat' dir='ltr'>potentis;</span> <span class='ocrx_word' id='word_1_778' title='bbox 1185 2791 1243 2820; x_wconf 83' lang='lat' dir='ltr'>cap.</span> <span class='ocrx_word' id='word_1_779' title='bbox 1267 2784 1284 2811; x_wconf 98' lang='lat' dir='ltr'>I.</span> <span class='ocrx_word' id='word_1_780' title='bbox 1307 2784 1415 2812; x_wconf 75' lang='lat' dir='ltr'>Passio</span> <span class='ocrx_word' id='word_1_781' title='bbox 1439 2783 1557 2811; x_wconf 79' lang='lat' dir='ltr'>Domini</span> <span class='ocrx_word' id='word_1_782' title='bbox 1571 2783 1673 2811; x_wconf 75' lang='lat' dir='ltr'>Nostri</span> <span class='ocrx_word' id='word_1_783' title='bbox 1687 2784 1752 2812; x_wconf 81' lang='lat' dir='ltr'>lesa</span> <span class='ocrx_word' id='word_1_784' title='bbox 1770 2783 1880 2812; x_wconf 77' lang='lat' dir='ltr'>Cltrz&#39;sti</span> 
     </span>
     <span class='ocr_line' id='line_1_118' title="bbox 1031 2829 1878 2859; baseline 0.001 -1"><span class='ocrx_word' id='word_1_785' title='bbox 1031 2830 1191 2858; x_wconf 73' lang='lat' dir='ltr'>seeundum</span> <span class='ocrx_word' id='word_1_786' title='bbox 1213 2829 1399 2858; x_wconf 67' lang='grc' dir='ltr'>Δ1111111111611111.</span> <span class='ocrx_word' id='word_1_787' title='bbox 1415 2830 1453 2858; x_wconf 80' lang='lat' dir='ltr'>Ad</span> <span class='ocrx_word' id='word_1_788' title='bbox 1469 2830 1553 2858; x_wconf 88' lang='grc'><strong>1111165</strong></span> <span class='ocrx_word' id='word_1_789' title='bbox 1568 2830 1642 2858; x_wconf 85' lang='lat' dir='ltr'>vocis</span> <span class='ocrx_word' id='word_1_790' title='bbox 1656 2830 1776 2859; x_wconf 89' lang='lat' dir='ltr'>sonitum</span> <span class='ocrx_word' id='word_1_791' title='bbox 1790 2842 1803 2856; x_wconf 68' lang='grc' dir='ltr'>ι»</span> <span class='ocrx_word' id='word_1_792' title='bbox 1827 2834 1878 2859; x_wconf 88' lang='grc'><strong>616.</strong></span> 
     </span>
     <span class='ocr_line' id='line_1_119' title="bbox 1032 2876 1879 2913; baseline 0 -8"><span class='ocrx_word' id='word_1_793' title='bbox 1032 2892 1068 2897; x_wconf 90' lang='grc'><strong>-</strong></span> <span class='ocrx_word' id='word_1_794' title='bbox 1090 2876 1262 2913; x_wconf 89' lang='lat' dir='ltr'>Opusculum</span> <span class='ocrx_word' id='word_1_795' title='bbox 1285 2877 1451 2913; x_wconf 87' lang='lat' dir='ltr'>impressum</span> <span class='ocrx_word' id='word_1_796' title='bbox 1473 2880 1514 2905; x_wconf 89' lang='grc'>651</span> <span class='ocrx_word' id='word_1_797' title='bbox 1535 2877 1587 2905; x_wconf 87' lang='lat' dir='ltr'>sub</span> <span class='ocrx_word' id='word_1_798' title='bbox 1609 2877 1718 2905; x_wconf 89' lang='lat' dir='ltr'>nomine</span> <span class='ocrx_word' id='word_1_799' title='bbox 1740 2877 1879 2906; x_wconf 85' lang='lat' dir='ltr'>Bonaven-</span> 
     </span>
     <span class='ocr_line' id='line_1_120' title="bbox 1033 2924 1880 2961; baseline 0.002 -10"><span class='ocrx_word' id='word_1_800' title='bbox 1033 2927 1112 2952; x_wconf 87' lang='lat' dir='ltr'>turae</span> <span class='ocrx_word' id='word_1_801' title='bbox 1134 2924 1254 2952; x_wconf 86' lang='lat' dir='ltr'>Venetiis</span> <span class='ocrx_word' id='word_1_802' title='bbox 1278 2925 1360 2952; x_wconf 78' lang='grc'><strong>1508.</strong></span> <span class='ocrx_word' id='word_1_803' title='bbox 1385 2924 1498 2960; x_wconf 85' lang='lat' dir='ltr'>Propter</span> <span class='ocrx_word' id='word_1_804' title='bbox 1529 2924 1623 2952; x_wconf 85' lang='lat' dir='ltr'>stilum</span> <span class='ocrx_word' id='word_1_805' title='bbox 1651 2932 1768 2961; x_wconf 89' lang='lat' dir='ltr'>prorsus</span> <span class='ocrx_word' id='word_1_806' title='bbox 1789 2924 1880 2953; x_wconf 84' lang='lat' dir='ltr'>diver-</span> 
     </span>
     <span class='ocr_line' id='line_1_121' title="bbox 1032 2970 1880 3008; baseline 0.002 -10"><span class='ocrx_word' id='word_1_807' title='bbox 1032 2978 1093 2998; x_wconf 88' lang='lat' dir='ltr'>sum</span> <span class='ocrx_word' id='word_1_808' title='bbox 1116 2970 1240 2998; x_wconf 89' lang='lat' dir='ltr'>reiicitur</span> <span class='ocrx_word' id='word_1_809' title='bbox 1261 2979 1277 2998; x_wconf 87' lang='lat' dir='ltr'>a</span> <span class='ocrx_word' id='word_1_810' title='bbox 1298 2970 1427 2999; x_wconf 83' lang='lat' dir='ltr'>Sbaralea</span> <span class='ocrx_word' id='word_1_811' title='bbox 1448 2974 1474 2999; x_wconf 89' lang='lat' dir='ltr'>et</span> <span class='ocrx_word' id='word_1_812' title='bbox 1496 2971 1596 2999; x_wconf 91' lang='lat' dir='ltr'>Bonelli</span> <span class='ocrx_word' id='word_1_813' title='bbox 1624 2974 1655 2999; x_wconf 89' lang='lat' dir='ltr'>ut</span> <span class='ocrx_word' id='word_1_814' title='bbox 1682 2971 1827 3008; x_wconf 87' lang='lat' dir='ltr'>spurium,</span> <span class='ocrx_word' id='word_1_815' title='bbox 1849 2975 1880 3000; x_wconf 91' lang='lat' dir='ltr'>ut</span> 
     </span>
     <span class='ocr_line' id='line_1_122' title="bbox 1031 3017 1493 3054; baseline 0 -9"><span class='ocrx_word' id='word_1_816' title='bbox 1031 3017 1124 3045; x_wconf 87' lang='lat' dir='ltr'>omnia</span> <span class='ocrx_word' id='word_1_817' title='bbox 1144 3017 1212 3050; x_wconf 78' lang='lat' dir='ltr'>alia,</span> <span class='ocrx_word' id='word_1_818' title='bbox 1235 3025 1305 3054; x_wconf 86' lang='lat' dir='ltr'>quae</span> <span class='ocrx_word' id='word_1_819' title='bbox 1327 3021 1493 3054; x_wconf 87' lang='lat' dir='ltr'>sequuntur.</span> 
     </span>
    </p>
   </div>
  </div>
 </body>
</html>
