2269 3448
642 213 739 241 {Notix
763 213 1001 241 Atrttixliti'rlcus
1024 213 1100 241 NON!
1124 213 1310 241 VOLUMlNlS.

348 252 400 274 1¹05

94 291 175 313 10101111
193 294 227 313 est
245 291 414 318 persevcriuitia
434 291 454 313 111
477 291 536 313 malo
559 290 612 313 ibid.
631 303 660 307 -—

96 330 173 358 templi
192 333 225 352 est
243 330 398 353 misericordia
413 330 452 352 1151
471 329 485 351 1)
497 342 526 346 -
540 329 661 352 110001111τί-

95 372 130 392 tur
142 370 246 397 speciosa
265 369 309 391 652
322 376 333 391 a
347 381 377 386 —
390 369 512 391 duodecim
531 369 661 396 significant

93 413 193 437 quatuor
206 409 301 431 virtutos
313 409 440 431 cardinales
453 409 576 436 triplicatus
589 408 632 430 604
647 414 659 429 0

142 449 251 470 l'ossassu)
268 460 298 464 -—
316 448 381 476 Quod
401 454 453 469 cum
475 445 563 474 'magno
581 453 661 469 amore

94 487 233 515 possidetur,
251 494 295 509 nou
313 487 362 509 sine
381 493 465 514 magno
483 487 563 508 dolore
580 486 660 508 0011111-

94 529 130 549 tur
149 527 188 548 171
210 533 221 548 0
241 539 270 542 -
293 526 412 548 l‘ossidcrc
436 532 480 548 non
501 528 535 548 est
560 526 659 553 malum,

93 566 132 588 sed
152 567 237 588 malum
257 569 290 587 051
307 566 366 587 circa
386 565 543 593 possessiones
557 565 659 587 animum

93 606 210 633 superflue
228 610 344 632 occupare
361 604 402 626 501
424 610 436 626 a
453 616 484 620 —
506 604 600 626 Multum
618 604 659 626 dif-

94 645 151 667 ficile
169 648 203 666 est
220 644 340 672 possidere
358 646 379 665 et
397 650 441 665 non
459 649 541 665 curare
559 642 614 666 itufrt.
630 656 659 659 --

95 684 204 706 Terrenis
223 682 408 711 possessionibus
420 682 534 705 debemus
552 682 609 704 mori
623 688 661 704 νο-

95 724 192 749 luntate,
220 726 343 750 antequam
375 722 500 744 moriamur
526 722 661 743 necessitate

94 762 138 784 271)
158 762 172 784 b
189 773 220 778 --
238 762 274 783 Sic
291 761 366 783 anima
388 764 477 783 terrena
497 761 620 788 possideat,
638 763 662 782 ut

94 808 105 823 a
123 807 148 823 se
165 801 315 828 cupiditatem
341 800 433 822 abiiciat
456 800 501 822 474
519 806 529 822 0
554 813 583 816 -—
602 800 660 822 mala

94 844 126 863 051
145 840 265 868 possidere
284 845 376 861 vermes
394 840 439 861 630
458 839 473 861 1)

142 880 249 902 ΡοΤΕΝΉΑ
267 891 298 895 -
314 879 417 901 consistit
434 878 456 900 in
470 878 624 906 praesidendo
640 881 662 900 et

93 918 213 947 operando
231 918 275 940 583
294 924 305 939 a

143 971 170 974 —
184 958 355 985 distinguuntur
368 960 482 985 peractus
496 957 539 979 423
550 963 561 978 0
573 968 605 973 —
617 959 662 978 tres
673 959 675 962 ⁴

94 998 281 1025 distinguuntur:
301 997 425 1023 1110010110,
444 996 603 1024 intelligentia,
622 1002 662 1017 vo-

96 1038 170 1059 luntas
188 1037 232 1059 354
251 1043 262 1058 0
280 1049 310 1053 -
333 1036 506 1063 distinguuntur
528 1035 661 1063 cognosciti-

94 1082 144 1103 vae,
162 1076 288 1102 ali‘ectivac,
305 1076 439 1103 operativae
459 1078 480 1097 ct
492 1075 604 1102 regitivae
616 1074 659 1096 607

95 1116 110 1138 0
127 1128 156 1132 -
175 1115 316 1137 nobilissima
335 1115 450 1142 receptiva
469 1114 490 1136 in
509 1115 609 1136 humana
623 1119 660 1135 na-

94 1158 144 1177 tura
162 1158 211 1177 crat
229 1154 345 1176 (1010111105
367 1160 420 1176 cum
439 1154 516 1176 divina
540 1156 620 1175 natura
639 1153 660 1174 in

96 1194 179 1217 unitate
194 1200 305 1222 personae
319 1194 326 1215 l
338 1194 363 1215 10
376 1199 387 1215 0
401 1206 429 1208 -
442 1193 533 1215 animae
545 1192 661 1215 inferiores

95 1238 207 1261 reguntur
219 1233 348 1256 secundum
361 1233 466 1260 regimen
479 1233 535 1254 lueis
547 1235 661 1259 aeternae,

95 1273 251 1301 mediantibus
269 1272 376 1300 potentiis
393 1271 553 1300 superioribus
570 1272 614 1293 200
634 1271 649 1293 0

141 1313 251 1335 ΡοτΕετΛ5
275 1325 301 1328 -
328 1318 370 1339 per
396 1317 491 1333 manum
518 1311 662 1339 significatur

93 1352 123 1374 73
142 1351 156 1373 b

144 1404 172 1407 -—
192 1392 274 1413 Earum
301 1393 335 1413 est
360 1390 504 1417 triumphare
530 1390 574 1412 613
602 1395 613 1411 0
631 1402 661 1405 —

94 1431 232 1453 Potestatum
250 1433 284 1452 est
301 1430 426 1452 contrarias
452 1432 575 1457 potestates
600 1434 662 1450 coer-

94 1476 146 1492 cere
172 1470 212 1491 till
242 1469 255 1491 b
281 1481 311 1486 —·
336 1470 484 1496 superserunt
510 1467 662 1496 potestatibus

94 1509 215 1531 contrariis
233 1509 277 1530 623
297 1508 318 1530 1).
337 1508 382 1530 624
399 1514 411 1530 a
430 1514 460 1524 —·
477 1508 563 1530 faciunt
580 1513 661 1535 pacem

94 1548 123 1571 ab
141 1548 246 1571 exteriori
264 1548 309 1570 623
328 1547 342 1569 b
360 1560 390 1563 —
408 1554 449 1569 nos
460 1548 591 1575 ‘protegunt
607 1552 662 1569 ron-

94 1591 126 1610 tra
146 1587 290 1610 calliditatem
309 1587 395 1609 diaboli
413 1587 457 1608 019
476 1586 491 1608 b

143 1628 271 1649 Damonem
288 1639 319 1643 —
332 1627 401 1649 multa
415 1629 469 1648 sunt
481 1629 576 1654 propter
588 1625 662 1648 diver-

94 1667 183 1689 sitatem
197 1666 281 1694 operis,
293 1666 334 1688 sed
348 1671 418 1688 unum
438 1666 458 1687 iu
474 1665 551 1687 radice
563 1664 662 1687 caritatis

97 1706 141 1728 419
160 1705 175 1728 0
192 1718 223 1722 -
241 1705 319 1728 divina
335 1707 389 1727 sunt
405 1704 521 1732 implenda
541 1703 585 1726 404
603 1710 615 1725 a
631 1716 661 1720 —

95 1748 148 1768 sunt
166 1745 261 1767 fideliter
279 1744 424 1766 observanda
443 1743 488 1766 415
506 1743 521 1765 0
539 1756 568 1759 -
584 1743 661 1765 omnia

93 1780 212 1812 ⁷implenda
225 1786 278 1806 sunt
290 1784 330 1806 37t
348 1783 362 1805 b
375 1795 405 1799 —
417 1783 495 1805 divina
513 1782 661 1810 adimplenda

95 1827 148 1846 sunt
165 1824 248 1846 timore
265 1823 337 1846 filialis
355 1823 504 1850 reverentiae,
517 1822 625 1844 continue
640 1825 662 1844 et

94 1863 143 1885 sine
161 1862 313 1885 diminutione
331 1863 371 1884 421
395 1861 409 1884 0
425 1874 456 1878 -
483 1862 542 1884 Deus
567 1862 662 1884 adiuvat

95 1903 117 1925 in
135 1903 168 1924 eis
185 1902 330 1930 complendis
348 1901 392 1924 415
410 1901 425 1923 0
441 1914 472 1918 —-
490 1901 550 1923 Deus
566 1901 597 1923 ad
611 1907 662 1929 per-

96 1942 237 1964 manendum
258 1941 280 1963 in
303 1941 433 1969 praeceptis
455 1941 494 1963 dat
514 1946 662 1968 perseveran-

95 1981 150 2003 tiam
167 1980 222 2003 ibid.

146 2033 173 2036 —
192 2021 224 2043 Ad
248 2021 327 2042 diviua
351 2023 472 2048 praecepta
495 2026 561 2041 mens
585 2022 662 2041 nostra

97 2059 166 2082 debet
184 2060 307 2088 respicere,
324 2065 474 2088 quocumque
490 2065 515 2081 se
527 2061 601 2081 vertat
617 2058 663 2080 725

98 2105 109 2121 a
127 2111 158 2115 -—
176 2099 335 2121 demonstrant
352 2099 401 2121 vias
415 2099 504 2121 Domini
518 2095 574 2120 25'b
591 2110 619 2114 -
632 2097 664 2120 di-

98 2139 150 2160 vina
168 2145 194 2161 ex
212 2138 275 2160 omni
289 2141 354 2166 parte
370 2144 412 2160 nos
424 2138 531 2160 ordinant
548 2137 594 2159 725
612 2143 664 2159 a—

97 2178 175 2200 divina
194 2177 282 2200 ducunt
299 2177 328 2199 ad
346 2177 448 2199 divinam
468 2177 564 2205 patriam
587 2176 631 2198 409
649 2175 664 2197 0

145 2217 232 2239 raiaco
250 2229 280 2233 —
298 2216 421 2245 Quomodo
444 2216 555 2244 figuretur
573 2215 665 2237 virtutis

97 2262 177 2279 eorum
196 2257 261 2278 111010
277 2255 389 2278 stabilitas
405 2259 427 2277 et
443 2255 546 2278 eiusdem
565 2254 664 2277 exercitii

96 2295 160 2317 varia
179 2295 348 2317 multiformitas
365 2295 408 2317 528
428 2301 439 2316 a

147 2335 333 2356 l‘aaenesruvm‘io
351 2346 381 2349 —
399 2337 433 2356 est
450 2333 596 2361 praeparatio
614 2338 665 2360 gra-

98 2374 143 2396 tiae
159 2377 181 2396 et
199 2374 285 2401 gloriae
304 2373 348 2395 485
366 2380 377 2395 0

147 2414 293 2436 Pallanteum
310 2426 340 2428 —
359 2416 454 2435 vocatur
480 2415 527 2434 rete
552 2412 582 2434 74
600 2418 611 2434 a
637 2424 665 2427 —

98 2453 171 2481 ipsius
189 2456 223 2475 est
241 2456 324 2474 terram
348 2453 437 2474 sulcare
459 2455 481 2474 01
504 2451 665 2479 praescindere

98 2498 193 2514 vomere
210 2491 276 2514 verbi
295 2492 333 2514 Dei
353 2491 398 2514 565
416 2491 430 2513 b
456 2504 482 2507 —-
504 2492 525 2513 ln
550 2491 665 2519 praedica-

98 2532 159 2553 tione
177 2532 260 2553 clamat
278 2531 376 2554 Ecclesia
393 2531 422 2553 ad
440 2531 528 2559 prolem
549 2536 623 2557 suam,
642 2533 666 2552 ut

99 2577 149 2593 eam
163 2571 274 2598 perducat
286 2571 315 2593 ad
327 2574 443 2592 aeternam
458 2570 607 2592 hereditatem
620 2570 665 2591 213

99 2616 110 2632 0
130 2623 158 2625 -
177 2610 249 2632 Huius
267 2610 334 2632 officii
353 2610 468 2633 exsecutio
483 2609 552 2632 debet
569 2615 619 2632 esse
636 2609 665 2631 ad

99 2649 274 2677 consolandum,
287 2650 425 2676 sanandum,
437 2649 583 2671 liberandum
594 2650 638 2671 205
651 2648 666 2670 b

99 2701 130 2705 —
147 2689 228 2710 Sermo
245 2689 340 2710 divinus
356 2689 477 2710 ordinatur
489 2688 519 2710 ad
535 2688 665 2710 illuminan-

99 2727 168 2754 dum,
187 2728 357 2755 purificandum
376 2732 396 2750 et
416 2727 583 2755 perficiendum
596 2727 637 2749 641
653 2733 664 2748 a

100 2779 130 2783 —
148 2767 250 2789 Christus
267 2767 344 2794 gladio
363 2767 540 2794 praedicationis
560 2766 667 2795 patefacit

101 2806 196 2828 vulnera
215 2807 327 2828 scelerum
351 2807 391 2828 132
410 2806 424 2828 1)
441 2818 472 2822 -
492 2806 516 2828 111
532 2805 616 2828 diebus
633 2812 666 2829 so·

101 2844 218 2867 lemnibus
230 2845 346 2867 tractanda
360 2848 412 2867 sunt
423 2845 494 2867 verba
505 2845 583 2867 divina
597 2845 640 2867 388
652 2845 666 2867 b

150 2896 177 2899 —
197 2884 291 2911 Propter
303 2884 358 2912 quid
369 2902 373 2911 ‚
385 2883 483 2912 quibus,
500 2884 555 2912 quid
574 2887 596 2906 et
612 2890 666 2912 qua·

101 2923 150 2944 liter
172 2923 201 2944 sit
223 2923 405 2950 praedicandum
426 2923 472 2944 224
490 2922 505 2944 b
527 2935 556 2939 -—
579 2923 666 2945 Horum

101 2965 201 2990 quatuor
220 2962 339 2990 explicatio
357 2961 411 2984 ibid.
429 2962 474 2983 225
492 2968 503 2983 a
522 2974 551 2977 ——
570 2963 591 2984 ln
605 2968 667 2990 prae-

102 3001 216 3023 dicatione
233 3003 266 3023 est
283 3002 411 3023 necessaria
429 3008 455 3023 ex
473 3004 538 3028 parte
553 3001 668 3023 audientis

695 290 810 312 110011111115
836 291 990 318 reverentiae,
1011 298 1037 313 ex
1065 294 1129 318 parte
1156 291 1260 318 patieutis

695 329 838 357 profunditas
851 330 972 357 1110101100,
984 337 1011 352 cx
1029 334 1093 358 parte
1105 331 1261 352 aununtiantis

695 369 827 391 virtuositas
845 369 966 390 tat-uudiac
984 370 1023 390 201
1052 376 1073 396 a,
1092 369 1105 391 11
1123 382 1152 385 -
1170 369 1213 397 Qui
1237 370 1259 391 iu

695 408 742 435 ipsa
761 407 860 430 voluerit
879 408 1014 430 tructilleare
1039 411 1061 429 ct
1086 414 1189 430 cresccre
1211 412 1260 430 oret

695 447 817 474 humilitery
835 447 958 468 meditetur
981 447 1071 474 iugiter,
1089 447 1167 469 audiat
1190 446 1259 469 liben-

695 489 728 507 ter
746 486 790 507 45ss
810 485 823 507 b

741 537 772 541 —
790 526 811 547 lu
830 525 879 547 eius
896 525 971 547 0111010
989 524 1057 547 1101101
1074 532 1125 547 csse
1145 526 1259 551 sauctitas,

695 564 790 591 veritas,
809 565 933 587 auctoritas
947 565 991 586 436
1003 571 1015 586 a
1036 577 1063 580 —-
1078 565 1181 586 Verbum
1195 571 1259 591 prae-

695 603 815 626 dicationis
832 604 901 625 debet
918 610 967 625 csse
985 604 1082 626 caeleste
1099 607 1213 632 quantum
1231 604 1258 625 ad

695 643 834 670 principium
852 646 874 665 ct
892 649 989 665 movens
1006 646 1117 671 quantum
1138 643 1166 665 ad
1191 644 1259 664 linem

695 683 739 703 626
759 681 773 703 b
790 694 821 698 -
838 681 907 704 debet
931 682 979 704 lieri
1006 682 1063 704 iuste
1089 685 1111 704 et
1128 685 1190 704 recto
1217 682 1261 704 flne

695 721 739 743 566
758 727 769 743 0
788 734 818 737 -
836 721 905 743 debet
922 722 1047 749 procedere
1059 728 1085 744 ex
1098 722 1144 743 zelo
1162 722 1261 743 discreto

696 760 739 782 537
754 760 776 782 1).
790 761 835 783 5:³8
853 768 864 782 a
882 773 912 777 —-
931 762 1011 783 Sermo
1029 761 1157 783 secuudum
1175 761 1262 783 audito-

696 806 732 822 res
750 800 877 822 moditieari
890 800 960 822 debet
976 800 1016 822 731
1033 806 1045 821 0
1063 812 1093 816 ——
1111 800 1204 828 quando
1217 806 1261 821 non

696 839 804 867 recipitur
821 839 850 861 ab
868 839 1014 861 auditoribus
1031 839 1098 861 debet
1117 839 1191 861 excuti
1215 839 1262 866 pul·

696 879 731 900 vis
749 885 822 901 vanae
839 879 926 906 gloriae
944 880 985 900 211
1008 885 1019 900 0

743 930 774 934 -
793 918 895 940 Verbum
910 918 1087 945 praedicationis
1099 918 1214 940 humiliter
1226 924 1263 945 pe-

697 957 790 980 tendum
809 960 843 979 cst
863 963 874 979 a
899 958 995 979 Domino
1019 957 1063 979 349
1083 957 1097 979 b
1115 970 1144 973 --
1166 957 1207 979 nisi
1225 957 1263 978 liat

697 997 743 1019 Deo
769 997 873 1023 volente,
890 996 932 1018 erit
958 996 1093 1023 tenebrosa,
1118 1002 1213 1018 onerosa
1241 999 1263 1018 et

696 1036 837 1058 infructuosa
864 1036 893 1057 74
917 1042 928 1057 a
950 1048 980 1051 —
1006 1042 1051 1057 uon
1077 1035 1203 1063 fructificat,
1221 1035 1262 1057 nisi

696 1075 845 1103 superveniat
867 1075 944 1097 divina
970 1074 1099 1097 benedictio
1126 1075 1170 1096 586
1197 1080 1209 1096 a
1233 1086 1262 1090 —

697 1115 855 1137 Praedicantcs
867 1117 888 1136 et
905 1114 1025 1136 audientes
1036 1114 1111 1136 iuvari
1124 1113 1210 1136 debent
1223 1119 1263 1141 per

696 1154 793 1182 gratiam
812 1154 909 1181 Spiritus
927 1155 948 1176 S.
968 1153 1011 1175 463
1030 1153 1045 1175 1)
1068 1166 1097 1169 —
1124 1153 1223 1180 Spiritus
1241 1153 1262 1174 S.

695 1193 765 1216 debet
782 1193 882 1221 dirigere
902 1194 1005 1220 linguam
1024 1192 1166 1221 loquentium
1188 1195 1210 1214 et
1227 1198 1264 1214 au-

695 1239 745 1255 rem
763 1232 919 1259 audientium,
945 1235 969 1254 ut
995 1232 1082 1259 possint
1108 1231 1264 1253 aedificatorie

696 1272 781 1299 dicere,
800 1271 922 1297 salubriter
948 1271 1075 1299 intelligere
1100 1274 1122 1293 et
1147 1271 1263 1293 meritorie

696 1311 787 1339 operari
807 1311 849 1333 179
868 1318 879 1332 0
898 1323 928 1327 ——
946 1311 1004 1333 male
1022 1311 1122 1337 auditur,
1139 1310 1180 1332 uisi
1195 1310 1264 1338 Spiri-

697 1354 733 1373 tus
750 1351 772 1372 S.
790 1351 878 1378 aperiat
895 1357 962 1373 aures
979 1350 1122 1372 audientium
1141 1350 1185 1372 314
1204 1356 1216 1372 0
1234 1362 1263 1365 —

697 1390 749 1412 Mira
768 1390 895 1412 humiliatio
912 1390 1056 1418 loquentium
1074 1392 1096 1411 01
1120 1389 1263 1411 audientium

696 1435 746 1451 esse
763 1428 839 1456 debet,
857 1429 921 1458 quod
933 1429 987 1451 011111
1000 1429 1041 1451 nisi
1060 1435 1100 1457 per
1113 1429 1224 1456 Spiritum
1241 1429 1264 1451 S.

696 1469 783 1491 scimus
801 1468 829 1491 ib.
848 1468 862 1490 b

743 1520 774 1524 —
792 1508 942 1530 confirmatur
960 1514 1001 1536 per
1019 1508 1127 1530 miracula
1147 1508 1191 1529 332
1210 1507 1224 1529 b

743 1559 774 1563 —
800 1547 877 1569 Nullus
899 1550 933 1569 est
959 1550 1027 1574 aptus
1049 1547 1078 1569 ad
1104 1547 1263 1575 evangelicam

696 1586 823 1609 doctrinam
842 1586 883 1608 nisi
902 1586 956 1614 iugo
968 1585 1113 1608 obedientiae
1129 1586 1265 1614 suppositus

697 1626 741 1648 565
754 1625 769 1648 1)
786 1639 815 1642 -
834 1626 867 1648 Ad
880 1626 1075 1654 praedicationem
1089 1625 1158 1648 debet
1169 1625 1265 1654 quilibet

696 1666 748 1694 eligi
767 1669 862 1693 propter
879 1666 1035 1693 sanctitatem,
1060 1666 1146 1687 institui
1170 1668 1264 1693 propter

696 1705 844 1734 aequitatem,
861 1708 883 1726 et
901 1707 978 1732 postea
993 1704 1063 1727 debet
1080 1704 1173 1733 exsequi
1189 1708 1265 1727 aucto-

696 1745 785 1767 ritatem
804 1745 872 1767 officii
891 1744 936 1766 205
954 1750 974 1771 0,
992 1744 1006 1766 b

743 1797 772 1800 —
791 1784 907 1806 audienda
925 1786 958 1805 cst
970 1784 1019 1806 sine
1031 1784 1188 1811 simulatione,
1202 1790 1264 1805 mur-

697 1824 832 1851 min-atione,
850 1823 984 1850 remissione
998 1823 1042 1845 225
1056 1830 1067 1845 0
1086 1836 1117 1840 -
1135 1824 1156 1845 10
1174 1823 1264 1845 audito-

696 1863 761 1885 ribus
778 1862 848 1885 (lebet
865 1869 916 1885 esse
932 1863 1002 1885 studii
1015 1863 1125 1885 sedulitas
1142 1866 1163 1885 et
1179 1863 1263 1890 ingenii

696 1903 813 1925 hinnilitas
830 1903 875 1924 600
894 1901 908 1924 b
926 1915 956 1918 —
973 1902 1054 1924 Anima
1074 1902 1132 1924 bene
1153 1902 1263 1930 disposita

697 1941 793 1964 libenter
811 1942 873 1964 omni
892 1943 947 1964 hora
961 1942 1024 1964 audit
1036 1942 1098 1970 loqui
1117 1942 1146 1964 de
1159 1942 1204 1964 Deo
1218 1942 1262 1964 586

696 1988 708 2004 a
727 1994 757 1998 -
774 1982 797 2004 ln
819 1982 862 2003 hoc
888 1985 922 2003 est
945 1988 1056 2009 magnum
1079 1982 1185 2003 meritum
1209 1981 1263 2004 ibid.

696 2033 727 2037 ——
746 2021 806 2043 Deus
822 2027 864 2043 nos
881 2024 949 2043 vocat
966 2021 1121 2048 praedicando
1138 2021 1179 2042 731
1202 2021 1217 2043 1)
1234 2034 1264 2037 -

697 2061 745 2082 Deo
771 2061 961 2088 respondendum
988 2064 1022 2082 est
1047 2061 1176 2087 audiendo,
1194 2061 1264 2083 corde

697 2100 905 2122 commemorando
923 2103 945 2122 et
961 2106 1033 2127 opere
1045 2100 1196 2128 adimplendo
1208 2099 1263 2123 ibid.

697 2151 728 2155 —
745 2139 778 2161 Ad
797 2140 841 2161 hoc
859 2139 984 2167 requiritur
1001 2139 1092 2161 dextera
1112 2139 1151 2161 Dei
1169 2138 1223 2162 ibid.
1235 2152 1264 2156 —

698 2178 768 2200 debet
786 2178 886 2206 imprimi
905 2178 927 2200 iu
945 2178 1056 2200 cordibus
1073 2178 1217 2200 audicntium
1235 2178 1264 2200 59

700 2217 713 2239 b
730 2230 761 2233 —
778 2224 822 2239 non
841 2217 910 2239 debet
927 2218 1043 2239 contemni
1061 2218 1102 2239 nisi
1115 2218 1203 2239 ratione
1221 2224 1266 2239 ma-

699 2256 826 2284 gnitudinis
844 2257 932 2284 culpae,
950 2257 1107 2278 dehonestatis
1122 2256 1196 2283 vitae,
1214 2256 1266 2278 sim-

700 2295 807 2323 plicitatis
829 2295 972 2323 ignorantiae
997 2295 1041 2317 443
1060 2302 1071 2316 0
1097 2308 1128 2311 -
1153 2296 1181 2317 Εο
1205 2301 1266 2324 quae

699 2337 761 2357 reete
778 2335 893 2361 dicuntur,
911 2334 1006 2363 quidam
1026 2340 1099 2362 prave
1117 2337 1138 2356 et
1156 2340 1265 2362 perverse

700 2374 877 2401 interpretantur
894 2374 934 2395 281
957 2373 972 2395 b

746 2425 776 2429 —
796 2413 890 2440 Propter
908 2413 987 2435 merita
1006 2413 1137 2435 auditorum
1149 2413 1266 2435 confertur

700 2452 853 2479 praedicatori
872 2452 1019 2479 intelligentia
1036 2451 1066 2474 64
1083 2451 1098 2474 b
1115 2464 1146 2468 —
1172 2452 1266 2479 Propter

699 2491 809 2513 demerita
823 2491 955 2513 auditorum
968 2492 1070 2513 aufertur
1082 2491 1206 2519 aliquando
1216 2497 1266 2519 gra-

701 2531 731 2552 tia
749 2530 927 2558 praedicationis
945 2529 999 2552 ibid.
1023 2543 1051 2546 —
1070 2530 1129 2552 Vide
1151 2530 1219 2552 ctiam
1238 2530 1265 2552 V.

704 2570 813 2592 Verbum.

748 2610 902 2632 Paaeoicmon
920 2622 950 2625 ——
967 2609 1051 2631 dicitur
1062 2610 1158 2637 angelus
1177 2609 1265 2631 Domini

700 2649 788 2671 ratione
805 2649 930 2671 sanctitatis
948 2653 969 2671 et
993 2648 1118 2671 munditiae
1143 2649 1188 2670 222
1206 2654 1218 2670 0
1235 2661 1266 2664 -

700 2692 753 2710 sunt
770 2688 842 2710 divini
861 2688 934 2710 nuntii
953 2687 997 2709 242
1016 2687 1031 2709 0
1048 2700 1078 2704 -
1101 2688 1209 2709 dicuntur
1229 2693 1266 2709 an-

699 2727 764 2750 cillae
782 2730 876 2755 propter
893 2731 993 2755 quatuor
1014 2727 1157 2749 conditiones
1180 2727 1221 2748 731
1251 2725 1266 2748 b

702 2780 729 2782 —
748 2770 809 2788 recte
826 2767 910 2788 dicitur
927 2768 1027 2793 piscator
1038 2766 1069 2787 74
1081 2772 1092 2787 a
1111 2778 1140 2781 ——
1158 2765 1266 2787 dicuntur

701 2806 789 2833 fulgura
813 2806 853 2827 163
871 2812 882 2827 0
901 2817 931 2821 —-
948 2804 1077 2827 (lebetesse
1095 2811 1138 2826 vox
1156 2804 1266 2826 5380-

701 2846 778 2872 magni
797 2845 905 2867 dicuntur
928 2850 1042 2866 messores
1060 2843 1103 2865 470
1121 2849 1133 2865 0
1158 2856 1186 2858 -
1210 2849 1267 2871 pau-

701 2884 787 2912 perculi
806 2884 957 2911 designantur
974 2889 1015 2910 per
1032 2883 1092 2904 Ruth
1110 2881 1164 2904 ibid.

747 2935 778 2939 —
803 2928 882 2944 curam
912 2921 996 2944 habent
1024 2922 1054 2944 de
1079 2927 1151 2948 grege
1175 2920 1266 2942 Domini

701 2962 746 2984 505
766 2961 780 2984 b
798 2974 827 2977 —
846 2962 898 2983 Eius
916 2961 1017 2983 officium
1035 2963 1069 2982 est
1080 2960 1181 2988 dirigere
1193 2959 1266 2981 homi-

701 3007 741 3023 nes
765 3001 794 3023 ad
820 3001 880 3022 viam
907 3000 990 3022 Christi
1015 3003 1037 3022 et
1059 2999 1185 3022 rectificare
1202 2998 1264 3020 viam

1802 217 1854 244 1:57

1552 254 1604 276 l’ltit

1295 291 1383 313 Domini
1404 292 1423 313 iu
1450 292 1560 314 cordibus
1585 293 1716 315 auditorum
1735 294 1779 314 5538
1797 301 1808 315 a
1828 307 1855 310 —

1294 330 1379 352 debent
1407 331 1538 357 ignorantes.
1564 334 1585 353 01
1613 332 1738 353 esurientes
1764 333 1858 354 relicere

1294 368 1345 390 cibo
1372 370 1462 391 caelesti
1490 370 1533 391 :379
1560 377 1571 391 a
1602 383 1630 385 ——
1660 371 1858 394 111001Ιὶ001111111115

1294 408 1401 429 convenit
1419 409 1480 430 zelus
1497 412 1519 430 et
1537 410 1624 431 luri-iun
1644 410 1772 432 animarum
1787 411 1855 432 11750

1294 459 1323 463 -
1348 447 1417 475 aliqui
1443 448 1522 469 1111111111
1548 448 1579 469 irc.
1608 455 1678 470 uuum
1706 449 1800 471 milliari,-
1829 450 1857 471 ad

1294 486 1473 512 praedic-'uidam
1487 486 1555 508 fldem
1570 486 1614 508 472
1629 487 1642 508 11
1655 499 1684 503 -
1697 487 1780 509 delient
1794 495 1859 515 prae-

1294 525 1371 546 tlicare
1396 528 1418 546 ct
1443 525 1520 547 levare
1545 525 1647 547 divinam
1678 526 1858 549 miscricordiam

1294 564 1338 585 233
1357 563 1371 585 b

1341 615 1370 618 ——
1389 609 1432 624 non
1451 603 1520 625 debet
1537 604 1598 632 loqui
1618 604 1748 626 0110050110
1761 611 1801 626 1100
1819 604 1859 626 ab·

1295 641 1410 670 breviato,
1428 648 1469 664 nec
1487 643 1555 664 nimis
1572 643 1615 664 alte
1633 650 1674 664 1100
1693 643 1760 665 nimis
1781 643 1858 666 intime

1295 680 1339 702 575
1358 680 1372 702 b
1390 694 1419 696 —
1437 681 1522 704 debent
1538 682 1623 704 docere
1635 683 1697 710 quod
1711 683 1859 710 011101111240

1295 720 1309 742 b
1328 733 1355 735 —
1382 720 1452 743 debet
1477 721 1553 743 dicere
1578 724 1630 749 apta
1656 724 1677 743 ct
1701 722 1859 744 convenientia

1296 760 1345 781 loco
1363 763 1383 781 01
1407 761 1503 787 tempori
1522 761 1562 782 281
1585 767 1595 782 0
1621 773 1650 777 -
1668 761 1753 783 debent
1771 761 1859 788 praedi-

1295 804 1348 820 care
1365 799 1498 826 veritatem,
1516 806 1575 828 quae
1600 800 1704 827 displicet
1726 801 1802 822 multis
1820 807 1860 823 au-

1295 837 1409 860 ditoribus
1432 839 1476 861 523
1499 845 1511 860 0
1533 851 1563 855 -
1589 840 1651 861 (101111
1670 843 1774 867 tempore.
1791 840 1860 862 debet

1295 877 1432 899 annuntiare
1450 877 1548 900 verbum
1563 879 1602 900 Dei
1620 878 1664 900 55<ss
1682 885 1693 900 a
1714 891 1741 894 —-
1760 885 1785 901 ex
1799 879 1859 901 nullo

1296 916 1377 938 timore
1395 917 1431 938 vel
1456 923 1536 939 amore
1556 918 1625 940 debet
1646 922 1721 939 tacere
1739 919 1858 940 veritatem

1296 961 1339 983 pro
1362 956 1411 978 loco
1429 959 1450 978 et
1469 960 1573 984 tempore
1591 958 1636 979 523
1656 957 1669 979 b

1344 1007 1373 1010 —
1390 998 1502 1023 quantum
1521 996 1551 1017 ad
1569 996 1729 1023 intentionem,
1741 997 1860 1024 cogitatio-

1296 1040 1361 1061 nem,
1379 1034 1532 1061 locutionem,
1558 1035 1767 1063 conversationem,
1785 1037 1860 1057 solum

1296 1076 1392 1101 quaerat
1417 1073 1508 1095 laudem
1535 1074 1575 1095 Dei
1593 1074 1622 1095 50
1646 1074 1660 1096 0
1677 1087 1707 1090 —‹
1726 1075 1788 1097 multi
1806 1075 1861 1097 dant

1298 1112 1396 1134 fructum
1423 1113 1535 1141 alienum,
1562 1119 1607 1135 non
1630 1120 1698 1136 suum
1723 1114 1762 1135 201
1793 1113 1808 1135 b
1830 1127 1860 1129 —

1296 1151 1350 1173 nihil
1368 1151 1453 1173 debent
1470 1158 1582 1180 quaerere
1607 1153 1670 1181 quod
1693 1156 1727 1175 est
1743 1153 1860 1175 curiosum

1297 1190 1341 1213 314
1355 1197 1366 1212 0
1379 1203 1409 1206 -
1422 1191 1535 1213 testificari
1553 1192 1639 1214 debent
1651 1192 1770 1214 veritatem
1783 1193 1862 1215 salutis

1297 1233 1404 1252 aeternae
1419 1229 1473 1253 ibid.
1493 1243 1523 1246 —
1540 1237 1653 1259 quaerere
1671 1234 1758 1254 tantum
1776 1232 1862 1254 debent

1297 1270 1404 1297 salutare,
1414 1270 1477 1298 quod
1491 1270 1592 1292 infusum
1606 1274 1639 1293 cst
1651 1277 1662 1293 a
1676 1271 1761 1299 Spiritu
1773 1271 1796 1294 S.
1808 1269 1861 1294 ibictss

1344 1321 1374 1324 —
1385 1309 1458 1332 infelix
1469 1310 1551 1338 estqui
1562 1310 1679 1337 praedicat
1688 1311 1816 1333 secundum
1824 1317 1862 1333 vo-

1297 1348 1407 1371 luntatem
1421 1349 1540 1371 hominum
1554 1350 1597 1371 ‘28ss
1611 1356 1622 1371 a
1637 1362 1666 1366 --
1678 1350 1756 1378 aliqui,
1769 1350 1862 1378 quando

1297 1387 1383 1410 debent
1401 1389 1535 1416 praedicare
1553 1390 1703 1416 Evangelium
1722 1389 1799 1417 pacis,
1817 1395 1863 1411 ma-

1297 1427 1333 1454 gis
1351 1427 1437 1450 faciunt
1458 1428 1614 1450 turbationem
1639 1429 1682 1450 249
1702 1429 1716 1450 b
1734 1441 1762 1444 —-
1781 1434 1862 1450 omnes

1297 1467 1395 1494 gloriam
1413 1467 1488 1489 crucis
1506 1467 1651 1495 praedicant,
1668 1468 1707 1489 sed
1733 1468 1781 1489 eius
1800 1468 1863 1494 iguo-

1297 1506 1391 1528 miniam
1409 1509 1566 1534 expavescunt
1583 1506 1622 1528 471
1646 1506 1660 1528 0
1682 1519 1712 1523 -
1730 1507 1793 1529 multi
1811 1512 1863 1528 con-

1297 1545 1399 1567 siderant
1416 1546 1438 1567 in
1456 1551 1536 1572 cruce,
1554 1546 1617 1574 quod
1635 1546 1734 1568 exterius
1751 1549 1795 1574 est,
1818 1552 1862 1568 non

1297 1584 1360 1612 quod
1379 1585 1439 1606 intus
1456 1587 1491 1607 est
1506 1584 1561 1607 ibid.

1344 1636 1374 1640 —-
1392 1624 1456 1651 prius
1474 1623 1543 1646 debet
1562 1624 1652 1652 impleri
1669 1625 1780 1652 sapientia
1792 1631 1862 1654 quam

1298 1663 1433 1690 praedicare
1450 1663 1480 1685 64
1497 1669 1508 1685 0
1527 1675 1558 1679 -
1575 1669 1620 1685 non
1638 1663 1708 1686 debet
1725 1667 1812 1686 tantum
1831 1665 1863 1686 in-

1297 1702 1378 1725 sistere
1401 1703 1586 1730 promulgandae
1608 1703 1666 1731 tegi,
1683 1703 1724 1725 sed
1742 1704 1810 1725 etiam
1828 1710 1863 1726 co-

1298 1743 1443 1770 gnoscendae
1461 1742 1550 1764 veritati
1572 1743 1612 1764 197
1631 1742 1646 1764 b
1665 1756 1692 1758 —
1707 1743 1771 1765 multi
1784 1743 1864 1765 volunt

1298 1782 1362 1809 prius
1379 1781 1464 1804 docere
1482 1788 1553 1810 quam
1570 1782 1659 1804 discere
1682 1785 1703 1804 et
1721 1782 1772 1804 ideo
1790 1782 1861 1804 verba

1297 1827 1378 1843 eorum
1396 1827 1465 1849 saepe
1483 1821 1587 1843 defluunt
1605 1821 1625 1843 in
1643 1827 1729 1843 vanum
1743 1822 1783 1843 201
1806 1821 1821 1843 b
1833 1834 1863 1838 —

1298 1860 1367 1883 debet
1389 1860 1508 1887 meditari,
1526 1861 1623 1889 qualiter
1648 1860 1732 1882 debeat
1754 1861 1810 1883 alios
1833 1862 1863 1883 in-

1297 1903 1385 1922 struere
1397 1899 1450 1922 ibid.
1468 1912 1499 1916 —
1516 1900 1639 1928 aliquando
1656 1900 1744 1922 vadunt
1762 1900 1791 1922 ad
1809 1901 1864 1923 alios

1297 1939 1467 1967 corripiendos,
1480 1939 1521 1961 sed
1534 1939 1631 1961 redeunt
1648 1939 1677 1961 ad
1694 1940 1866 1967 contemplatio-

1297 1984 1349 2000 nem
1372 1978 1412 2000 163
1429 1984 1441 2000 0

1343 2030 1375 2034 -
1392 2018 1451 2040 male
1469 2018 1601 2046 loquuntur,
1619 2018 1661 2040 nisi
1679 2018 1777 2045 Spiritus
1796 2018 1818 2040 S.
1836 2018 1864 2040 sit

1299 2059 1320 2080 in
1339 2058 1372 2080 eis
1390 2058 1434 2080 314
1453 2064 1464 2080 a
1482 2069 1513 2073 -—
1530 2064 1573 2086 pro
1591 2064 1630 2079 sua
1650 2058 1807 2080 insufficientia
1827 2058 1864 2080 dc-

1300 2097 1338 2120 bet
1356 2098 1480 2125 impetrare
1497 2097 1595 2125 Spiritus
1619 2098 1640 2119 S⁴
1659 2097 1800 2119 influentiam
1820 2098 1864 2119 330

1300 2137 1314 2159 0
1331 2149 1361 2153 ·--
1380 2137 1479 2165 Spiritus
1505 2137 1527 2158 S.
1549 2136 1626 2158 reddit
1650 2142 1690 2158 eos
1716 2136 1811 2159 idoneos
1834 2137 1863 2159 ad

1299 2176 1493 2204 praedicationem
1512 2176 1575 2204 ipsos
1588 2176 1724 2203 purgando,
1736 2176 1865 2198 illuminan-

1300 2216 1342 2243 do,
1360 2215 1502 2244 perficiendo
1528 2215 1573 2237 345
1591 2215 1606 2237 b
1623 2227 1654 2231 —-
1671 2215 1769 2243 Spiritus
1787 2216 1809 2237 S.
1827 2215 1865 2237 de-

1300 2255 1338 2277 bet
1350 2255 1459 2277 irradiare
1472 2255 1521 2277 eius
1533 2255 1707 2281 intellectivam,
1721 2255 1865 2276 inflammare

1299 2294 1439 2321 affectivam,
1457 2294 1557 2321 dirigere
1574 2290 1722 2320 intentiv'ain,
1741 2293 1865 2315 fecundare

1300 2333 1510 2360 interpretativam,
1528 2333 1631 2354 relevare
1648 2332 1775 2354 auditivam
1794 2332 1838 2353 337
1851 2338 1863 2354 a

1346 2384 1377 2388 —-
1394 2378 1453 2400 quae
1470 2371 1600 2399 concipiunt
1620 2372 1642 2393 in
1660 2372 1710 2393 luce
1722 2374 1814 2393 aeterna
1825 2377 1865 2393 no-

1300 2411 1335 2433 bis
1353 2414 1485 2439 proponunt
1502 2411 1546 2433 505
1565 2410 1579 2432 1)
1598 2423 1626 2425 -
1648 2410 1711 2439 quod
1729 2411 1809 2432 dicunt
1825 2411 1864 2432 de-

1300 2450 1354 2473 bent
1371 2450 1508 2473 confirmare
1525 2456 1567 2477 per
1592 2456 1669 2472 sacras
1692 2450 1822 2477 Scripturas
1843 2454 1864 2472 et

1300 2496 1342 2518 per
1359 2490 1514 2512 attestationes
1531 2492 1663 2511 sanctorum
1682 2489 1774 2511 Patrum
1789 2489 1834 2510 314
1852 2495 1864 2511 a

1346 2541 1377 2545 —
1395 2529 1416 2550 ln
1434 2528 1490 2556 ipsis
1507 2527 1576 2550 debet
1588 2534 1639 2550 esse
1650 2528 1775 2550 auctoritas
1787 2528 1864 2554 officii,

1300 2568 1385 2591 veritas
1403 2567 1532 2595 Evangelii,
1544 2567 1631 2589 auditio
1646 2567 1725 2594 populi
1744 2568 1787 2589 388
1807 2567 1822 2588 1)
1835 2580 1863 2582 -

1300 2608 1394 2630 Notatur
1412 2607 1520 2629 mittentis
1543 2606 1678 2634 auctoritas,
1697 2606 1760 2628 missi
1778 2606 1865 2628 idonei-

1301 2650 1334 2669 tas
1351 2650 1373 2669 et
1398 2646 1449 2668 finis
1471 2646 1556 2668 utilitas
1581 2646 1625 2667 600
1644 2645 1658 2666 0
1679 2658 1710 2661 —
1727 2644 1797 2667 debet
1814 2651 1864 2667 esse

1300 2690 1383 2708 unctus
1400 2686 1486 2713 gratia,
1504 2686 1619 2707 institutus
1637 2691 1663 2707 ex
1682 2691 1744 2706 mera
1757 2683 1864 2706 obedien-

1300 2726 1343 2752 tia,
1360 2725 1516 2747 inflammatus
1533 2726 1630 2746 fraterna
1648 2723 1806 2746 benevolentia
1819 2724 1860 2746 231

1300 2771 1312 2786 a
1330 2777 1360 2780 —
1377 2764 1419 2786 Per
1436 2765 1492 2786 haec
1509 2764 1628 2786 ordinatur
1645 2763 1673 2785 ad
1691 2769 1715 2785 se
1732 2763 1817 2790 ipsum,
1835 2762 1865 2785 ad

1300 2805 1386 2831 Deum,
1404 2804 1434 2826 ad
1451 2803 1581 2831 proximum
1601 2802 1655 2825 ibid.
1669 2815 1699 2818 —
1716 2802 1813 2831 quilibet
1825 2802 1865 2824 de-

1301 2843 1338 2865 bet
1355 2843 1502 2865 considerare
1520 2842 1669 2869 indigentiam
1693 2843 1810 2863 humanae
1827 2841 1864 2864 de-

1300 2881 1458 2908 fectibilitatis,
1487 2881 1615 2903 instantiam
1645 2881 1743 2903 devotae
1772 2881 1862 2908 precis,

1299 2921 1439 2942 affluentiam
1463 2920 1556 2942 divinae
1578 2919 1718 2942 liberalitatis
1744 2919 1789 2941 204
1806 2926 1832 2946 a,
1850 2919 1865 2941 b

1298 2973 1329 2975 —
1347 2959 1499 2981 Praedicatori
1511 2959 1653 2981 necessariae
1665 2962 1717 2981 sunt
1729 2959 1799 2980 animi
1812 2958 1865 2981 iibe-

1299 2999 1388 3026 ralitas,
1406 2998 1469 3021 modi
1487 2998 1588 3020 brevitas
1605 3002 1627 3020 et
1640 2998 1686 3020 voti
1700 2997 1782 3020 utilitas
1795 2998 1838 3020 198
1852 3004 1865 3020 0
