2269 3448
704 218 746 245 liti
768 217 910 245 Stadissis
932 216 1096 244 stiuaruuji
1121 216 1291 244 bourottts
1837 221 1873 247 127

121 298 287 335 gubernium
310 298 395 326 sactae
417 300 490 327 suut.
514 300 543 325 ut
566 300 681 325 testatur
699 296 723 323 P.
741 295 822 323 Ehrle
836 296 861 322 S.
879 295 895 322 Ι.
912 296 971 329 (Λι-

122 345 184 373 chiv
207 345 250 372 l'iir
274 344 333 372 iau.
357 352 383 371 u.
401 343 696 371 Kirchcu-Gescliichtc
720 345 782 370 tom.
800 341 840 369 Vl.
858 350 917 377 pag.
934 342 970 369 2¹.)

121 394 148 419 et
164 392 195 419 21
205 393 221 424 i,
241 394 267 419 et
289 390 399 427 quidem
424 390 475 418 iam
491 390 543 418 suh
560 389 682 417 Ministro
697 388 816 425 generali
834 388 971 424 llaymone

121 438 231 474 Anglico
248 437 273 466 in
289 437 414 473 Capitulo
435 437 615 465 Definitorum
632 436 869 472 Montepessulano
887 435 969 463 1241.

202 486 246 512 158.
287 485 442 512 'l'ractatns
477 484 511 511 (tn
541 488 669 521 ‹sitatnor
701 482 868 510 novissimas
900 483 970 518 (Ra—

122 532 160 559 tio
182 535 232 560 etc.
257 540 316 568 pag.
340 532 417 566 215ιὶ).

201 578 310 614 lucipit:
331 589 343 602 «
357 577 432 605 Sicut
446 577 512 605 dicit
524 576 692 613 Augustinus
705 589 715 601 υ
736 579 786 604 etc.
803 593 839 595 —
853 576 898 603 llic
916 580 969 604 tra-

120 628 210 654 ctatus
233 625 301 653 idem
324 628 365 654 cst
379 633 442 653 cum
458 625 649 655 sermonibus,
664 625 697 653 dc
716 632 836 661 <piorum
852 624 969 652 editione

120 675 211 700 actum
227 676 267 701 est
284 672 308 700 in
331 672 530 708 prolegomenis
554 671 618 699 tomi
636 672 675 699 IX.
693 679 751 708 pag.
768 671 812 699 XV
828 671 877 698 col.
896 671 911 698 l.
930 671 969 698 lu-

122 719 230 747 venitur
252 719 332 747 etiam
356 719 408 746 sub
430 719 510 746 titulo
527 718 668 746 Cortlialc.
684 718 807 751 Codices,
826 717 850 745 in
867 718 970 754 quibus

120 766 292 799 continetur,
308 769 373 794 sunt
388 773 457 794 saec.
473 765 527 793 XV.
548 771 633 801 (unus
654 765 716 793 anni
739 764 830 798 ilidii).
847 772 968 801 quorum

119 812 174 841 duo
196 820 294 841 nomen
318 813 525 841 bonaventurae
549 812 665 845 habent,
687 812 748 845 alii,
764 813 845 840 etiam
863 811 905 840 ille
921 820 969 839 an-

122 860 238 897 tiquior,
261 863 325 888 suut
347 859 484 896 anonymi.
509 859 574 887 llinc.
602 859 730 888 standum
750 862 791 887 est
814 859 838 886 iu
861 861 967 887 senten-

120 907 155 935 tia
178 909 292 943 negante
313 907 521 943 genuinitatem,
537 914 619 943 quam
644 906 669 934 in
692 906 750 934 istis
767 906 967 942 prolegomenis

119 958 232 991 propter
254 953 364 982 criteria
382 954 488 982 iuterna
509 953 691 982 defendimus.

199 1002 242 1028 159.
268 1000 397 1037 Epistola
419 1001 459 1028 acl
480 1001 631 1038 quantiam
646 1000 898 1028 sanctimonialem
927 999 968 1037 fc-

119 1047 241 1081 minant,
266 1047 321 1075 Dco
343 1048 473 1075 (semotam
496 1047 594 1083 (Ratio
616 1050 666 1075 etr.
690 1055 750 1083 pag.
771 1047 827 1074 2118
850 1055 875 1075 11.
899 1046 966 1081 24.).

199 1095 307 1131 Incipit:
336 1106 348 1119 «
365 1095 391 1122 111
414 1094 523 1122 Christo
546 1094 604 1122 Iesu
627 1094 713 1122 sorori
730 1093 922 1122 dilectissimae
938 1093 966 1121 N.

118 1142 268 1170 electorum
292 1141 404 1169 intimus
426 1141 458 1169 fr.
483 1141 682 1169 Bonaventura.
698 1141 815 1169 Gustare
833 1145 857 1169 el
875 1141 967 1169 videre

118 1197 205 1226 maim
228 1189 331 1216 sauvis
353 1193 392 1216 cst
411 1188 561 1216 Domina-s.
584 1189 617 1217 [t
641 1188 686 1216 tibi
710 1188 859 1216 scriberem
877 1200 889 1212 »
916 1191 966 1216 etc.

118 1236 186 1263 Haec
199 1235 341 1271 inscriptio
355 1235 430 1263 deest
448 1235 472 1263 in
485 1235 545 1263 aliis
560 1235 709 1268 codicibus,
726 1236 772 1272 qui
790 1239 850 1272 post
866 1235 965 1263 verba.-

117 1283 151 1310 ‹le
181 1282 358 1310 snam'ssiino
386 1291 492 1319 sapore
523 1282 640 1315 (ticino,
670 1282 822 1319 incipiunt:
853 1286 884 1310 itt
916 1282 968 1310 tibi

117 1329 270 1357 scriberem
294 1333 344 1357 etc.
368 1346 405 1349 —
433 1329 490 1357 Non
521 1329 659 1357 habentur
686 1329 784 1357 indicia
809 1330 875 1357 satis
904 1337 966 1365 pro-

118 1376 225 1409 bantia,
248 1380 279 1404 ut
303 1376 420 1412 Epistola
443 1379 501 1404 tuto
524 1376 731 1404 bonaventurae
753 1376 936 1404 adscribatur.

196 1424 241 1451 To.
275 1423 402 1460 Epistola
433 1423 473 1451 cut
503 1423 649 1460 qnondam
680 1422 738 1450 sibi
768 1423 903 1451 dilectam
934 1423 968 1451 tle

117 1470 285 1499 oninin'zotla
305 1471 355 1498 sni
386 1471 583 1508 resignatione
613 1470 667 1498 sab
696 1470 842 1499 roolantatc
863 1470 966 1499 (licina

117 1519 214 1553 (Ratio
236 1521 286 1546 etc.
310 1526 370 1554 pag.
394 1519 449 1546 269
473 1526 499 1546 11.
523 1518 591 1551 251).

196 1565 306 1601 Incipit:
344 1565 464 1593 «Gratia
495 1565 571 1593 vobis
604 1569 630 1593 et
663 1565 851 1594 misericordia
867 1577 879 1590 υ
912 1569 962 1593 etc.

116 1629 154 1633 —-
170 1612 264 1640 Exstat
287 1612 312 1640 111
336 1620 391 1640 uno
407 1612 498 1640 codice
515 1612 690 1646 Lovaniensi,
713 1612 759 1640 sed
777 1620 874 1648 parum
897 1613 968 1649 sapit

117 1659 235 1688 indolem
258 1660 283 1687 S.
308 1659 522 1688 bonaventurae.

195 1708 240 1734 7¹1.
266 1706 394 1743 Epistola
415 1707 456 1734 atl
477 1707 622 1744 qacntlam
647 1706 822 1744 Rcligyiosam
843 1706 901 1734 sibi
921 1707 965 1735 (li-

116 1753 216 1781 lcctnm
240 1753 273 1781 (lc
296 1753 431 1790 oigyilanti
452 1757 476 1781 ct
504 1752 647 1790 indefesso
666 1753 801 1790 profectu
825 1753 855 1781 in
877 1754 966 1790 spiri-

116 1800 191 1828 tuali
212 1800 272 1828 vita
294 1800 391 1836 (Ratio
413 1804 463 1828 etc.
489 1808 548 1837 pag.
572 1801 627 1829 269
651 1809 677 1828 n.
699 1801 767 1834 ⁴26).

196 1847 304 1884 Incipit:
327 1859 340 1872 «
352 1847 490 1876 Transfixi
507 1847 598 1876 cordis
619 1855 713 1876 amore
728 1848 870 1876 absorberi
884 1860 897 1872 »
913 1851 964 1876 etc.

116 1894 236 1923 Habetur
260 1895 285 1922 in
314 1894 409 1923 eodem
442 1894 534 1923 codice
563 1895 739 1928 Lovaniensi3
763 1894 833 1923 idem
857 1895 889 1923 de
913 1895 963 1923 hac

114 1945 197 1979 atque
219 1942 400 1978 praecedente
423 1942 541 1978 Epistola
562 1942 709 1970 dicendum
731 1945 780 1970 est.

193 1990 238 2017 72.
262 1989 388 2026 Rcyalac
409 1998 459 2017 sca
482 1989 631 2017 maxima-c
660 1988 828 2026 Tlicoloyiac
853 1989 964 2026 fratris

115 2036 341 2064 Bonavcnturac
362 2037 459 2070 (Ratio
481 2040 531 2064 etc.
555 2044 614 2073 pag.
639 2037 695 2064 270
717 2045 742 2064 n.
766 2038 834 2066 227).

192 2083 319 2117 Constat,
343 2084 394 2111 hoc
415 2084 580 2120 opusculum
614 2091 673 2112 esse
702 2084 775 2112 Alani
802 2084 837 2112 ab
867 2084 964 2112 Insulis

114 2129 178 2157 Ord.
202 2130 265 2158 Cist.
290 2130 456 2166 impressum
480 2134 522 2158 est
552 2133 608 2158 tum
638 2130 785 2166 separatim
809 2133 867 2158 tum
890 2130 962 2166 apud

114 2177 214 2213 Migne‚
238 2177 336 2205 Patrol.
358 2178 413 2205 Lat.
437 2181 502 2205 tom.
528 2179 592 2212 ΗΟ,
615 2178 664 2206 col.
690 2178 744 2206 596
767 2185 842 2214 seqq.

193 2224 238 2252 73.
268 2224 425 2252 Tractatas
446 2225 480 2252 (lc
501 2229 630 2262 quatuor
650 2224 796 2261 madibus
813 2225 887 2252 nitac
905 2225 963 2261 spi-

115 2270 236 2299 ritualis
258 2271 356 2307 (Ratio
378 2274 428 2299 etc.
453 2279 512 2308 pag.
536 2272 592 2299 270
615 2279 641 2299 11.
658 2272 726 2302 28.).

193 2318 304 2355 Incipit:
332 2318 427 2346 «Cum
457 2318 574 2355 quadam
604 2319 675 2347 die»
702 2323 752 2347 etc.
782 2336 820 2339 —
843 2319 963 2347 liabetur

114 2364 141 2392 in
164 2365 253 2393 tribus
275 2365 430 2393 codicibus:
453 2365 479 2393 in
502 2365 594 2393 codice
610 2373 679 2394 saec.
696 2365 758 2393 XIII.
783 2365 964 2394 bibliothecae

116 2412 275 2440 Parisiensis
296 2412 410 2440 Sorbon.
436 2412 546 2446 15988,
568 2412 614 2441 sed
641 2412 698 2441 sine
720 2413 846 2446 nomine;
869 2413 895 2441 in
918 2421 962 2441 co—

114 2459 173 2487 dice
197 2459 368 2487 Bruxellensi
396 2459 530 2487 1520-[12.
553 2467 622 2488 saec.
639 2460 693 2487 XV.
709 2463 750 2488 est
766 2459 878 2488 titulus:
899 2472 911 2484 «
926 2460 963 2488 De

115 2509 235 2542 quatuor
263 2505 395 2542 gradibus
426 2506 578 2542 spiritualis
610 2507 756 2540 exercitii,
785 2508 831 2543 qui
861 2507 963 2535 dicitur

116 2551 219 2580 Scliota
247 2552 453 2581 claustralium)
470 2565 499 2586 υ,
521 2557 562 2581 est
584 2553 694 2590 quidem
716 2562 886 2590 anonymus,
916 2554 962 2582 sed

115 2599 282 2628 immeditate
304 2600 431 2636 sequitur
453 2600 661 2629 Bonaventurae
687 2601 853 2637 opusculum
878 2601 962 2629 ltine-

116 2647 234 2675 rarinin
256 2648 359 2675 mentis
382 2648 412 2675 iu
433 2656 463 2675 se
484 2648 580 2685 ipsam
603 2648 660 2676 sive
684 2649 722 2676 De
744 2648 866 2685 Triplici
894 2649 962 2681 Via,-

116 2694 142 2722 in
164 2694 255 2723 codice
279 2694 459 2723 bibliothecae
476 2695 633 2724 Parisiensis
647 2695 795 2724 Nationalis
809 2704 879 2724 saec.
896 2696 960 2724 XIV.

116 2741 160 2769 fol.
176 2742 212 2769 86
234 2741 400 2777 opusculum
423 2741 600 2770 inscribitur:
628 2742 752 2779 «Incipit
774 2746 908 2771 tractatus
929 2743 962 2772 de

117 2788 148 2815 IV
167 2788 298 2824 gi‘adibus
320 2789 391 2816 vitae
409 2788 562 2825 spiritualis
582 2797 598 2817 a
620 2789 705 2817 fratre
728 2789 918 2818 bonaventura
936 2802 960 2817 ».

116 2852 153 2855 —
174 2836 275 2863 Tamen
297 2835 462 2871 opusculum
485 2838 526 2864 est
547 2836 626 2864 valde
647 2836 772 2864 dublum.

195 2881 240 2909 74.
265 2881 370 2918 Incipit
396 2890 515 2910 stimma
545 2882 734 2919 poenitentiae
762 2882 922 2919 composita
943 2891 962 2910 a

117 2929 324 2956 bonaventura
346 2928 499 2956 cardinale
513 2929 610 2965 (Ratio
625 2933 675 2958 etc.
693 2938 752 2966 pag.
769 2930 826 2957 270
848 2938 874 2957 n.
894 2930 961 2964 29.).

195 2976 326 3012 Prologus
348 2976 453 3012 incipit:
475 2977 629 3012 «Quoniam
645 2977 679 3005 ad
694 2977 883 3006 remissionem
902 2985 962 3014 pec-

116 3026 268 3051 catorum...
291 3024 392 3051 Auctor
414 3023 493 3051 istius
514 3023 620 3060 operis,
643 3023 700 3052 sive
721 3032 804 3052 causa
832 3023 962 3057 efficiens,

1028 295 1100 330 quod
1119 295 1187 322 idem
1210 298 1266 327 est,
1289 295 1339 322 l'uit
1361 296 1471 331 ‹piidam
1497 296 1536 323 vir
1554 296 1697 330 religiosus
1719 300 1745 323 et
1767 305 1871 324 sunuua

1029 341 1170 369 honestate
1187 341 1332 377 insignitus
1347 345 1374 368 ct
1390 342 1477 369 noluit
1492 351 1520 369 se
1538 342 1688 370 nominare.
1705 343 1750 370 atii
1768 343 1872 377 (luunt,

1028 387 1099 423 quod
1124 388 1174 415 l'uit
1196 388 1307 424 quidam
1334 388 1419 416 sratcr
1443 389 1547 422 minor,
1570 389 1616 425 11111
1649 389 1798 417 vocabatur
1822 390 1873 417 l'ra-

1029 438 1069 462 ter
1083 435 1273 462 bonaventura
1287 446 1312 462 ».
1330 435 1375 462 llic
1392 435 1522 471 prologus
1537 435 1624 463 sactus
1639 439 1692 467 est.
1711 439 1740 463 ut
1757 436 1873 469 ridetur,

1027 490 1042 509 a
1058 481 1185 517 Magistro
1201 482 1298 509 Ioanne
1313 481 1346 509 de
1362 482 1511 515 salama-ia,
1523 482 1588 509 Ord.
1601 483 1664 510 Cist.
1683 483 1769 518 Ipsius
1784 484 1874 519 operis

1028 527 1135 555 initium
1151 532 1207 556 cst:
1228 540 1241 552 α
1255 528 1393 556 l’oeniteas
1407 529 1469 561 cilo,
1487 532 1621 565 peccator,
1634 538 1696 557 cuni
1713 530 1747 557 sit
1763 530 1875 557 1111513111-

1028 578 1094 602 tor»
1114 578 1164 603 etc.
1177 575 1281 611 Opella‚
1298 575 1363 603 salso
1378 575 1516 611 adscripta
1532 576 1747 609 bonaventurae,
1763 580 1804 604 est
1820 585 1874 604 mc—

1028 621 1094 649 trice
1116 622 1227 658 scripta,
1244 622 1300 658 ipsa
1316 625 1357 650 cst.
1377 623 1509 658 impressa
1524 626 1550 651 et
1568 623 1652 650 l'ctro
1671 623 1812 651 nint-sensi
1828 624 1875 651 tri-

1027 669 1092 696 buta
1114 669 1185 705 apud
1209 669 1312 705 migne,
1337 669 1433 697 I’atrol.
1458 670 1511 697 Lat.
1537 673 1600 697 totu.
1624 671 1678 697 2117
1702 671 1751 697 col.
1778 671 1859 699 12311.

1105 717 1150 744 75.
1176 717 1279 753 Incipit
1301 717 1445 754 qitacdam
1471 717 1618 744 meditatio
1646 726 1735 753 saper
1759 719 1872 754 11111110-

1025 772 1089 791 ncnz
1114 764 1232 791 Domini
1257 764 1368 798 nostri,
1391 772 1480 801 qaam
1510 763 1577 800 sccii
1611 765 1749 799 iliacis-tce·
1779 766 1873 793 Bona-

1027 814 1150 837 ttcntnra
1171 810 1267 846 (Ratio
1289 814 1339 839 etc.
1364 819 1423 847 pag.
1448 812 1499 838 271
1528 819 1552 838 ιι.
1576 811 1642 843 311).

1106 858 1213 893 Incipit:
1231 869 1243 882 «
1255 857 1364 894 Septici*
1376 858 1407 885 in
1419 857 1464 885 (lic
1479 858 1594 885 [anilem
1608 858 1705 886 (licam
1719 858 1777 887 tibet.
1795 860 1875 895 boga-

1025 904 1057 932 sti
1076 912 1126 938 me,
1144 908 1173 932 ut
1188 904 1430 941 aliquemcumque
1446 905 1556 933 niodum
1577 906 1776 941 conteu'iplandi
1791 918 1804 931 ι)
1823 910 1873 934 etc.

1027 951 1121 979 Exstat
1143 951 1169 979 in
1193 952 1286 980 uiultis
1308 951 1463 985 codicibus,
1488 952 1513 979 in
1536 952 1638 988 quibus
1660 960 1740 989 saepe
1757 953 1875 981 liabetur

1026 1006 1124 1026 nomen
1148 998 1294 1029 bernardi:
1319 998 1343 1026 in
1367 1007 1423 1027 uno
1453 999 1611 1027 nominatur
1639 1000 1823 1035 augustinns:
1848 1000 1874 1028 in

1026 1054 1096 1079 uno,
1120 1046 1324 1079 bonaventura,
1347 1046 1390 1074 alii
1414 1050 1478 1074 sunt
1500 1046 1644 1082 anonyini;
1667 1046 1712 1074 sed
1737 1047 1802 1075 hacc
1820 1055 1875 1075 me-

1024 1092 1119 1120 ditatio
1142 1093 1274 1129 impressa
1296 1097 1336 1121 est
1356 1093 1427 1121 inter
1443 1100 1526 1129 opera
1545 1093 1646 1126 bertar,
1664 1093 1759 1129 Migne,
1777 1094 1874 1121 Pati-ol.

1026 1140 1081 1167 Lat.
1106 1143 1169 1168 tom.
1193 1141 1218 1167 5.
1242 1140 1291 1168 col.
1316 1141 1380 1168 5151.

1105 1187 1149 1214 76.
1175 1187 1212 1215 Dc
1236 1186 1416 1215 Antichristo
1435 1191 1459 1215 ct
1476 1187 1538 1215 cius
1555 1188 1699 1215 nn'nistris
1715 1197 1750 1215 uc
1765 1188 1798 1216 tlt:
1813 1189 1875 1216 citis

1025 1234 1167 1262 ‹tricentns
1182 1234 1276 1271 siquis
1291 1238 1342 1263 etc.
1359 1235 1457 1270 (Ratio
1473 1238 1523 1263 etc.
1542 1243 1601 1271 pag.
1618 1235 1746 1263 271-273
1765 1244 1789 1263 ιι.
1806 1236 1872 1265 31.)¹

1106 1281 1201 1317 Incipit
1222 1282 1370 1318 prologus:
1397 1293 1409 1305 «
1426 1281 1560 1317 Quoniam
1584 1282 1694 1318 quidam
1722 1283 1747 1310 in
1772 1287 1873 1311 tantam

1025 1328 1167 1357 audaciam
1197 1332 1263 1357 sunt
1288 1329 1437 1365 prolapsi»
1464 1332 1514 1357 etc.
1538 1345 1575 1348 —
1598 1329 1704 1357 Citatur
1736 1338 1750 1357 a
1780 1330 1874 1358 Vorri-

1027 1376 1105 1412 longo
1134 1383 1196 1403 cum
1230 1376 1309 1404 titulo
1340 1376 1547 1412 Coinpcntliam
1580 1376 1613 1404 (lc
1644 1376 1822 1405 Antichristo
1844 1377 1872 1414 (I.

1025 1424 1097 1450 Sent.
1120 1423 1145 1450 d.
1170 1424 1194 1451 5.
1224 1423 1309 1451 concl.
1339 1424 1377 1458 2),
1402 1423 1447 1451 ubi
1478 1423 1593 1459 legitur:
1619 1423 1750 1451 Doctoris
1783 1424 1876 1452 devoti

1025 1470 1226 1506 compcntliain
1249 1470 1283 1497 (lc
1297 1469 1424 1497 aclocntit
1440 1468 1623 1503 Anticliricti,
1639 1478 1694 1506 quo
1717 1470 1874 1499 insinuatur

1024 1524 1109 1553 supra
1132 1520 1242 1545 notatus
1265 1517 1381 1545 libellus.
1406 1517 1458 1545 lloc
1486 1525 1556 1553 opus
1582 1517 1647 1545 satis
1669 1517 1799 1546 dill'usum
1828 1519 1874 1546 ha-

1024 1564 1106 1592 betur
1129 1564 1154 1591 in
1179 1572 1233 1591 nno
1255 1564 1312 1592 solo
1334 1564 1425 1592 codice
1449 1564 1576 1592 I‘arisien.
1599 1564 1676 1592 Sorb.
1700 1565 1746 1593 Ms.
1766 1565 1815 1593 Th.
1833 1565 1873 1593 IV.

1024 1612 1061 1639 22
1085 1611 1109 1638 in
1133 1611 1162 1639 8⁰
1184 1618 1247 1639 cum
1269 1611 1380 1639 nomine
1410 1611 1625 1639 Bonaventurae.
1648 1612 1749 1639 Auctor
1771 1612 1873 1649 impro-

1025 1658 1070 1686 bat
1101 1658 1251 1686 sententiae
1277 1658 1383 1686 abbatis
1413 1658 1529 1686 [oachim
1556 1662 1583 1686 et
1607 1658 1674 1686 alios
1704 1659 1872 1696 pseudopro-

1024 1706 1135 1742 phetas,
1158 1714 1228 1742 opus
1253 1709 1340 1734 tamen
1359 1706 1410 1734 hoc
1432 1714 1485 1733 non
1499 1705 1607 1733 videtur
1629 1714 1688 1734 esse
1705 1706 1873 1735 bonaventu-

1025 1760 1079 1781 rae.
1096 1752 1145 1781 Sed
1168 1752 1231 1789 quis
1254 1752 1319 1781 illud
1337 1753 1494 1789 scripserit,
1511 1761 1562 1780 non
1581 1753 1744 1781 invenimus.
1764 1753 1872 1782 Minime

1023 1800 1151 1828 convenit
1173 1808 1235 1828 cum
1258 1800 1311 1828 alio
1332 1799 1366 1827 de
1382 1799 1547 1828 Antichristo
1568 1799 1637 1827 libro
1659 1800 1780 1836 magistri
1799 1801 1873 1828 Ioan-

1023 1847 1064 1875 nis
1087 1847 1246 1876 Parisiensis
1267 1847 1297 1875 O.
1322 1847 1358 1880 P.y
1381 1854 1463 1883 quem
1486 1847 1634 1883 exscripsit
1666 1847 1800 1883 plagiator
1829 1847 1873 1875 Ni-

1023 1894 1116 1922 colaus
1143 1894 1177 1922 de
1206 1894 1353 1931 Argentina
1373 1893 1404 1921 Ο.
1429 1893 1464 1927 Ρ.,
1486 1893 1519 1921 de
1541 1902 1597 1930 quo
1629 1893 1736 1922 erudite
1763 1894 1872 1930 scripsit

1022 1941 1054 1969 cl.
1079 1941 1104 1969 P.
1127 1941 1207 1969 Henr.
1232 1940 1335 1969 Denifle
1357 1941 1467 1976 (Archiv
1491 1940 1506 1968 s.
1535 1941 1595 1968 Litt.
1614 1949 1639 1969 u.
1656 1940 1783 1969 Kirchen.
1809 1945 1871 1968 tom.

1023 1989 1063 2017 IV.
1086 1996 1145 2025 pag.
1169 1988 1225 2017 313
1248 1988 1345 2025 seqq).

1101 2037 1146 2063 77.
1182 2035 1389 2072 Conipcncliam
1420 2035 1584 2063 scalarium
1619 2035 1871 2063 illaminationain

1022 2081 1058 2109 ab
1081 2081 1181 2118 infimo
1203 2082 1243 2110 ad
1263 2090 1434 2118 supremam
1456 2082 1585 2119 qratiam
1608 2081 1780 2118 scrapliicac
1795 2082 1873 2110 cari-

1022 2130 1091 2157 tatis
1112 2130 1230 2157 (livinae
1251 2134 1277 2157 ct
1295 2129 1478 2158 christianae
1493 2129 1709 2157 ascendentium
1727 2138 1817 2166 iisqne
1832 2129 1872 2157 att

1022 2177 1190 2210 caritatem,
1219 2176 1326 2204 scilicet
1355 2176 1534 2205 Sanctorum
1563 2176 1593 2203 in
1624 2176 1744 2212 patria,
1767 2176 1809 2204 vet
1842 2179 1871 2203 at

1021 2223 1099 2251 alias
1119 2224 1343 2260 piactitalatzis,
1366 2224 1397 2251 in
1432 2224 1605 2251 Tractatum
1634 2223 1667 2251 ilc
1694 2222 1871 2251 sublimitate

1021 2274 1045 2298 ct
1066 2270 1231 2299 excellentia
1253 2270 1389 2299 caritatis
1413 2270 1464 2298 Dei
1482 2271 1633 2307 yradatim
1658 2271 1783 2298 ascentis
1802 2279 1872 2306 pro-

1022 2318 1104 2355 logyits
1135 2317 1258 2355 feliciter
1290 2318 1391 2354 incipit
1423 2318 1524 2353 (Ratio
1556 2321 1607 2346 etc.
1641 2326 1700 2354 pag.
1735 2317 1870 2345 273-275

1021 2373 1046 2393 n.
1070 2365 1138 2397 32).

1101 2412 1211 2449 Incipit:
1227 2412 1375 2449 tilayistcr,
1391 2412 1468 2450 (saort
1482 2416 1522 2440 est
1537 2412 1713 2440 mandatam
1729 2420 1868 2447 marsnam

1021 2460 1051 2487 in
1067 2460 1137 2496 Lcyc
1151 2463 1201 2488 etc.
1226 2475 1261 2480 -
1286 2460 1338 2488 Hoc
1359 2459 1525 2496 opusculum
1549 2459 1714 2495 impressum
1737 2462 1777 2487 est
1800 2459 1870 2487 inter

1020 2514 1104 2543 opera
1126 2506 1266 2543 illegitima
1288 2507 1312 2534 S.
1337 2507 1470 2540 Thomae,
1494 2510 1558 2534 tom.
1578 2507 1621 2534 17.
1639 2514 1698 2542 pag.
1715 2506 1770 2534 235
1794 2514 1868 2542 seqq.

1021 2554 1073 2585 (ed.
1098 2554 1270 2589 Parmensis).
1293 2554 1488 2590 Apographum
1520 2556 1646 2581 nostrum
1677 2553 1784 2581 videtur
1807 2553 1869 2581 hinc

1020 2601 1082 2629 inde
1110 2609 1170 2629 esse
1199 2601 1225 2628 in
1256 2601 1368 2629 brevius
1397 2604 1578 2629 contractum.
1608 2601 1675 2636 Quis
1704 2600 1738 2627 sit
1759 2604 1868 2633 auctor,

1020 2656 1073 2676 non
1097 2648 1191 2684 liquet.
1226 2648 1383 2676 Invenimus
1416 2647 1481 2676 illud
1515 2647 1540 2675 in
1571 2647 1694 2675 biblioth.
1729 2647 1868 2680 Looanii,

1020 2695 1214 2723 canomcorum
1238 2695 1364 2731 Regular.
1387 2702 1456 2723 saec.
1487 2695 1541 2723 XV.
1565 2694 1652 2722 chart.
1676 2694 1701 2721 in
1724 2695 1750 2721 8.
1773 2694 1868 2730 grandi

1019 2742 1064 2770 fol.
1090 2742 1140 2769 ’141
1167 2750 1188 2769 r.
1211 2741 1381 2778 adscriptum
1405 2741 1610 2774 Bonaventure3
1642 2749 1725 2777 porro
1752 2741 1870 2769 liabetur

1023 2788 1190 2825 Erforcliac,
1212 2789 1270 2817 cod.
1294 2790 1320 2817 8.
1347 2790 1393 2817 12ο
1422 2789 1537 2817 membr.
1566 2796 1636 2816 saec.
1662 2788 1726 2815 XIV.
1758 2788 1801 2816 sol.
1833 2789 1868 2815 77

1020 2844 1106 2873 seqq,
1128 2836 1175 2864 sed
1197 2844 1374 2872 anonymum.
1399 2836 1463 2864 Pars
1486 2835 1568 2863 libelli
1598 2835 1716 2863 habetur
1738 2835 1819 2863 etiam
1843 2835 1868 2863 in

1020 2882 1078 2911 cod.
1101 2883 1226 2911 biblioth.
1249 2882 1421 2911 Trevirensis
1443 2891 1468 2910 n.
1493 2882 1557 2910 583
1580 2882 1625 2910 sol.
1648 2882 1685 2910 42
1708 2890 1730 2909 r.

1100 2930 1145 2958 78.
1184 2929 1391 2957 invitatoriam
1426 2928 1536 2965 fratris
1576 2930 1799 2957 Bonaocntarac
1830 2930 1869 2957 att

1020 2985 1150 3005 amorcnz
1177 2980 1298 3004 san-ctae
1328 2974 1502 3004 humilitatis
1531 2980 1555 3003 ct
1582 2975 1769 3012 paupertatis·
1799 2976 1867 3011 (Ra-

1022 3024 1059 3051 tio
1081 3027 1142 3057 etc.‚
1165 3031 1224 3060 pag.
1247 3023 1303 3051 275
1327 3031 1352 3050 n.
1376 3023 1444 3056 33).
