2269 3448
648 233 746 261 tNtitix
768 233 1008 262 Atrttttttit‘tcus
1030 233 1107 261 NONl
1130 234 1317 262 VOLUMlNlS.

351 274 404 295 DEB

100 314 144 336 324
163 313 184 335 b.
203 313 248 335 3-25
266 320 277 335 3
290 325 320 329 -
333 312 398 340 petiit
414 318 426 333 a
440 312 537 334 Domino
549 311 663 338 irriguum

99 352 229 376 devotionis
246 355 268 374 et
285 351 455 379 lacrymationis
476 351 517 372 109
536 349 550 371 1)

149 403 175 407 -
195 391 267 413 David
286 390 390 417 cadente,
403 390 479 412 nuilus
491 392 631 417 praesumat,
642 391 665 410 et

101 430 173 452 David
196 432 338 457 resurgente,
361 429 435 451 nuilus
457 429 564 455 desperet
581 428 626 450 325
644 433 664 449 a.

99 469 144 492 660
163 468 177 491 11

147 509 246 530 int-utrum
264 520 294 524 —
311 514 322 529 a
351 507 397 529 Dcu
423 506 544 529 dimittitur
570 509 664 534 propter

100 548 141 570 tria
160 547 204 569 437
222 553 234 569 a

149 587 312 609 Decacnonouiu
330 598 361 601 —
380 586 427 607 Non
454 588 488 607 est
512 585 611 607 idoneus
635 585 663 607 ad

99 626 270 648 decachordum
290 625 432 652 tangendum
452 624 497 646 Deo
514 625 612 653 quinon
626 625 665 646 tta-

100 665 138 687 bet
155 665 286 687 exercitium
306 664 350 686 434
368 670 380 686 a

148 705 246 726 Decime
263 716 293 720 —
310 704 394 725 dantur
412 709 453 731 pro
472 703 606 731 minister10,
619 708 664 724 non

99 750 111 766 e
128 749 242 766 converso
260 743 305 765 675
322 749 334 764 a

148 782 222 804 Dacos
233 795 263 797 —
276 782 382 809 designat
390 781 494 803 atvinnm
505 781 664 808 remigantium

101 821 145 844 420
163 821 178 843 b

148 861 261 883 Derec’rus
278 873 308 877 —
326 860 434 888 proprius
451 863 485 882 est
505 859 665 887 corrigendus,

99 904 128 929 et,
146 901 164 922 si
176 906 202 923 ex
216 900 291 923 officio
305 899 425 927 incumbit,
438 899 505 921 etiam
519 899 607 921 alienus
620 898 665 920 410

100 946 111 962 a
131 952 159 956 -—
179 940 254 962 iniusti
273 939 302 961 de
315 938 443 961 defectibus
454 938 556 966 propriis
567 944 613 960 non
626 944 666 960 cu-

100 982 151 1001 rant
168 982 190 1001 et
202 979 288 1001 alienos
300 979 446 1001 dissimulant
458 977 513 1000 ibid.
523 990 554 994 -
567 978 665 999 aliorum

99 1019 152 1047 plus
168 1021 222 1041 sunt
238 1018 356 1041 caritative
372 1017 483 1040 tolerandi
496 1023 566 1045 quam
579 1019 666 1039 temere

100 1058 215 1081 iudicandi
235 1057 275 1080 351
298 1057 312 1079 b
329 1069 360 1073 —-
376 1057 457 1085 triplex
476 1057 516 1078 fuit
533 1056 555 1078 in
572 1056 666 1078 homine

101 1100 153 1120 ante
170 1098 297 1120 adventum
316 1096 398 1119 Christi
418 1096 446 1118 45
464 1102 476 1118 a

148 1137 258 1159 Deruncrt
280 1148 310 1152 —
327 1135 446 1164 quomodo
469 1135 575 1157 differant
597 1141 608 1157 a
632 1135 667 1156 vi-

101 1176 215 1204 ventibus,
233 1176 308 1198 Beatis
325 1179 346 1197 et
364 1175 479 1197 damnatis
496 1175 541 1196 606
559 1181 570 1196 3
588 1186 619 1190 -
631 1181 667 1196 su-

100 1222 142 1244 per
154 1216 329 1237 fundamentum
343 1215 395 1237 [idei
408 1215 558 1237 aedificarunt
569 1214 666 1242 lignum,

100 1256 201 1282 foenum,
218 1255 326 1282 stipulam
345 1254 388 1276 608
408 1253 422 1276 b
441 1267 469 1269 —
487 1254 524 1276 Eis
542 1253 612 1281 gioria
626 1253 666 1275 dif-

100 1295 171 1316 fertur
184 1297 278 1322 propter
289 1294 447 1321 imperfectam
461 1292 665 1315 sanctificationem

101 1333 146 1355 605
163 1339 175 1355 3
191 1345 222 1349 —-
233 1333 294 1355 Licet
306 1333 497 1360 impedimentum
512 1332 665 1355 extrinsecum

100 1372 244 1400 ingrediendi
262 1372 350 1394 caelum
369 1372 390 1393 in
408 1372 441 1393 eis
458 1372 486 1394 sit
498 1374 621 1399 remotum,
635 1378 667 1394 re-

101 1415 179 1433 manet
196 1414 271 1433 tamen
290 1411 438 1438 intrinsecum
456 1410 510 1434 ibid.
523 1423 553 1427 --
565 1411 667 1433 crucian-

100 1452 175 1473 turin
198 1450 306 1473 dilatione
332 1450 428 1478 praemii
451 1453 473 1472 et
499 1450 519 1472 in
546 1451 667 1472 afflictione

101 1489 207 1517 supplicii
226 1489 270 1511 607
288 1496 309 1515 a,
328 1489 342 1511 b

147 1541 178 1545 —
195 1528 311 1556 purgandi
330 1528 400 1550 vitam
423 1528 513 1550 beatam
536 1531 669 1557 exspectant

101 1568 289 1591 certitudinaiiter
307 1568 351 1589 606
370 1567 384 1589 b
402 1580 432 1584 —
450 1568 580 1595 Promissio,
596 1574 667 1597 quam

102 1609 241 1635 exspectant,
258 1610 292 1629 est
309 1607 435 1629 certissima
449 1607 494 1629 607
506 1614 517 1629 3
531 1620 561 1623 -
575 1608 606 1629 De
618 1608 668 1629 eius

102 1646 210 1669 dilatione
233 1647 335 1674 graviter
357 1646 489 1669 cruciantur
506 1646 559 1669 ibid.
579 1659 607 1663 ——
625 1648 669 1669 Ma-

102 1692 146 1708 6115
163 1686 255 1708 Domini
272 1686 390 1714 quondam
414 1692 496 1708 curans
518 1686 668 1715 infirmitates,

102 1731 163 1747 nunc
181 1725 246 1753 punit
262 1725 392 1754 iniquitates
410 1725 455 1746 608
473 1731 486 1747 a

149 1777 180 1781 -—
197 1765 281 1786 Eorum
299 1767 383 1786 statum
402 1764 524 1792 designant
535 1765 633 1787 Galilaea
646 1768 668 1787 et

103 1804 226 1826 Galaaditis
238 1803 292 1826 ibid.
304 1816 334 1820 —
347 1810 387 1831 per
398 1804 530 1832 Aegyptum
548 1804 668 1832 designan-

103 1845 141 1865 tur
158 1842 187 1865 ib.
206 1842 222 1865 b
239 1855 270 1860 —
286 1846 381 1871 propter
393 1849 459 1871 spem
471 1849 518 1865 non
531 1850 556 1865 se
573 1850 668 1871 percus-

103 1888 148 1909 sos,
165 1882 206 1904 sed
224 1885 296 1904 tactos
313 1885 419 1910 reputant
437 1883 481 1904 607
500 1882 515 1904 b

148 1933 179 1937 —
187 1921 249 1944 Deus
261 1922 323 1949 ipsos
332 1922 381 1943 vult
390 1922 473 1943 saivari
484 1922 529 1944 607
540 1922 554 1943 1]
563 1935 593 1938 -
606 1922 667 1944 Deus

102 1961 158 1989 vuit,
176 1967 216 1983 eos
232 1967 274 1989 per
291 1967 333 1983 nos
350 1961 424 1983 iuvari
437 1960 492 1983 ibid.
503 1973 534 1977 —
546 1962 620 1989 Super
632 1967 668 1984 eo-

102 2006 154 2022 rum
173 2000 342 2022 multitudinem
361 2000 450 2022 moveri
467 1999 582 2023 debemus
594 2001 616 2023 in
630 2000 668 2023 bo-

101 2039 138 2061 615
155 2040 345 2067 congratulando,
363 2040 386 2061 in
403 2040 502 2062 miseriis
523 2040 668 2063 condolendo

102 2081 124 2101 et
150 2079 172 2100 in
198 2079 334 2101 necessariis
358 2079 517 2101 succurrendo
543 2080 588 2102 605
606 2079 620 2101 b
637 2092 668 2096 —

103 2118 159 2145 ipsis
176 2117 291 2140 debemus
308 2119 408 2146 compati
427 2121 521 2146 propter
539 2118 668 2146 impossibi-

101 2157 187 2179 litatem
213 2157 302 2185 proprii
326 2157 450 2179 iuvaminis
475 2161 497 2180 et
522 2158 667 2180 idoneitatem

103 2196 170 2218 alieni
187 2197 290 2224 suffragii
308 2197 353 2218 606
371 2203 392 2223 a,
410 2196 425 2218 b
442 2209 472 2213 —
489 2197 524 2219 Ad
546 2197 668 2219 condolen-

103 2235 158 2257 dum
176 2235 209 2258 eis
226 2236 361 2258 conducunt
377 2242 458 2258 eorum
481 2236 613 2263 necessitas,
631 2242 669 2258 no-

103 2277 148 2297 stra
166 2275 194 2297 ad
213 2275 286 2297 Deum
304 2275 452 2297 conformitas
469 2278 491 2297 et
513 2278 590 2297 nostra
614 2275 670 2297 utili-

103 2318 138 2336 tas
155 2314 199 2335 607
218 2320 231 2336 a
248 2327 278 2330 —
296 2314 332 2336 Eis
349 2316 383 2336 est
399 2314 591 2341 succurrendum,
614 2315 668 2343 quia

103 2355 175 2375 status
192 2359 272 2375 eorum
299 2356 333 2375 est
359 2352 502 2380 miserabilis,
527 2353 669 2381 reparabilis,

104 2392 172 2414 nobis
190 2392 257 2418 utilis,
275 2391 434 2415 beatificabiiis
451 2393 495 2414 608
514 2399 525 2414 a
543 2405 574 2409 --
587 2393 671 2415 Defun-

102 2432 145 2454 ctis
161 2437 297 2454 succurrere
315 2431 428 2453 debemus
446 2438 487 2459 per
503 2432 631 2454 orationem
648 2435 671 2454 et

103 2477 144 2499 per
162 2471 319 2499 operationem
337 2470 366 2493 ib.
384 2477 405 2497 a,
424 2470 438 2492 b

151 2522 180 2526 —
190 2510 316 2532 liberantur
325 2516 367 2537 per
375 2510 501 2532 orationem
511 2510 610 2537 fidelem,
618 2510 670 2532 sim-

102 2549 186 2577 plicem
195 2553 217 2571 et
227 2549 335 2571 humilem
347 2549 390 2571 608
401 2556 421 2577 a,
432 2549 446 2571 b
457 2562 484 2565 —
496 2550 555 2571 Haec
564 2549 671 2577 designa-

103 2590 140 2610 tur
152 2594 193 2616 per
206 2589 292 2616 iudam,
305 2589 421 2611 ionatham
440 2591 462 2611 et
479 2589 597 2611 Simonem
615 2588 669 2612 ibid.

152 2640 180 2643 ψ
198 2628 228 2650 Ex
245 2634 326 2650 eorum
344 2628 505 2656 compassione
519 2628 586 2650 nobis
597 2629 669 2651 oritur

104 2667 188 2695 duplex
206 2667 290 2689 utilitas
307 2667 352 2689 607
369 2667 384 2689 b
401 2680 431 2683 —
448 2673 501 2689 cum
519 2667 549 2689 ad
571 2668 668 2695 gloriam

104 2706 259 2733 pervenerim,
271 2706 319 2728 suis
332 2705 518 2728 benefactoribus
527 2707 609 2734 ingrati
619 2713 670 2729 esse

104 2751 151 2767 non
167 2747 276 2772 poterunt
293 2744 348 2768 ibid.
365 2746 410 2767 608
428 2745 443 2767 b

151 2784 290 2807 Damon-no
303 2797 332 2800 ——
343 2788 378 2807 est
390 2785 519 2807 coniunctio
533 2785 670 2807 convenien-

104 2823 132 2845 tis
148 2829 201 2845 cum
219 2824 363 2846 convenienti
386 2824 427 2846 173
445 2823 468 2846 b.
490 2825 530 2846 198
548 2830 569 2846 a.
586 2824 630 2846 359
649 2831 669 2846 a.

104 2862 149 2884 602
167 2868 188 2884 a.
206 2863 250 2884 630
269 2862 284 2884 b
300 2875 331 2879 —
349 2862 465 2891 Originaie
477 2863 619 2891 principium
632 2863 670 2886 de-

104 2901 232 2924 lectationis
253 2905 287 2924 est
309 2903 416 2924 voluntas
434 2902 477 2924 480
496 2909 509 2924 a
529 2914 556 2919 —
573 2906 607 2925 est
623 2909 670 2925 car-

104 2940 161 2962 naiis
177 2941 341 2968 delectationis,
363 2941 495 2969 temporalis
517 2942 669 2970 purgationisy

104 2979 228 3002 materialis
244 2980 399 3007 relevationis,
421 2980 544 3008 spiritualis
566 2981 669 3003 refectio-

104 3018 147 3046 nis,
164 3019 285 3041 aeternalis
302 3019 414 3041 fruitionis
432 3019 461 3041 55
478 3026 491 3042 a

745 323 776 327 —
793 311 870 333 omnis
883 311 904 333 in
917 312 1030 339 praesenti
1048 318 1141 339 aspersa
1155 314 1188 333 est
1200 318 1263 333 :nna-

698 350 798 372 ritudinc
813 351 855 372 173
870 350 891 372 b.
910 350 954 372 408
967 357 979 372 3
993 362 1022 367 -
1039 351 1142 372 cui-mites
1154 357 1198 372 non
1211 353 1264 372 snut

699 389 740 411 nisi
758 389 918 411 circui-titiones
936 389 975 411 481
999 389 1013 411 b
1030 402 1060 406 —
1078 390 1135 411 Cum
1147 389 1262 412 sensibilia

698 435 742 450 non
760 428 883 451 immutent
899 435 993 450 sensum
1012 429 1053 450 nisi
1067 435 1108 456 per
1119 429 1229 456 spectem,
1243 429 1263 450 in

698 468 730 490 cis
743 474 787 489 non
800 470 835 490 est
846 474 900 490 vera
912 468 1033 490 delectatio
1050 468 1095 489 602
1107 474 1119 489 a
1134 480 1162 483 —
1175 470 1263 489 terrena

698 507 764 535 quasi
782 507 858 529 omnis
882 507 1002 529 coniuncta
1021 509 1055 529 cst
1079 513 1132 529 cum
1158 507 1264 528 amaritu-

698 546 751 568 dine
776 549 798 568 ot
824 546 913 568 fastidio
939 546 984 567 3t0
1003 545 1017 567 b
1034 558 1064 562 —-
1083 548 1172 568 terrena
1190 546 1265 567 omnis

698 585 829 607 amaritudo
845 587 879 607 est
895 588 917 607 et
933 588 1024 613 egestas
1041 585 1086 607 649
1105 584 1119 607 b
1136 597 1165 600 —
1185 585 1265 607 t'oedae

698 628 720 646 ct
738 628 840 647 terrenae
862 625 939 652 potius
961 624 1180 653 amaricant,qttam
1204 625 1266 646 ‹leie-

698 666 759 687 ctent
777 664 820 686 408
840 670 851 685 a

750 716 777 719 -
796 703 838 732 Qui
857 704 999 725 delectantur
1017 703 1076 725 circa
1100 706 1188 725 terrena
1212 706 1265 726 sunt

699 742 777 765 rustici
797 742 842 764 254
860 749 872 764 a
890 755 920 758 -
938 743 1048 764 Delectari
1067 743 1089 764 in
1107 742 1178 764 rebus
1201 749 1266 764 mun-

699 782 765 804 danis
782 782 838 804 nihil
855 782 917 804 aliud
935 785 969 804 est
985 788 1056 810 quam
1073 782 1145 804 lutum
1159 782 1265 809 amplecti

700 821 743 843 524
762 828 773 843 a
792 834 822 837 —
840 822 884 850 Qui
902 821 950 843 vult
962 822 1068 843 delectari
1082 821 1104 843 in
1118 821 1266 843 sensibilibus

699 861 837 883 assimilatur
855 867 935 888 puero,
953 862 1014 882 fatuo
1032 861 1068 882 vel
1086 861 1136 883 cani
1153 861 1199 883 602
1211 867 1223 882 a
1236 872 1266 876 —

700 900 721 922 111
744 899 853 922 omuibus
875 900 1065 922 delectationibus
1088 899 1210 927 prohibitis
1233 902 1268 922 est

700 940 803 968 laqueus,
826 945 951 967 venenum,
974 940 1068 961 aculeus
1090 939 1170 961 mortis
1189 939 1232 961 465
1251 939 1266 961 1)

699 992 729 995 -
746 979 830 1005 omnis,
847 985 907 1007 quae.
924 980 959 1000 est
976 981 1054 1000 contra
1072 979 1146 1006 legem
1166 979 1215 1006 Dei,
1232 982 1266 1001 est

700 1019 766 1046 plena
785 1024 875 1040 veneno
893 1018 938 1039 210
956 1023 968 1039 3
988 1030 1015 1033 —
1034 1018 1129 1045 Propter
1147 1024 1215 1039 unam
1229 1018 1266 1040 de-

699 1058 843 1080 lectationem
862 1056 963 1085 perdidit
981 1057 1050 1078 homo
1072 1063 1172 1084 regnum
1195 1057 1266 1079 caelo-

699 1103 750 1119 sum
771 1096 810 1118 481
833 1102 845 1118 3

746 1148 778 1152 -
794 1136 917 1163 Respicere
934 1141 1016 1157 verum
1042 1135 1118 1158 Solem
1142 1138 1175 1158 est
1198 1135 1267 1158 valde

700 1174 837 1198 delectabile
854 1175 899 1197 524
916 1181 929 1197 3
948 1187 976 1191 ——
989 1181 1104 1202 supernae
1117 1176 1218 1202 perfecte
1230 1175 1267 1197 de·

700 1215 782 1237 iectant
801 1215 844 1236 408
862 1220 875 1236 a

749 1255 851 1276 bencus
867 1266 898 1270 —
916 1259 958 1281 pro
972 1254 1049 1275 multis
1060 1256 1111 1275 sunt
1123 1259 1192 1275 causa
1205 1253 1267 1276 dam-

701 1294 798 1315 nationis
815 1294 860 1315 365
873 1300 893 1321 a,
906 1292 920 1315 b
933 1306 962 1309 —
976 1293 1105 1315 mundiales
1117 1299 1158 1315 nos
1170 1293 1268 1315 alienant

701 1332 730 1355 ab
743 1333 881 1361 inquirendo
894 1338 991 1360 regnum
1007 1332 1045 1354 Dei
1059 1332 1103 1354 ¹i94
1116 1338 1128 1354 a
1143 1344 1170 1348 -—
1182 1333 1267 1354 Amans

701 1372 795 1394 delicias
812 1378 931 1400 nunquam
950 1372 1075 1394 detestatur
1092 1372 1204 1393 luxuriam
1226 1372 1267 1393 162

701 1417 713 1433 3
733 1424 761 1426 -
779 1411 823 1439 Qui
840 1414 918 1433 amant
934 1411 1027 1433 delicias
1039 1411 1142 1432 carnales
1154 1411 1177 1432 in
1190 1412 1267 1433 futuro

701 1451 805 1472 amittent
827 1450 957 1477 spirituales
979 1453 1001 1472 et
1023 1453 1127 1472 aeternas
1145 1450 1190 1472 365
1207 1456 1218 1471 a
1237 1462 1268 1466 —

701 1490 831 1517 spirituales
848 1493 870 1511 et
887 1489 989 1511 carnales
1006 1488 1049 1511 sibi
1067 1492 1197 1517 repugnant
1208 1489 1267 1511 sicut

702 1529 762 1557 ignis
779 1532 801 1551 et
818 1535 877 1557 aqua
897 1528 942 1551 675
960 1535 971 1550 a

749 1569 921 1590 DEMONSTRATto
937 1580 968 1584 -
991 1568 1025 1589 iila
1049 1569 1148 1589 maxime
1173 1568 1268 1590 demon-

702 1610 809 1635 stramus,
837 1613 897 1636 quae
925 1607 946 1629 in
974 1607 1127 1629 admiratione
1155 1606 1268 1629 habemus

702 1647 747 1669 549
765 1646 779 1668 b

750 1686 862 1708 Denitmus
873 1698 903 1702 —
915 1686 974 1714 Quot
984 1686 1092 1708 denarios
1102 1685 1187 1708 hahent
1196 1686 1267 1712 avari,

702 1727 734 1747 tot
750 1724 835 1747 habent
852 1725 911 1747 idola
930 1725 970 1746 211
992 1724 1008 1746 b

749 1765 809 1786 Dens
826 1777 854 1780 -
871 1764 978 1792 putridus
989 1764 1116 1792 corrumpit
1129 1764 1185 1786 aiios
1197 1764 1242 1786 542
1255 1770 1267 1786 3

748 1804 869 1826 Descstio
886 1815 917 1819 ——
934 1803 1051 1825 Debemus
1068 1803 1209 1825 descendere
1227 1810 1267 1831 per

701 1843 884 1871 recognitionem
902 1843 1012 1871 propriae
1029 1843 1155 1871 iniquitatis
1172 1846 1193 1864 et
1210 1843 1268 1865 revi-

701 1883 789 1905 sionem
809 1882 936 1911 fragilitatis
953 1882 998 1904 319
1017 1882 1031 1903 b

753 1922 873 1944 Desen'run
891 1933 922 1938 —
938 1924 972 1943 est
989 1921 1053 1943 locus
1065 1921 1123 1948 vilis,
1136 1921 1226 1948 sterilis,
1238 1921 1268 1943 in-

702 1960 833 1983 habitabilis
857 1963 879 1983 et
904 1961 972 1983 nullis
996 1964 1065 1988 aptus
1089 1961 1175 1982 solatiis
1193 1961 1237 1982 546
1255 1967 1267 1982 a

702 2013 732 2017 —
749 2000 865 2028 significat
886 2000 982 2022 mortale
1005 2002 1125 2027 peccatum
1145 2000 1189 2022 609
1208 2006 1220 2021 a
1238 2013 1268 2016 —-

702 2042 798 2068 propter
823 2039 935 2067 triplicem
961 2039 1125 2067 proprietatem
1149 2043 1183 2061 est
1205 2040 1269 2062 locus

702 2081 770 2107 aptus
787 2079 816 2100 ad
834 2078 988 2101 resistendum
1007 2078 1123 2101 tentationi
1142 2079 1187 2101 205
1204 2078 1219 2100 b
1238 2091 1267 2094 —-

702 2118 832 2140 Mansiones
849 2118 933 2140 deserti
950 2117 1081 2145 significant
1101 2117 1221 2140 transitum
1240 2118 1269 2140 de

702 2157 769 2180 bonis
786 2157 814 2179 ad
834 2157 928 2179 meliora
947 2156 975 2178 42
993 2163 1004 2178 3
1022 2168 1054 2173 ·—
1070 2157 1177 2184 designat
1192 2157 1269 2184 poeni-

703 2197 795 2219 tentiam
815 2196 860 2218 534
878 2196 892 2218 b

751 2236 885 2258 DEStDERtun
898 2247 928 2251 —
941 2235 989 2257 unit
1000 2235 1119 2257 materiam
1131 2242 1184 2257 cum
1196 2237 1268 2258 forma

705 2275 748 2297 467
766 2281 779 2297 a
796 2287 826 2291 —
843 2275 917 2297 Omne
929 2274 1082 2297 desiderabile
1094 2275 1270 2302 comprehendi-

704 2317 740 2336 tur
757 2314 779 2336 in
801 2316 901 2342 quatuor
915 2313 960 2335 487
977 2320 998 2340 a,
1016 2313 1030 2335 b
1047 2326 1078 2330 —
1095 2320 1164 2336 omne
1186 2317 1220 2336 est
1239 2314 1268 2336 ad

704 2353 791 2376 bonnm
810 2353 949 2381 pretiosum,
972 2353 1117 2381 speciosum,
1135 2352 1269 2375 honorabile

703 2395 743 2415 aut
767 2392 937 2415 interminabile
962 2391 1016 2415 ibid.
1045 2405 1071 2407 —
1101 2392 1155 2414 Tria
1183 2392 1270 2414 faciunt

704 2432 832 2461 quamlibet
849 2438 897 2454 rem
916 2431 1101 2458 desiderabilem,
1118 2431 1203 2453 scilicet
1221 2437 1270 2459 spe-

704 2472 796 2494 ciositas
821 2472 843 2493 in
867 2474 976 2499 aspectu,
996 2471 1080 2493 utilitas
1105 2471 1127 2492 in
1149 2471 1230 2493 effectu
1248 2473 1270 2492 et

704 2511 841 2533 deliciositas
859 2511 882 2532 in
900 2514 968 2538 gustu
988 2511 1017 2532 28
1035 2510 1050 2532 1)
1062 2522 1092 2526 —-
1105 2510 1270 2532 Desideramus

703 2551 766 2579 quod
785 2554 946 2578 exspectamus
964 2550 992 2572 46
1011 2549 1026 2571 1)

752 2603 780 2605 -
798 2590 820 2611 16
838 2590 1008 2617 complemento
1026 2589 1133 2611 desiderii
1155 2591 1189 2610 est
1211 2588 1270 2610 dele·

703 2630 771 2651 ctatio
789 2629 833 2651 468
851 2635 863 2651 3
886 2641 915 2644 -
937 2631 1015 2651 nostra
1039 2628 1194 2650 transferenda
1217 2630 1271 2649 sunt

705 2669 726 2690 in
743 2668 901 2690 aeternitatem
921 2668 960 2690 321
984 2667 998 2689 b
1017 2680 1047 2683 —
1063 2667 1133 2690 debet
1155 2673 1205 2689 esse
1228 2672 1269 2694 per

704 2713 823 2730 excessum
845 2707 1001 2729 inflammatae
1019 2707 1146 2729 dilectionis
1163 2707 1191 2728 29
1210 2712 1222 2728 a
1239 2718 1270 2722 —

704 2746 819 2769 Ceisitudo
844 2746 952 2768 desiderii
978 2746 1081 2768 consistit
1106 2746 1128 2767 in
1151 2745 1270 2768 luminosis

703 2785 845 2808 contuitibus
862 2788 884 2807 et
905 2785 1018 2807 amorosis
1041 2784 1174 2807 excessibus
1193 2784 1236 2806 490
1255 2784 1270 2806 b

703 2837 733 2841 —
751 2824 832 2846 Anima
858 2823 928 2846 debet
949 2823 1008 2845 affici
1033 2826 1123 2851 septem
1148 2823 1269 2846 desideriis

705 2864 749 2886 162
768 2863 782 2885 b

751 2915 782 2919 -
793 2902 812 2924 si
825 2901 963 2930 perficiatur,
975 2902 1073 2924 delectat
1084 2901 1186 2923 animam
1199 2901 1244 2923 602
1256 2907 1268 2922 a

706 2954 734 2957 —
752 2941 921 2970 Quodcumque
939 2941 960 2962 in
977 2939 1047 2962 rebus
1065 2940 1200 2962 transitoriis
1212 2939 1270 2962 desi-

704 2981 798 3003 deratur
820 2986 867 3002 non
889 2980 955 3002 satiat
985 2980 1025 3001 139
1044 2979 1059 3001 b
1075 2991 1106 2995 —
1123 2979 1190 3001 Solus
1208 2979 1269 3001 Deus

705 3020 776 3048 replet
794 3019 934 3042 desiderium
952 3021 1057 3041 nostrum
1075 3017 1130 3041 ibid.

1808 238 1859 264 1117

1556 275 1608 297 biiii

1346 313 1479 335 1)1-ῐ51»1-;1111’11(1
1497 325 1527 329 —
1543 317 1650 335 causatur
1663 321 1703 341 per
1716 315 1862 341 pusillanimi·

1298 353 1366 373 tatum
1386 352 1474 373 timoris
1491 354 1514 374 et
1530 353 1670 374 dilllticntiae
1684 354 1728 374 232
1742 353 1756 375 b
1769 366 1796 369 —u
1811 355 1860 375 l'ro·

1297 390 1391 412 clivium
1410 391 1497 418 pcccati
1515 392 1566 413 facit
1584 392 1724 413 tlescctttlcre
1737 393 1758 414 in
1773 394 1862 419 profun-

1297 429 1353 451 ‹lutn
1372 430 1538 457 desperationis
1555 431 1595 451 711
1614 430 1628 452 b
1641 443 1671 447 —
1683 431 1729 452 11116
1743 435 1861 458 [1666311111]

1298 471 1331 490 est
1354 469 1472 490 inventum
1496 475 1507 490 a
1530 469 1623 491 diabolo
1641 469 1684 491 4211
1703 477 1714 491 a
1733 483 1762 486 —
1782 471 1863 498 Despe-

1298 510 1374 529 rantes
1392 513 1436 529 non
1455 508 1558 536 credunt,
1575 514 1599 529 se
1617 515 1684 535 posse
1702 509 1810 537 consequi
1825 515 1863 531 rc<

1299 546 1359 568 niam
1377 545 1431 568 ibid.
1448 559 1479 563 —
1496 547 1583 568 llorum
1603 549 1699 569 fructum
1724 549 1863 575 operationis·

1298 588 1320 607 et
1338 585 1423 607 laboris
1440 586 1501 607 Deus
1514 586 1589 613 perdit
1601 585 1653 608 ibid.
1666 599 1696 602 —-
1709 588 1810 609 aufertur
1824 594 1864 614 per

1299 625 1504 647 considerationem
1518 625 1611 647 divinae
1623 625 1770 653 benignitatis
1783 630 1804 648 ct
1813 633 1863 649 eon-

1299 664 1417 686 fidentiam
1436 665 1480 686 233
1499 670 1511 686 a

1347 704 1473 725 DttTnACTto
1499 716 1529 720 —
1555 704 1606 725 facit
1633 704 1755 726 6616611616
1783 711 1864 727 carnes

1300 743 1457 770 proximorum
1482 743 1526 764 677
1544 750 1556 765 3
1574 756 1603 759 -
1623 744 1745 765 Detrahere
1768 748 1802 766 est
1825 744 1863 766 ite-

1299 788 1350 803 rare
1376 782 1456 809 pingas
1480 781 1561 805 Christi
1588 789 1629 810 per
1647 785 1766 810 peccatum
1786 783 1830 805 555
1850 783 1864 805 b

1299 833 1329 837 —
1348 821 1396 843 Non
1418 824 1505 843 tantum
1532 824 1566 843 cst
1590 821 1751 844 abominabilis
1777 822 1863 844 1101111111

1301 861 1425 888 fornicatio,
1447 863 1559 889 quantum
1584 861 1630 883 Deo
1653 861 1762 883 detractio
1785 861 1830 883 655
1850 861 1864 883 b

1300 912 1331 916 —
1347 899 1463 928 aliquibus
1481 906 1547 922 versa
1565 903 1599 922 est
1617 900 1639 922 in
1663 904 1768 922 naturam
1787 901 1831 922 436
1850 900 1864 922 11

1349 939 1483 961 [1616116106
1502 952 1531 955 -
1548 940 1624 961 omnia
1649 940 1732 962 iudicat
1755 943 1777 962 et
1799 946 1810 962 a
1829 946 1865 962 ne·

1301 979 1362 1000 mine
1379 979 1427 1000 vult
1443 978 1540 1000 iudicari
1558 979 1601 1000 368
1620 978 1634 1000 b
1651 991 1682 995 —
1699 979 1812 1007 crucifigit
1824 980 1864 1001 113-

1301 1020 1359 1039 trem
1377 1018 1463 1039 iudicio
1482 1018 1536 1040 falso
1555 1018 1575 1040 in
1594 1019 1664 1040 corde
1681 1021 1703 1040 et
1721 1024 1830 1046 perverso
1843 1019 1863 1040 in

1300 1063 1339 1078 ore
1351 1056 1405 1079 ibid.
1418 1069 1448 1072 —-
1459 1057 1533 1079 sciunt
1546 1057 1689 1079 abscondere
1701 1058 1795 1086 laqueos
1808 1059 1866 1079 frau-

1300 1096 1414 1118 dulentiae
1439 1099 1461 1118 et
1486 1096 1532 1118 doli
1550 1095 1593 1118 436
1613 1096 1627 1118 b
1644 1109 1674 1112 —
1691 1097 1747 1118 aiios
1773 1097 1866 1124 capiunt

1301 1141 1342 1163 per
1360 1136 1434 1157 famae
1451 1135 1642 1163 denigrationem,
1659 1141 1771 1163 personae
1788 1136 1865 1157 laesio-

1300 1180 1361 1201 nem,
1379 1180 1456 1196 rerum
1478 1175 1690 1197 damnificationem
1709 1174 1763 1197 ibid.
1780 1187 1810 1191 —-
1828 1176 1866 1197 Eo·

1301 1220 1352 1235 rum
1373 1214 1450 1241 lingua
1474 1214 1557 1236 dicitur
1579 1213 1726 1236 indomabilis
1744 1214 1787 1235 686
1806 1221 1816 1236 a
1836 1226 1866 1230 —-

1302 1253 1370 1275 hodie
1387 1256 1439 1275 sunt
1457 1253 1479 1274 in
1498 1253 1595 1275 amicitia
1615 1256 1748 1281 magnatum
1767 1253 1811 1275 436
1830 1253 1844 1275 b

1349 1292 1408 1314 Deus
1425 1305 1454 1308 —
1472 1295 1513 1319 est,
1531 1298 1578 1320 quo
1595 1293 1651 1314 1111111
1675 1293 1749 1314 mains
1771 1293 1866 1320 cogitari

1301 1334 1377 1359 potest
1394 1331 1439 1353 262
1457 1337 1478 1358 3,
1496 1330 1510 1352 b
1529 1344 1557 1346 —
1575 1332 1639 1359 Quae
1656 1332 1684 1353 de
1697 1332 1744 1353 Deo
1756 1332 1863 1354 dicuntur

1301 1376 1394 1398 semper
1411 1374 1464 1392 sunt
1482 1376 1565 1398 magna
1585 1371 1629 1392 467
1648 1370 1662 1393 b
1681 1383 1707 1386 —
1722 1374 1756 1393 est
1768 1377 1866 1398 magnus

1301 1413 1323 1432 et
1350 1410 1452 1432 excelsus
1481 1416 1520 1437 per
1549 1410 1726 1432 immensitatem
1756 1411 1866 1432 essentiae

1302 1449 1346 1470 223
1365 1455 1377 1470 a
1394 1462 1424 1465 —
1443 1455 1497 1471 vere
1519 1449 1580 1471 solus
1602 1453 1636 1471 est
1658 1450 1687 1471 73
1705 1456 1725 1471 3.
1744 1449 1783 1471 531
1807 1456 1817 1471 a
1836 1462 1866 1465 —

1302 1494 1347 1510 non
1366 1488 1434 1510 habet
1451 1488 1480 1511 de
1502 1488 1602 1511 vanitate
1626 1495 1739 1511 annexum
1758 1489 1787 1510 73
1806 1496 1817 1510 a
1837 1501 1865 1504 —-

1301 1530 1335 1549 est
1352 1534 1443 1549 summe
1460 1534 1501 1550 ens
1518 1530 1540 1550 et
1556 1528 1691 1550 indeficiens
1703 1528 1747 1549 273
1761 1534 1780 1550 a.
1794 1528 1834 1550 4ii
1852 1527 1866 1549 b

1301 1579 1330 1582 —
1347 1567 1410 1589 solus
1431 1570 1465 1589 est
1486 1573 1526 1589 ens
1549 1567 1683 1594 simpliciter
1699 1567 1866 1594 sempiternum

1301 1609 1323 1628 et
1339 1606 1443 1634 quietum
1461 1607 1501 1628 271
1519 1606 1533 1628 b
1545 1619 1575 1622 —-
1587 1609 1621 1628 est
1633 1609 1696 1628 actus
1709 1612 1781 1634 purus
1794 1606 1837 1628 503
1851 1605 1866 1627 1)

1349 1657 1378 1661 -
1396 1651 1440 1667 non
1458 1645 1576 1673 dependet
1597 1645 1627 1667 ab
1649 1646 1726 1674 aliquo
1743 1646 1788 1667 618
1806 1652 1819 1667 a
1836 1658 1866 1662 —

1301 1688 1335 1707 est
1351 1685 1461 1707 Trinitate
1483 1690 1632 1712 personarum
1656 1686 1771 1712 perfectus
1789 1684 1832 1707 448
1852 1684 1866 1706 b

1302 1737 1331 1740 —
1349 1730 1402 1746 vera
1421 1724 1531 1746 relatione
1548 1730 1595 1745 non
1612 1725 1710 1746 refertur
1728 1724 1755 1746 ad
1779 1724 1866 1752 aliquid

1301 1766 1362 1785 extra
1381 1763 1425 1785 618
1445 1763 1459 1785 b

1349 1814 1379 1818 —
1389 1802 1484 1824 Stultitia
1497 1806 1531 1824 est
1543 1802 1678 1824 ludaeorum
1692 1802 1776 1829 dicere,
1789 1803 1865 1830 ipsum

1301 1841 1388 1864 habere
1400 1847 1485 1869 corpus
1498 1842 1522 1863 61
1533 1842 1537 1863 1
1555 1847 1567 1863 a
1580 1854 1610 1857 —
1622 1848 1667 1863 non
1679 1841 1748 1863 habet
1761 1841 1864 1863 membra

1302 1881 1346 1903 470
1359 1887 1371 1903 a
1386 1894 1413 1896 —
1426 1880 1495 1903 habet
1512 1881 1607 1908 vestigia
1626 1880 1680 1903 ibid.
1694 1893 1723 1896 μ
1736 1887 1779 1902 non
1798 1880 1867 1903 habet

1302 1926 1387 1948 corpus
1404 1920 1447 1942 nisi
1459 1920 1482 1942 in
1494 1926 1592 1948 persona
1607 1920 1674 1942 Verbi
1692 1920 1801 1942 incarnati
1814 1919 1867 1942 ibid.

1301 1972 1332 1976 —
1349 1960 1425 1988 Quare
1441 1959 1586 1982 describatur
1599 1965 1639 1987 per
1655 1959 1742 1987 figuras
1755 1958 1867 1981 membro-

1302 2005 1354 2021 rum
1372 2000 1527 2021 humanorum
1545 1997 1599 2021 ibid.
1618 2011 1647 2014 *
1664 1998 1742 2020 Facies
1765 1998 1813 2020 eius
1835 2002 1868 2021 est

1302 2039 1433 2066 pulcritudo
1449 2038 1575 2066 sapientiae
1592 2038 1637 2060 616
1655 2044 1666 2059 a
1685 2050 1715 2054 —
1732 2038 1811 2060 iilanus
1828 2038 1868 2060 Dei

1302 2078 1390 2100 ratione
1407 2078 1547 2105 operationis
1564 2077 1700 2099 naturalium
1720 2083 1796 2099 rerum
1815 2077 1869 2099 dici-

1303 2120 1339 2139 tur
1356 2117 1431 2144 Filius,
1449 2117 1536 2139 ratione
1548 2116 1699 2139 distinctionis
1711 2116 1868 2144 articulorum,

1303 2157 1401 2184 Spiritus
1418 2159 1511 2178 sanctus
1528 2156 1573 2178 590
1592 2162 1603 2177 a

1350 2208 1381 2211 —
1398 2196 1420 2217 in
1438 2196 1480 2217 hac
1497 2195 1542 2217 vita
1561 2195 1634 2216 videri
1650 2194 1841 2221 116111101651105
1854 2194 1867 2216 11

1302 2247 1333 2251 ·—
1350 2235 1493 2257 immensitas
1510 2234 1600 2256 virtutis
1617 2234 1666 2256 eius
1684 2234 1759 2261 magis
1776 2236 1810 2256 est
1826 2235 1868 2255 for-

1303 2273 1419 2295 midabilis
1431 2277 1453 2296 et
1465 2273 1606 2295 admirabilis
1616 2280 1685 2302 quam
1696 2272 1868 2300 perscrutabitis

1303 2315 1325 2334 et
1341 2312 1558 2340 comprehensibilis
1580 2313 1623 2334 653
1642 2318 1654 2334 a
1679 2324 1709 2328 —
1730 2312 1803 2339 Ipsius
1824 2318 1867 2333 non

1303 2358 1428 2379 possumus
1437 2352 1637 2379 comprehendere
1646 2352 1724 2374 sedem
1733 2368 1737 2377 ,
1749 2351 1868 2378 percipere

1303 2391 1438 2418 sapientiam
1462 2397 1504 2413 nec
1527 2391 1639 2413 sustinere
1662 2391 1768 2413 ardorem
1793 2390 1832 2411 611
1855 2396 1867 2411 a

1302 2442 1334 2447 —-
1352 2431 1414 2452 Mens
1430 2437 1476 2452 non
1488 2430 1572 2452 sufficit
1584 2431 1656 2452 Deum
1670 2429 1868 2456 comprehendere

1304 2476 1345 2492 nec
1363 2470 1471 2492 admirari
1490 2470 1534 2492 653
1554 2476 1566 2491 a
1583 2482 1613 2485 —
1632 2469 1702 2491 Nemo
1715 2471 1789 2496 potest
1801 2468 1868 2495 expli-

1304 2515 1357 2531 care
1374 2509 1544 2531 multitudinem
1558 2508 1719 2530 luminositatis
1731 2510 1752 2529 et
1764 2507 1868 2529 radiatio-

1304 2554 1359 2570 num
1377 2548 1539 2576 refulgentium
1557 2554 1568 2569 a
1582 2547 1693 2575 sapientia
1707 2547 1785 2569 divina
1798 2547 1821 2567 61
1834 2546 1838 2567 1
1855 2552 1867 2567 a

1305 2601 1333 2604 —
1351 2587 1431 2610 Anima
1449 2587 1564 2609 rationalis
1581 2587 1689 2608 amiserat
1712 2586 1867 2613 cognitionem

1303 2627 1406 2649 divinam
1424 2630 1447 2648 et
1463 2627 1515 2649 ideo
1540 2626 1609 2648 debet
1631 2632 1681 2647 eam
1708 2630 1820 2653 quaerere
1837 2624 1868 2646 hi-

1304 2666 1399 2693 storice,
1411 2666 1540 2693 allegorice,
1554 2665 1694 2693 tropologice
1707 2667 1728 2686 et
1740 2663 1867 2691 anagogice

1305 2706 1349 2728 159
1368 2705 1382 2727 b

1350 2757 1381 2760 —
1399 2745 1420 2766 ln
1439 2744 1516 2766 divina
1530 2741 1801 2770 incomprehensibilitate
1813 2748 1867 2763 ocu—

1304 2783 1339 2805 lus
1356 2786 1443 2805 tantum
1456 2789 1498 2810 per
1510 2785 1653 2804 momentum
1673 2781 1712 2808 figi
1730 2784 1804 2808 potest
1822 2781 1866 2802 286

1304 2822 1319 2844 b
1337 2835 1364 2838 —-
1384 2822 1417 2844 De
1433 2822 1480 2844 Deo
1503 2821 1619 2850 loquimur
1642 2820 1766 2849 aliquando
1789 2826 1868 2842 sccun-

1304 2862 1359 2883 dum
1372 2861 1587 2887 transsumtionem‚
1599 2860 1723 2888 aliquando
1739 2859 1867 2881 secundum

1303 2900 1520 2928 superpositionem,
1534 2899 1657 2927 aliquando
1675 2899 1802 2921 secundum
1815 2904 1869 2920 cau-

1303 2939 1414 2962 salitatem
1432 2939 1476 2960 618
1490 2938 1505 2960 b
1521 2950 1552 2954 —
1567 2938 1660 2960 videtur
1672 2938 1694 2959 in
1706 2940 1818 2965 creatura,
1830 2944 1867 2959 na-

1303 2982 1352 3000 tura
1370 2980 1483 3004 assumta,
1501 2977 1637 2999 conscientia
1656 2980 1678 2999 et
1696 2977 1717 2998 in
1734 2983 1776 2999 sua
1793 2983 1868 2999 essen-

1302 3018 1332 3039 tia
1353 3017 1394 3039 104
1413 3017 1434 3039 b.
1454 3017 1498 3038 105Ι
1515 3023 1536 3045 a,
1553 3016 1568 3039 b
1584 3029 1615 3033 —
1633 3022 1644 3038 a
1662 3016 1748 3045 quibus
1762 3016 1868 3038 videatur
